2084 3317
342 116 425 154 114
741 115 790 155 B.
824 114 1101 155 CYRILLI
1141 112 1519 154 ALEXANDR.
1752 107 1777 148 i.
1797 121 1837 162 9,
1859 117 1922 146 10.

117 237 169 272 77
187 236 238 270 A.
300 246 321 270 a
342 222 462 274 κατά
495 245 549 289 γε
583 221 636 274 τὸ
667 224 716 274 ἐν
741 226 808 293 τῷ
842 222 975 292 λόγῳ
1009 225 1175 290 σχῆμα
1201 223 1278 273 καὶ
1303 224 1386 285 τῆς
1412 223 1474 274 ὡς
1498 220 1618 285 ἡμᾶς
1645 217 1923 279 ἀποστολῆς

338 305 424 369 τὴν
450 305 676 373 ἔμφασιν.
732 303 851 370 πρὸς
878 303 935 368 δὴ
961 303 1020 354 τὰ
1046 302 1238 354 τοιαῦτά
1267 306 1435 371 φαμεν,
1463 301 1534 353 ὅτι
1566 304 1632 370 τῷ
1659 303 1927 363 Μονογενεῖ

338 386 590 453 θεοπρεπὲς
615 386 802 454 ἀξίωμα
823 386 1070 451 περιτιθεὶς
1097 386 1121 435 ὁ
1149 384 1386 450 θεολόγος,
1409 385 1458 434 ἐν
1483 387 1549 452 τῷ
1575 380 1742 449 κόσμῳ
1769 382 1921 447 φησὶν

336 469 404 518 ἀεὶ
439 470 516 519 καὶ
550 467 626 518 διὰ
651 467 829 521 παντὸς
855 466 1080 533 ὑπάρχειν
1107 465 1261 528 αὐτὸν,
1289 468 1351 519 ὡς
1377 463 1497 530 ζωὴν
1523 462 1643 514 κατὰ
1669 463 1833 532 φύσιν,
1858 463 1920 515 ὡς

337 553 440 617 φῶς
474 551 572 600 κατ’
607 549 788 611 οὐσίαν,
813 553 1090 614 πληροῦντα
1126 547 1212 611 τὴν
1242 548 1411 610 κτίσιν,
1438 548 1500 600 ὡς
1536 544 1675 607 Θεὸν,
1701 544 1754 594 οὐ
1788 541 1918 612 τόπῳ

333 629 669 696 περιγραπτὸν,
704 631 757 679 οὐ
796 628 1090 693 διαστήμασι
1127 629 1370 695 μετρητὸν,
1406 629 1460 679 οὐ
1497 625 1732 690 ποσότητι
1769 647 1913 675 κατα-

334 711 538 777 ληπτὸν,
569 712 673 763 οὐδὲ
708 710 797 763 ὑπό
827 734 952 765 τινος
984 711 1108 764 ὅλως
1139 709 1539 778 ἐμπεριεχόμενον,
1565 706 1670 759 οὐδὲ
1701 705 1912 770 μεταβά-

288 802 457 847 boscos
495 797 578 858 τῆς
618 798 681 847 εἷς
721 792 868 845 τόπον
903 794 952 843 ἐκ
991 791 1140 844 τόπου
1178 791 1410 856 δεόμενον,
1444 792 1555 841 ἀλλ’
1590 791 1801 854 ἐνδημεῖν
1831 787 1918 852 μὲν

333 875 527 938 ἅπασιν,
564 874 984 939 ἀπολιμπάνεσθαι
1022 874 1070 926 δὲ
1108 874 1317 939 μηδενός·
1372 872 1651 938 ἐληλυθέναι
1689 870 1736 921 δὲ
1775 869 1917 921 αὐτὸν

333 957 370 1008 ἐν
399 959 555 1028 κόσμῳ
590 957 935 1025 διισχυρίσατο,
963 957 1110 1008 καίτοι
1145 955 1311 1022 παρὼν
1336 958 1384 1006 ἐν
1409 956 1549 1024 αὐτῷ,
1576 952 1696 1004 κατὰ
1719 951 1803 1004 τὸν
1833 956 1916 1016 τῆς

108 1045 183 1115 Βξῑῑ-
202 1045 246 1076 ffi-
330 1039 729 1105 ε’νανθρωπήσεως
756 1039 947 1106 τρόπον.
1008 1046 1035 1068 “
1054 1036 1224 1107 ἸΩφθη
1248 1037 1341 1104 γὰρ
1370 1039 1444 1088 ἐπὶ
1475 1039 1557 1100 τῆς
1590 1038 1677 1101 γῆς
1711 1037 1787 1086 καὶ
1820 1040 1916 1089 τοῖς

107 1098 159 1128 δὴ
330 1127 357 1149 “
383 1121 649 1187 ἀνθρώποις
698 1119 1104 1189 συνανεστράφη”
1149 1119 1268 1184 μετὰ
1318 1118 1511 1186 σαρκὸς,
1558 1116 1916 1186 ἐμφανεστέραν

327 1203 493 1254 ἑαυτοῦ
530 1201 617 1267 τὴν
655 1205 703 1253 ἐν
741 1203 907 1272 κόσμῳ
949 1203 1218 1269 παρουσίαν
1255 1201 1330 1252 διὰ
1373 1201 1541 1252 τούτου
1580 1201 1732 1261 τιθεὶς,
1772 1201 1848 1249 καὶ
1890 1200 1915 1250 ὁ

325 1284 477 1335 πάλαι
504 1285 666 1348 νοήσει
693 1284 1010 1348 καταληπτὸς,
1039 1286 1114 1335 καὶ
1141 1285 1297 1338 αὐτοῖς·
1323 1283 1411 1348 ἤδη
1443 1286 1540 1336 τοῖς
1572 1286 1655 1332 τοῦ
1692 1281 1915 1344 σώματος

326 1366 559 1431 ὁρώμενος
594 1367 878 1434 ὀφθαλμοῖς,
911 1366 1196 1433 παχυτέραν,
1229 1366 1304 1416 ἵνα
1343 1366 1489 1418 οὕτως
1527 1363 1654 1426 ε’ίπω,
1687 1365 1770 1427 τῆς
1805 1367 1908 1414 θεο-

324 1449 536 1513 γνωσιάς
562 1449 672 1512 ἡμῖν
698 1449 886 1499 ἐνετίθει
913 1446 999 1512 τὴν
1025 1447 1267 1512 αἴσθησιν,
1290 1445 1366 1498 διὰ
1391 1445 1642 1508 θαυμάτων
1663 1447 1738 1495 καὶ
1764 1468 1912 1510 μεγα-

285 1531 550 1597 ολουργιάς
599 1528 1039 1596 ἐπιγινωσκόμενος.
1119 1529 1511 1581 ἀποστέλλεσθαι
1568 1526 1616 1578 δὲ
1674 1529 1736 1580 ὡς
1793 1527 1914 1591 ἡμᾶς

325 1616 592 1679 φωτιοῦντα
625 1610 708 1663 τὸν
743 1610 926 1674 κόσμον
955 1611 1038 1662 τὸν
1070 1617 1153 1662 τοῦ
1187 1616 1312 1663 Θεοῦ
1339 1609 1513 1676 Λόγον,
1546 1611 1571 1660 ὃ
1609 1607 1821 1678 μελῳδὸς
1859 1609 1914 1659 οὐ

322 1695 432 1745 καθ’
473 1695 629 1760 ἕτερον
668 1693 723 1744 δέ
754 1717 859 1744 τινα
896 1692 1088 1760 τρόπον,
1128 1692 1191 1748 ὥς
1229 1717 1283 1760 γε
1322 1716 1400 1756 μοι
1441 1691 1667 1760 φαίνεται,
1706 1689 1825 1742 κατὰ
1863 1689 1912 1741 δὲ

321 1781 489 1826 τοῦτον
539 1775 681 1826 αὐτὸν
730 1780 1011 1841 παρακαλεῖ.
1092 1778 1260 1843 χρῆναι
1311 1774 1360 1826 δὲ
1409 1773 1536 1839 οἶμαι
1586 1771 1704 1840 πρός
1759 1772 1910 1843 τούτῳ

321 1859 505 1908 κάκεῖνο
540 1859 887 1921 διενθυμεῖσθαι
926 1857 1009 1907 τὸν
1039 1860 1301 1924 φιλομαθῆ,
1329 1857 1399 1908 ὅτι
1434 1854 1610 1910 παντὸς
1643 1854 1730 1919 μὲν
1760 1855 1910 1920 λόγου

320 1940 584 2006 τομώτερος
612 1945 731 2001 νοῦς,
759 1939 959 2007 ὀξυτέρα
985 1938 1034 1990 δὲ
1059 1941 1279 2005 γλώττης
1302 1942 1384 2003 τῆς
1410 1939 1612 1991 διανοίας
1645 1938 1673 2002 ἡ
1709 1938 1905 2002 κίνησις.

321 2023 488 2073 οὐκοῦν
513 2022 631 2072 ὅσον
656 2021 765 2086 ἧκεν
790 2025 853 2074 εἷς
888 2019 1158 2085 λεπτότητα
1192 2026 1273 2071 νοῦ
1308 2023 1384 2071 καὶ
1417 2018 1503 2084 τὴν
1529 2020 1685 2089 ὀξεῖαν
1710 2022 1758 2070 ἐν
1784 2021 1910 2089 αὐτῷ

320 2105 519 2168 κίνησιν,
546 2102 600 2154 τὸ
626 2103 846 2154 ποικίλον
871 2105 955 2166 τῆς
981 2102 1106 2156 θείας
1132 2103 1322 2171 φύσεως
1349 2103 1682 2166 καταθεώμεθα
1708 2101 1903 2156 κάλλος·

274 2190 561 2248 ἀλαλοῦμεν
600 2183 648 2234 δὲ
686 2183 745 2235 τὰ
781 2186 887 2250 περὶ
926 2185 1068 2248 αὐτῆς
1107 2184 1510 2251 ἀνθρωπινότερον
1550 2189 1626 2235 καὶ
1664 2184 1800 2254 λόγῳ
1839 2189 1906 2254 τῷ

319 2267 426 2317 καθ’
456 2266 590 2330 ἡμᾶς,
617 2266 700 2316 οὐκ
726 2265 929 2333 ἐχούσης
954 2269 1036 2329 τῆς
1073 2267 1290 2332 γλώττης
1327 2266 1445 2332 πρὸς
1481 2265 1534 2316 τὸ
1568 2269 1651 2330 τῆς
1685 2265 1907 2329 ἀληθείας

318 2348 603 2398 ἐκτείνεσθαι
640 2347 826 2413 με’τρον.
884 2347 954 2397 διὸ
994 2347 1050 2411 δὴ
1090 2352 1163 2399 καὶ
1204 2350 1228 2399 ὁ
1262 2353 1459 2402 Παῦλος
1499 2349 1523 2398 ὁ
1561 2352 1656 2398 τῶν
1687 2353 1770 2398 τοῦ
1803 2352 1906 2400 Σω-

93 2437 242 2479 Eph.vi.
317 2432 456 2494 τῆρος
489 2429 763 2496 μυστηρίων
789 2429 972 2491 ταμίας,
1003 2428 1152 2495 λόγον
1178 2430 1343 2497 ἀπῄτει
1376 2429 1506 2496 παρὰ
1539 2433 1664 2480 Θεοῦ
1699 2428 1782 2480 τὸν
1808 2437 1835 2459 “
1856 2432 1905 2481 ἐν

95 2490 108 2511 Ῐ
139 2505 145 2511 .

114 2492 133 2522 9
319 2517 345 2540 ‘⁶
370 2510 545 2580 ἀνοίξει
582 2516 666 2562 τοῦ
704 2508 978 2574 στόματος”
1007 2512 1164 2562 αὐτοῦ.
1221 2511 1353 2561 οὐδὲν
1386 2512 1467 2562 οὖν
1502 2511 1593 2578 ἄρα
1631 2517 1906 2576 λυμανεῖται

366 2690 395 2712 Ι.
415 2677 566 2723 σχήματι
585 2677 628 2712 Β.
693 2677 891 2721 ἀποστολῆς
907 2688 978 2711 om.
1000 2677 1041 2712 B.
1126 2689 1158 2722 9.
1177 2678 1278 2712 αὐτὸν
1298 2678 1384 2712 Β.Ε.
1403 2679 1521 2713 ἑαυτὸν
1540 2678 1606 2713 Ed.
1695 2691 1748 2714 10.
1766 2679 1900 2726 παρὼν]

318 2729 355 2765 -Ι-
377 2727 395 2758 ὁ
413 2725 528 2769 σωτὴρ
546 2725 588 2759 Ε.
735 2735 788 2758 ΙΙ.
815 2723 1114 2769 ἐνανθρωπὴσεως]
1139 2729 1176 2764 -Ι-
1197 2726 1305 2759 αὐτῶν
1323 2726 1404 2769 (sic)
1424 2726 1466 2759 Β.
1614 2737 1667 2760 12.
1694 2726 1900 2773 ἀνθρώποις]

318 2775 355 2810 -ὶ-
376 2772 429 2804 καὶ
449 2771 490 2805 Β.
674 2779 727 2813 15.
753 2770 948 2814 ὀφθαλμοῖς
965 2772 1131 2814 ὁρώμενος
1147 2771 1286 2805 inverso
1304 2772 1425 2806 ordine
1446 2772 1486 2807 B.
1669 2773 1722 2807 16.
1749 2773 1840 2817 ἡμῶν
1859 2773 1902 2808 Β.

316 2827 370 2862 19.
389 2817 428 2851 δέ
443 2818 541 2861 prius
555 2823 779 2862 assumptum
796 2829 837 2851 ex
852 2817 895 2851 B.
947 2816 1073 2851 Statim
1090 2819 1216 2859 τρόπον
1232 2819 1305 2852 τινὰ
1323 2819 1461 2853 inverso
1479 2818 1600 2853 ordine
1616 2819 1658 2853 B.
1722 2830 1777 2854 20.
1793 2834 1902 2865 παρα-

312 2865 408 2897 καλεῖ
427 2864 468 2898 Β.
485 2865 669 2908 παρεκάλει
688 2863 756 2898 Ed.
859 2875 915 2906 24.
943 2864 1179 2907 καταθεώμεθα
1198 2864 1337 2900 Β.Ι).Ε.
1357 2866 1589 2911 κατεθεώμεθα
1607 2865 1674 2900 Ed.
1778 2876 1833 2909 25.
1859 2869 1900 2901 τὰ

311 2916 533 2955 assumptum
551 2922 592 2944 ex
614 2910 654 2944 Β.
800 2921 856 2955 27.
883 2912 901 2944 ὁ
918 2911 1016 2956 prius
1035 2922 1105 2945 0111.
1126 2911 1168 2947 B.

1939 557 1962 595 5

1940 972 1987 996 10

1934 1797 1981 1822 20
