2084 3317
123 185 333 238 v.16,17.
373 184 446 225 IN
489 184 531 225 S.
559 182 901 224 -JOANNEM
965 181 1090 222 LIB.
1124 181 1184 222 II.
1247 182 1380 222 CAP.
1405 182 1457 221 V.
1627 182 1710 221 313

118 294 191 344 ἐπὶ
218 298 312 346 τοῖς
338 292 555 360 ἐσχάτοις
583 293 861 343 ὑποκεῖσθαι
888 294 1108 358 γραφαῖς,
1126 289 1233 343 τοὺς
1260 290 1392 355 οἵπερ
1418 286 1476 339 ἂν
1501 288 1710 354 γένοιντο

117 376 324 442 χρηστοί
347 396 396 424 τε
423 376 499 424 καὶ
526 375 698 438 ἀγαθοὶ
724 375 827 439 περὶ
856 371 938 424 τὸν
963 372 1115 426 πέλας
1142 371 1262 423 κατὰ
1287 370 1341 422 τὸ
1366 370 1635 433 σάββατον.

183 455 288 507 Ἵνα
315 458 370 520 δὴ
397 455 545 507 πάλιν
573 460 819 521 θεωρῶμεν
840 453 1008 509 αὐτοὺς
1032 456 1085 505 οὐ
1111 454 1308 521 μετρίως
1334 453 1708 517 ἀνοηταίνοντας,

117 537 194 588 διά
233 561 283 590 τε
328 544 467 590 τοῦτο
508 540 694 592 δικαίως
739 538 921 589 ἀκούειν
960 538 1241 606 ὀφείλοντας
1283 542 1309 565 “
1332 539 1596 587 Πλανᾶσθε
1641 533 1749 598 μὴει
1787 550 1865 610 5212
1882 550 1934 584 A.

74 636 95 671 5
116 625 143 648 ‘⁶
169 619 338 674 εἰδότες
365 619 448 674 τὰς
475 620 706 688 γραφὰς,”
730 619 841 688 φέρε
870 618 926 683 δή
953 642 996 669 τι
1023 620 1099 669 καὶ
1123 621 1172 669 ἐκ
1197 622 1291 669 τῶν
1315 621 1448 685 ἱερῶν
1474 617 1706 678 λαβόντες
1770 599 1933 683 {ffiwzbglf

116 701 408 767 γραμμάτων
454 702 810 766 ἐπιδεικνύωμεν
854 702 1062 767 ἐναργῶς
1112 704 1186 752 καὶ
1230 699 1381 752 πάλαι
1426 700 1703 766 προαναζω-

115 785 447 851 γραφούμενον
473 787 535 838 ὡς
571 786 619 835 ἐν
644 783 776 853 τύπῳ
810 783 893 834 τὸν
919 784 1109 848 Ἰησοῦν
1135 786 1485 852 ἀδιαφοροῦντα
1515 783 1621 847 περὶ
1652 781 1706 832 τὸ

114 865 383 928 σάββατον.
451 868 617 917 οὐκοῦν
655 867 703 916 ἐν
741 865 866 935 γήρᾳ
911 869 1089 935 μακρῷ,
1129 864 1250 916 καθὰ
1296 866 1572 931 γέγραπται,
1613 868 1708 914 τῶν

115 950 420 1015 ἀνθρωπίνων
461 947 860 1012 ἀποδημήσαντος
903 952 986 997 τοῦ
1030 945 1290 1017 πανσόφου
1338 947 1587 999 Μωυσέως
1632 950 1708 996 καὶ

48 1056 94 1080 10
114 1035 176 1085 εἰς
219 1029 303 1084 τὰς
347 1031 444 1081 ἄνω
488 1029 888 1096 μεθορμισθέντος
926 1028 1086 1092 μονὰς,
1126 1029 1278 1096 κρίσει
1317 1031 1390 1079 καὶ
1431 1027 1587 1097 ψήφῳ
1627 1033 1709 1078 τοῦ

113 1111 302 1165 πάντων
330 1118 612 1179 κρατοῦντος
640 1116 781 1176 Θεοῦ,
801 1111 886 1176 τὴν
912 1113 1165 1177 ἡγεμονίαν
1191 1111 1277 1175 τὴν
1303 1113 1376 1162 ἐπὶ
1403 1109 1486 1162 τὸν
1506 1109 1709 1177 Ἰσραὴλ

112 1194 331 1264 ἐ’λαχέτε
359 1197 434 1246 καὶ
461 1194 771 1262 ἐκληρώσατο
804 1199 916 1248 παῖς
953 1195 978 1245 ὁ
1014 1200 1097 1245 τοῦ
1124 1197 1263 1257 Ναυῆ
1289 1193 1494 1258 Ἰησοῦς.
1549 1192 1706 1258 ἐπειδὴ
1727 1206 1752 1246 b

113 1275 161 1328 δὲ
204 1277 513 1345 μυριάνδρους
555 1279 767 1329 ὁπλιτῶν
809 1275 1035 1344 ἀριθμοὺς
1080 1275 1238 1347 κύκλῳ
1284 1276 1580 1343 περιστήσας
1623 1280 1706 1341 τῆς
1768 1295 1897 1325 Jesvi.

111 1361 348 1428 Ἱεριχοῦς,
374 1362 497 1412 ἑλεῖν
522 1383 571 1411 τε
608 1360 696 1425 ἤδη
734 1362 808 1410 καὶ
845 1358 1191 1427 καταστρέφειν
1226 1358 1371 1423 αὐτὴν
1407 1358 1702 1422 ἐβουλεύετο,

48 1463 91 1501 15
112 1441 336 1507 σύνθημα
385 1441 470 1506 μὲν
519 1447 615 1496 τοῖς
667 1442 872 1495 λευίταις
918 1442 1081 1504 ἐδίδου,
1129 1441 1289 1511 κύκλῳ
1339 1441 1577 1508 περιάγειν
1622 1442 1709 1506 τὴν

111 1525 315 1585 κιβωτὸν
356 1525 428 1593 ἐφ’
467 1525 601 1578 ὅλαις
638 1524 694 1593 ἓξ
726 1523 809 1575 τὸν
848 1522 1048 1590 ἀριθμὸν
1085 1525 1289 1591 ἡμέραις,
1324 1527 1381 1591 τῇ
1417 1523 1465 1574 δὲ
1505 1524 1704 1593 ἑβδόμῃ,

111 1608 328 1658 τουτέστι
373 1606 493 1658 κατὰ
540 1605 594 1658 τὸ
633 1605 901 1669 σάββατον,
941 1605 1291 1672 συναλαλάζειν
1331 1610 1430 1659 ταῖς
1469 1604 1709 1675 σάλπιγξι

110 1689 195 1754 τὴν
222 1689 424 1755 οἷ’μετρον
450 1694 544 1740 τῶν
570 1687 940 1755 στρατευμάτων
969 1687 1186 1739 ἐκέλευσε
1222 1687 1426 1753 πληθὺν,
1454 1691 1530 1739 καὶ
1566 1712 1705 1740 κατε-

111 1771 286 1836 σείσθη
311 1771 395 1835 μὲν
422 1773 544 1822 οὕτω
571 1771 625 1822 τὸ
649 1776 816 1839 τεῖχος,
845 1771 1178 1836 εἰσδραμόντες
1211 1770 1259 1822 δὲ
1291 1770 1418 1833 ε’ίσω,
1446 1776 1709 1839 χειροῦνται

43 1882 91 1906 20
110 1853 197 1917 τὴν
228 1853 384 1917 πόλιν,
414 1854 468 1904 οὐ
506 1853 592 1918 τὴν
626 1854 819 1920 ἄκαιρον
854 1859 937 1904 τοῦ
972 1853 1228 1914 σαββάτου
1262 1858 1483 1916 τιμῶντες
1517 1854 1704 1919 ἀργίαν,
1724 1872 1745 1898 0

111 1935 217 1987 οὐδὲ
258 1935 312 1987 τὸ
357 1940 490 1987 νικᾶν
529 1937 577 1986 ἐν
616 1937 741 2005 αὐτῷ
785 1935 1146 2001 παραιτούμενοι
1193 1935 1268 1986 διὰ
1313 1934 1397 1987 τὸν
1437 1935 1708 2004 ἐξείργοντα

111 2018 269 2082 νόμον,
297 2019 408 2069 ἀλλ’
438 2017 543 2069 οὐδὲ
583 2023 678 2072 τοῖς
719 2017 882 2082 Ἰησοῦ
921 2017 1323 2085 στρατηγήμασιν
1362 2016 1703 2084 ἀντιπράττον-

110 2124 185 2155 τες
217 2100 338 2164 τότε,
367 2102 604 2167 λοιδορίας
644 2100 692 2151 δὲ
729 2105 977 2154 παντελῶς
1015 2101 1264 2167 ἐλευθέραν
1289 2106 1373 2152 τοῦ
1414 2100 1583 2168 ἀνδρὸς
1620 2100 1708 2164 τὴν

110 2183 365 2248 ἡγεμονίαν
393 2183 699 2248 τηρήσαντες.
759 2185 834 2233 καὶ
873 2184 898 2233 ὁ
933 2182 1018 2246 μὲν
1042 2182 1188 2237 τύπος
1223 2184 1272 2234 ἐν
1298 2182 1495 2236 τούτοις.
1551 2182 1705 2246 ἐπειδὴ

43 2288 90 2325 25
110 2264 157 2315 δὲ
192 2268 348 2331 παρῆν
380 2265 407 2329 ἡ
444 2265 657 2329 ἀλήθεια,
686 2266 904 2316 τουτέστι
940 2265 1167 2332 Χριστὸς,
1195 2265 1282 2329 τὴν
1307 2267 1706 2332 ἐπιτειχισθεῖσαν

109 2346 229 2398 κατὰ
275 2350 358 2411 τῆς
403 2347 654 2413 ἀνθρώπου
700 2348 891 2416 φύσεως
941 2347 1072 2414 παρὰ
1116 2353 1199 2399 τοῦ
1245 2346 1473 2409 διαβόλου
1517 2347 1705 2415 φθορὰν

109 2430 325 2480 καθελών
350 2452 400 2479 τε
428 2433 503 2480 καὶ
529 2428 891 2496 χειρωσάμενος,
920 2428 1017 2480 εἶτα
1053 2436 1191 2481 τοῦτο
1222 2434 1370 2481 ποιῶν
1396 2431 1558 2496 ὁρᾶται
1584 2429 1703 2479 κατὰ

108 2511 163 2562 τὸ
197 2511 464 2573 σάββατον,
498 2514 559 2566 ὡς
591 2513 639 2562 ἐν
670 2514 930 2579 προοιμίοις
963 2515 1036 2563 καὶ
1068 2514 1192 2580 ἀρχῇ
1225 2518 1308 2562 τοῦ
1341 2511 1620 2577 πράγματος
1654 2513 1703 2562 ἐν
1718 2520 1744 2560 d

109 2598 175 2663 τῷ
221 2594 613 2664 παραλελυμένῳ,
655 2596 986 2663 δυσφοροῦσιν
1031 2594 1320 2648 ἀπαιδεύτως
1361 2595 1438 2645 καὶ
1481 2597 1564 2658 τῆς
1607 2599 1702 2644 τῶν

161 2771 190 2794 1.
216 2759 378 2804 γένωνται
396 2772 426 2794 a.
489 2772 522 2806 3.
549 2762 584 2795 δὲ
604 2774 667 2806 pro
682 2762 720 2806 δὴ
738 2762 779 2796 Β.
839 2772 872 2807 5.
899 2777 930 2796 τι
949 2769 1170 2806 assumptum
1190 2775 1231 2796 ex
1254 2761 1294 2795 Β.
1354 2759 1386 2793 6.
1413 2761 1592 2805 γράμματα
1606 2761 1699 2795 Aub.

110 2808 143 2840 8.
171 2807 256 2840 καθὰ
275 2807 314 2841 Β.
336 2807 445 2842 καθὼς
463 2807 530 2842 Ed.
689 2820 742 2843 10.
766 2809 1062 2853 μεθηρμοσθέντος
1084 2809 1124 2842 Β.
1271 2818 1324 2841 12.
1349 2806 1475 2852 ἔλαχέ]
1495 2807 1514 2840 ἃ
1531 2805 1639 2852 ἕλιιχέ
1662 2809 1700 2842 Β.

114 2864 167 2896 14.
193 2852 395 2894 ἐβουλεύετο
416 2854 457 2887 Β.
477 2853 641 2894 ἐβούλετο
660 2855 727 2889 Ed.
898 2866 950 2899 15.
978 2856 1090 2889 ἐδίδου
1108 2856 1178 2889 τοῖς
1195 2854 1342 2890 λευίταις
1360 2855 1498 2888 inverso
1516 2854 1637 2888 ordine
1659 2855 1698 2889 Β.

115 2900 167 2933 16.
194 2903 260 2934 τῶν
277 2900 427 2944 ἀριθμῶν
449 2900 492 2934 D.
749 2913 803 2947 23.
829 2901 1027 2947 ἐλευθέραν]
1053 2906 1086 2942 -Ι-
1110 2916 1145 2935 τε
1166 2901 1208 2934 B.
1464 2901 1519 2934 26.
1546 2900 1621 2946 τῆς]
1642 2904 1701 2935 τοῦ

111 2947 260 2980 correxit
279 2947 414 2991 Migne.
475 2946 599 2981 Statim
619 2948 804 2992 ἀνθρώπων
823 2949 864 2984 Β.
916 2949 1001 2983 Post
1018 2949 1084 2982 hoc
1102 2960 1135 2982 v.
1154 2946 1293 2992 φύσεως
1311 2954 1532 2992 assumptum
1551 2960 1592 2981 ex
1608 2949 1700 2983 B.D.

113 3004 167 3038 27.
194 2996 300 3028 ποιῶν
317 2996 418 3028 τοῦτο
436 2994 575 3028 inverso
593 2994 715 3029 ordine
734 2995 776 3030 B.
921 2996 975 3029 28.
1002 2995 1191 3039 προοιμίοις
1211 2994 1303 3028 Β.Ῑ).
1322 2995 1487 3041 προοιμίῳ
1508 2994 1574 3028 Ed.

169 3060 261 3088 VOL.
285 3061 314 3088 Ι.
903 3063 921 3089 S
944 3065 962 3091 S
