2084 3317
347 160 432 200 606
752 160 802 201 Β.
837 159 1115 201 CYRILLI
1156 159 1535 200 ALEXANDR.
1781 159 1850 200 vii.
1874 157 1936 200 18.

303 278 330 319 b
351 272 639 319 καταιτιᾶται
671 269 870 330 δικαίως,
898 270 959 322 ὡς
993 269 1076 319 οὐκ
1109 267 1317 334 εὐλόγως
1353 267 1739 320 ἐπισκώπτοντας
1772 265 1940 333 οἷσπερ

281 403 286 407 ,
350 349 408 400 ἂν
443 351 560 418 φαίη
599 348 850 411 διδάσκων,
886 351 1281 402 συνευδοκοῦντος
1319 349 1445 417 αὐτῷ
1485 350 1562 398 καὶ
1599 345 1941 401 συνεθέλοντος

349 437 433 482 τοῦ
473 435 596 482 Θεοῦ
634 432 710 482 καὶ
750 429 955 497 Πατρὸς,
989 429 1017 494 ἢ
1058 432 1133 480 καὶ
1172 429 1287 495 ὅπερ
1325 431 1456 480 ἐστὶν
1494 427 1684 493 ἀληθὲς,
1717 427 1941 479 συνδιδά-

349 511 549 566 σκοντός
575 535 624 563 τε
649 514 724 562 καὶ
751 511 1175 579 συνεξηγουμένου.
1231 510 1392 574 τίθησι
1427 508 1476 561 δὲ
1511 509 1566 561 τό
1593 512 1697 561 Ἀπ’
1726 511 1936 578 ἐμαυτοῦ,

349 595 452 644 ἀντὶ
489 599 572 644 τοῦ
612 591 887 659 ἰδιαζόντως,
920 594 997 643 καὶ
1034 590 1424 654 ἀποκεκομμένως
1462 590 1583 642 κατὰ
1620 590 1674 641 τὸ
1713 589 1940 644 παντελὲς
1959 605 1980 644 5

348 679 431 724 τοῦ
469 673 589 725 κατὰ
627 673 713 738 τὴν
752 672 1073 738 συνεθέλησιν
1111 675 1186 724 καὶ
1224 673 1571 733 ταυτοβουλίαν
1604 677 1688 722 τοῦ
1729 671 1935 737 Πατρός.

348 757 423 805 καὶ
462 756 516 806 οὑ
554 754 705 819 δήπου
742 777 812 808 τις
850 753 1072 819 οἰήσεται,
1106 754 1165 805 τὰ
1204 753 1360 805 εἰκότα
1397 757 1602 822 φρονῶν,
1636 757 1731 804 τῶν
1762 753 1941 803 οἰκείων

307 859 329 886 c
346 835 569 903 ῥημάτων
594 836 735 888 αὐτὸν
761 838 823 890 ὡς
849 834 1092 900 κιβδήλων
1118 840 1411 902 κατηγορεῖν,
1437 833 1549 885 ἀλλ’
1579 836 1640 888 ὡς
1667 833 1831 900 ἑτέρως
1856 834 1940 884 οὐκ

347 917 406 969 ἂν
446 918 684 982 ἐσομένων
724 918 931 980 πώποτε,
972 921 1010 968 εἰ
1050 916 1115 982 μὴ
1160 916 1280 968 κατὰ
1325 915 1529 981 θέλησιν
1570 921 1654 967 τοῦ
1697 919 1823 966 Θεοῦ
1864 916 1940 966 καὶ

350 999 554 1067 Πατρὸς,
593 998 653 1050 τὰ
691 997 882 1051 τοιαῦτά
921 1003 1060 1067 φησι.
1130 1002 1277 1049 λαλεῖ
1315 996 1410 1064 γὰρ
1449 999 1512 1051 ὡς
1550 996 1624 1049 διὰ
1664 995 1826 1063 Λόγου
1863 1000 1938 1047 καὶ

346 1082 524 1150 σοφίας
563 1082 679 1135 ἰδίας
717 1086 800 1132 τοῦ
845 1081 961 1131 ἰδίου
1003 1080 1309 1146 γεννήματος·
1362 1084 1506 1130 λαλεῖ
1538 1078 1587 1130 δὲ
1627 1076 1816 1133 πάντως
1856 1079 1939 1128 οῦκ

346 1163 622 1232 ἀπᾳδόντως
648 1164 812 1231 ἑαυτῷ·
853 1167 954 1216 πῶς
979 1160 1072 1228 γὰρ
1098 1161 1363 1229 ἐνδε’χεται;

505 1311 516 1324 ,
611 1310 620 1323 ,
660 1310 669 1323 ,
717 1310 727 1323 ι
851 1312 867 1322 .
1005 1309 1021 1318 .
1130 1309 1138 1323 ,
1244 1309 1250 1322 ,
1413 1307 1420 1320 .
1492 1306 1501 1319 ,
1540 1309 1546 1320 ,
1735 1305 1751 1316 .

280 1312 326 1348 18
529 1310 563 1352 Ο
600 1326 662 1367 αφ
714 1324 869 1352 εαυτου
907 1318 1055 1351 λαλων
1092 1325 1169 1352 τΗν
1207 1309 1337 1353 δοξαν
1375 1325 1452 1351 τΗν
1493 1309 1601 1351 ιὸιαν
1640 1323 1764 1367 (met.

118 2062 285 2095 SMatth.

120 2117 152 2137 v.
174 2114 224 2146 17.

423 1422 624 1482 Σημεῖον
654 1424 793 1469 τοῦτο
831 1418 1021 1481 τίθησιν
1052 1416 1242 1484 ἐναργὲς
1279 1423 1364 1469 τοῦ
1401 1416 1466 1481 μὴ
1504 1421 1752 1470 παντελῶς
1790 1417 1940 1486 ἑαυτῷ

298 1509 326 1550 d
347 1498 433 1564 τὴν
471 1501 522 1550 ἐκ
559 1505 642 1551 τοῦ
683 1498 922 1550 διδάσκειν
953 1498 1374 1566 πραγματεύεσθαι
1411 1496 1556 1568 δόξαν,
1592 1497 1647 1549 τὸ
1685 1497 1750 1563 μὴ
1791 1498 1939 1567 ξένοις

345 1583 444 1632 τισὶ
484 1583 559 1632 καὶ
597 1582 867 1648 ἀλλοτρίοις
904 1586 987 1632 τοῦ
1022 1581 1166 1644 νόμου
1199 1583 1542 1647 προσχρῆσθαι
1578 1579 1757 1646 λόγοις·
1800 1585 1939 1630 τοῦτο

344 1662 438 1729 γὰρ
470 1662 528 1728 ἧν
554 1661 608 1714 τὸ
635 1668 805 1714 λαλεῖν
831 1666 914 1731 ἀφ’
945 1662 1111 1713 ἑαυτοῦ·
1154 1663 1523 1713 καταπείθεσθαι
1550 1660 1598 1712 δὲ
1625 1665 1817 1725 μᾶλλον
1835 1666 1939 1714 τοῖς

344 1744 434 1809 ἤδη
483 1745 969 1811 προτεθεσπισμένοις
1027 1743 1373 1807 συμβουλεύειν
1423 1744 1600 1806 αὐτοῖς,
1655 1741 1804 1806 μόνην
1855 1748 1938 1794 τοῦ

344 1825 621 1892 γράμματος
667 1825 754 1890 τὴν
799 1828 1025 1894 ἀνωφελῆ
1076 1828 1152 1876 καὶ
1202 1829 1404 1892 παχεῖαν
1449 1827 1732 1892 ἀφιστῶντα
1775 1822 1934 1887 σκιὰν,

343 1906 751 1974 μετασκευάζοντά
789 1930 837 1958 τε
872 1910 1081 1960 πιθανῶς
1115 1910 1177 1960 εἰς
1211 1905 1528 1969 πνευματικὴν
1564 1905 1762 1970 θεωρίαν
1794 1904 1854 1956 τὰ
1889 1907 1938 1956 ἐν

346 1988 508 2043 τύποις
542 1990 608 2040 ε”τι
643 1988 959 2040 λανθάνοντα·
1002 1988 1116 2054 ὅπερ
1144 1989 1225 2038 οὖν
1250 1990 1325 2038 καὶ
1359 1989 1407 2037 ἐν
1433 1990 1499 2056 τῷ
1534 1986 1653 2037 κατὰ
1683 1990 1937 2038 Ματθαΐον

347 2071 629 2140 Εὐαγγελίῳ
665 2070 816 2138 φησίν
842 2076 870 2098 “
891 2070 996 2119 Οὐκ
1031 2068 1181 2133 ἦλθον
1208 2073 1477 2118 καταλῦσαι
1512 2067 1594 2118 τὸν
1622 2065 1778 2130 νόμον,
1805 2067 1937 2118 ἀλλὰ

305 2167 329 2196 θ
348 2160 375 2183 “
397 2151 701 2219 πληρῶσαι.”
741 2157 879 2202 τοῦτο
905 2149 1053 2201 πάλιν
1079 2148 1239 2201 ἐνθάδε
1265 2149 1484 2214 πλαγίως
1511 2150 1754 2213 ὑποδηλοῖ·
1787 2146 1937 2213 μόνην

346 2235 440 2302 ε”χει
473 2240 557 2285 τοῦ
591 2232 867 2299 γράμματος
901 2231 1276 2300 μεταμόρφωσιν
1309 2234 1371 2285 εἰς
1409 2229 1637 2294 ἀλήθειαν
1669 2231 1697 2293 ἡ
1737 2231 1933 2296 εὐαγγε-

345 2315 455 2377 λικὴ
493 2315 724 2372 πολιτεία,
758 2315 834 2364 καὶ
872 2312 1167 2363 Μωυσαϊκόν
1199 2335 1243 2362 τι
1281 2311 1641 2376 μετασκευάσας
1679 2310 1830 2362 τύπον
1861 2313 1934 2363 ε’πῖ

343 2396 398 2449 τὸ
441 2395 844 2464 πρεπωδέστερον,
884 2394 975 2461 ἔχει
1014 2397 1096 2457 τῆς
1139 2395 1188 2444 ἐν
1225 2393 1456 2457 πνεύματι
1495 2393 1714 2459 λατρείας
1751 2392 1838 2457 τὴν
1876 2393 1936 2443 εἵ-

345 2481 499 2543 δησιν.
553 2482 697 2529 λαλεῖ
725 2481 974 2542 τοιγαροῦν
1000 2477 1076 2526 καὶ
1110 2476 1193 2525 οὐκ
1226 2478 1310 2543 ἀφ’
1339 2475 1491 2526 ἑαυτοῦ
1525 2473 1758 2540 Χριστός·
1799 2497 1936 2525 τουτ-

344 2559 465 2623 έστι,
495 2559 629 2629 ξένον
659 2557 792 2610 οὐδὲν
821 2562 916 2608 τῶν
947 2556 1037 2621 ἤδη
1071 2556 1535 2622 προδιηγγελμένων.
1590 2556 1644 2606 οὐ
1678 2554 1772 2621 γὰρ
1808 2557 1928 2606 ἀπο-

342 2642 574 2706 πέμπεται
602 2639 832 2701 Μωυσέα,
858 2638 962 2689 οὐδὲ
998 2636 1084 2702 τὴν
1110 2639 1158 2688 ἐν
1191 2637 1318 2707 νόμῳ
1353 2640 1686 2704 παραιτεῖσθαι
1723 2635 1934 2687 διδάσκει

394 2780 425 2804 ῐ.
450 2769 727 2803 &mamam-ouras
749 2766 788 2801 B.
808 2764 1076 2810 ἐπισκήπτοντας
1095 2764 1162 2799 Ed.
1260 2764 1292 2798 6.
1320 2764 1530 2808 συνθέλησιν
1549 2764 1592 2799 Β.
1697 2764 1731 2798 8.
1756 2762 1930 2808 ῥημάτων]

343 2816 431 2860 ὅρων
449 2816 502 2849 καὶ
518 2815 675 2860 ῥημάτων
694 2813 736 2847 Β.
977 2822 1030 2846 11.
1056 2811 1141 2846 ἰδίας
1159 2817 1383 2856 assumptum
1400 2823 1442 2845 ex
1462 2811 1504 2845 B.
1594 2808 1743 2854 πάντως]
1767 2814 1805 2850 —4-
1826 2810 1870 2845 ὡς
1890 2809 1932 2844 Β.

347 2873 399 2904 14.
425 2863 599 2896 παντελῶς
618 2861 660 2895 Β.
678 2860 810 2895 πάντως
829 2858 895 2894 Ed.
1160 2868 1212 2902 19.
1238 2856 1817 2902 ἀφιστῶντας-μετασκευάζοντάς
1833 2870 1869 2890 τε
1888 2855 1932 2890 Β.

344 2918 399 2942 22.
425 2907 552 2953 φησίν]
572 2907 610 2941 ὃν
625 2906 736 2953 φησίν
755 2906 796 2940 Β.
974 2915 1029 2949 23.
1053 2903 1159 2938 πάλιν
1174 2903 1310 2949 ἐνθάδε]
1332 2904 1367 2938 δὲ
1385 2905 1490 2938 πάλιν
1506 2903 1587 2938 ἔνθα
1606 2903 1647 2937 Β.
1819 2911 1874 2944 25.
1900 2916 1932 2935 τι

346 2954 386 2988 Β.
404 2969 454 2990 τις
473 2953 539 2989 Ed.

1962 1021 2009 1046 10

1961 1518 2007 1556 15

1959 1926 2009 1951 20

1958 2330 2007 2370 25
