2084 3317
335 155 420 194 476
736 155 787 195 B.
821 155 1093 197 CYRILLI
1135 157 1512 198 ALEXANDR.
1780 154 1834 196 vi·
1854 154 1921 209 36·

337 259 424 324 ἤδη
461 260 632 312 λοιπὸν
666 266 706 313 οἱ
742 265 1119 329 βεβαπτισμένοι
1158 268 1233 316 καὶ
1269 268 1353 329 τῆς
1389 267 1513 320 θείας
1546 263 1921 331 ἀπογευσάμενοι

336 341 540 408 χάριτος,
593 343 663 394 ὅτι
714 345 981 412 βαδίζοντες
1029 346 1116 410 μὲν
1159 348 1367 412 ὀκνηρῶς
1415 349 1491 397 καὶ
1541 347 1678 411 μόλις
1729 347 1778 396 ἐν
1821 349 1922 399 ταῖς

335 425 620 487 ἐκκλησίαις,
658 427 1008 493 ἀποφοιτῶντες
1051 427 1099 478 δὲ
1140 430 1217 479 καὶ
1259 432 1322 482 εἰς
1360 427 1557 495 χρόνους
1596 425 1801 494 μακροὺς
1839 428 1923 489 τῆς

336 506 555 571 εὐλογίας
603 510 685 570 τῆς
737 507 814 558 διὰ
859 511 1091 574 Χριστοῦ,
1134 511 1210 560 καὶ
1259 509 1345 574 τὴν
1391 509 1628 575 ἐπιζήμιον
1673 508 1924 570 εὐλάβειαν

337 586 667 651 πλαττόμενοι,
702 588 778 639 διὰ
816 595 899 640 τοῦ
937 589 1002 654 μὴ
1041 591 1307 651 βούλεσθαι
1344 591 1552 659 μετέχειν
1585 591 1726 642 αὐτοῦ
1755 612 1924 651 μυστι-
1943 605 1965 643 5

118 675 200 710 325
217 673 264 708 Α·
301 683 321 707 ἱῑ
340 673 443 730 κῶς,
471 668 540 719 ὅτι
567 672 649 733 τῆς
680 670 866 721 αἰωνίου
901 671 1017 738 ζωῆς
1052 671 1242 727 ἑαυτοὺς
1267 673 1572 736 ἐκπέμπουσι,
1601 671 1925 738 ζωοποιεΐσθαι

339 749 714 816 παραιτούμενοι·
779 752 1103 818 περιτρέπεται
1143 753 1191 804 δὲ
1232 757 1295 808 εἷς
1332 755 1510 820 παγίδα
1555 756 1628 804 καὶ
1674 757 1735 807 εἷς
1779 752 1926 803 σκάν-

341 834 507 894 δαλον,
554 833 702 884 καίτοι
747 833 927 900 καρπὸς
971 836 1218 894 εὐλαβείας
1264 834 1473 887 δοκοῦσά
1513 859 1614 888 πως
1658 833 1771 886 εἶναι
1815 836 1923 901 παρ’

341 914 510 977 αὐτοῖς,
538 915 565 978 ἡ
593 917 893 982 παραίτησις.
949 920 1071 984 χρῆν
1101 917 1196 984 γὰρ
1230 917 1286 982 δὴ
1321 923 1513 982 μᾶλλον
1543 919 1810 983 ἐπείγεσθαι
1842 916 1929 981 τὴν

341 998 544 1048 ἐνοῦσαν
575 998 731 1052 αὐτοῖς
766 999 1040 1065 εἶσκομίζειν
1073 999 1270 1063 δύναμίν
1295 1023 1343 1050 τε
1378 1003 1453 1050 καὶ
1489 1001 1772 1066 προθυμίαν,
1803 999 1929 1053 ὅπως
1951 1018 1998 1043 10

342 1079 398 1129 ἂν
434 1079 676 1147 φαίνοιντο
715 1082 882 1146 γοργοῖ
920 1080 1039 1146 πρὸς
1079 1081 1408 1148 ἀποκάθαρσιν
1439 1082 1681 1147 ἁμαρτίας,
1710 1083 1785 1132 καὶ
1822 1103 1927 1132 πει-

341 1164 519 1225 ρᾶσθαι
554 1165 744 1223 μᾶλλον
778 1161 1088 1227 ἀστειοτάτην
1121 1163 1402 1228 ἐπιτηδεύειν
1427 1169 1510 1214 τοῦ
1546 1165 1653 1224 βίου
1687 1163 1773 1226 τὴν
1797 1164 1924 1228 ἀγω-

341 1241 444 1307 γὴν,
477 1242 655 1309 τρέχειν
689 1266 740 1293 τε
775 1245 896 1294 οὕτω
932 1243 1102 1296 λοιπὸν
1135 1248 1210 1295 καὶ
1250 1245 1444 1313 σφόδρα
1484 1244 1833 1312 τεθαῤῥηκότως
1870 1247 1932 1297 εἰς

341 1322 616 1391 μετάληψιν
640 1326 724 1387 τῆς
751 1324 884 1390 ζωῆς.
937 1327 1048 1375 ἀλλ’
1078 1327 1265 1392 ἐπείπερ
1291 1328 1394 1377 ἐστὶ
1419 1327 1634 1380 ποικίλος
1660 1329 1722 1380 εἷς
1748 1324 1934 1389 ἀπάτην

298 1405 369 1455 bt‘)
414 1409 637 1467 σατανᾶς,
684 1411 954 1475 σωφρονεῖν
997 1406 1084 1471 μὲν
1129 1406 1296 1462 αὐτοὺς
1341 1407 1601 1471 οὐδαμόθεν
1645 1408 1714 1459 ὅτι
1761 1406 1934 1474 πρέποι
1956 1428 2002 1466 15

343 1485 617 1552 λογίζεσθαι
669 1493 923 1555 συγχωρεῖ,
970 1490 1352 1543 κατασπιλώσας
1399 1488 1447 1540 δὲ
1497 1494 1594 1543 τοῖς
1645 1494 1813 1551 κακοῖς,
1859 1489 1935 1539 καὶ

343 1566 491 1632 αὐτὴν
536 1569 844 1637 ἀποφρίττειν
886 1572 1121 1622 ἀναπείθει
1167 1571 1254 1636 τὴν
1298 1571 1448 1639 χάριν,
1492 1573 1546 1622 δι’
1594 1572 1647 1636 ἧς
1692 1570 1749 1636 ἦν
1793 1570 1931 1633 εἰκὸς,

346 1648 508 1716 ὥσπερ
553 1650 610 1719 ἐξ
651 1651 776 1702 οἴνου
821 1654 896 1703 καὶ
936 1653 1081 1717 μέθης
1126 1657 1209 1718 τῆς
1249 1656 1322 1705 ἐπὶ
1368 1654 1649 1723 φαυλότητα
1694 1653 1937 1717 καλούσης

348 1732 517 1796 ἡδονῆς
543 1732 886 1800 ἀνανήφοντας,
913 1733 967 1785 τὸ
1003 1736 1252 1804 συμφέρον
1282 1737 1397 1802 ὁρᾶν
1428 1759 1478 1787 τε
1512 1738 1588 1786 καὶ
1623 1734 1933 1801 περισκέπτε-

125 1831 233 1863 Ps.ii.
255 1841 284 1871 3-
348 1817 481 1864 σθαι.
534 1815 885 1883 ἀπορρήξαντες
923 1818 1079 1867 τοίνυν
1116 1817 1199 1868 τὸν
1238 1819 1410 1869 ἐκείνου
1449 1817 1639 1881 δεσμὸν,
1667 1816 1934 1869 ἀποσεισά-
1957 1837 2007 1863 20

125 1919 175 1949 11).
193 1926 242 1949 11.
348 1896 482 1959 μενοί
512 1918 561 1945 τε
594 1895 677 1946 τὸν
702 1898 752 1947 ἐκ
778 1898 1056 1967 πλεονεξίας
1086 1900 1196 1963 ἡμῖν
1222 1900 1523 1968 ἐπιῤῥιφέντα
1555 1898 1710 1965 ζυγὸν,
1739 1898 1932 1950 δουλεύ-

350 1999 511 2040 σωμεν
550 1979 597 2028 ἐν
637 1976 777 2047 φόβῳ
816 1984 882 2048 τῷ
923 1980 1098 2050 Κυρίῳ,
1137 1981 1258 2032 καθὰ
1297 1982 1575 2048 γέγραπται,
1609 1983 1685 2032 καὶ
1723 1985 1818 2032 τῶν
1855 1983 1938 2044 τῆς

309 2058 530 2125 θσαρκὸς
565 2060 744 2123 ἡδονῶν
779 2061 992 2124 ἀμείνους
1026 2062 1114 2127 ἤδη
1151 2064 1205 2113 δι’
1240 2064 1508 2130 ἐγκρατείας
1547 2063 1935 2126 ἀναδεικνύμενοι,

123 1653 171 1704 Cf.
190 1652 267 1684 Joel

123 1708 143 1728 1.
164 1704 194 1736 5.

349 2141 624 2207 προσίωμεν
661 2145 720 2210 τῇ
766 2143 867 2211 θείᾳ
909 2166 959 2193 τε
1002 2145 1078 2194 καὶ
1121 2145 1319 2214 οὐρανίῳ
1364 2145 1534 2212 χάριτι,
1574 2147 1648 2195 καὶ
1693 2148 1754 2198 εἷς
1798 2145 1939 2210 ἁγίαν

350 2221 626 2291 μετάληψιν
655 2225 981 2288 ἀναβαίνωμεν
1014 2231 1098 2276 τοῦ
1132 2229 1366 2293 Χριστοῦ·
1408 2229 1530 2278 οὕτω
1569 2227 1663 2294 γὰρ
1702 2228 1824 2278 οὕτω
1863 2228 1938 2278 καὶ
1960 2247 2007 2286 25

351 2303 532 2370 ἀπάτης
567 2307 843 2370 διαβολικῆς
876 2308 1204 2374 περιεσόμεθα,
1237 2310 1361 2363 θείας
1393 2333 1443 2360 τε
1475 2310 1665 2378 φύσεως
1694 2308 1938 2376 γεγονότες

353 2389 576 2450 κοινωνοὶ,
601 2387 720 2454 πρὸς
743 2388 863 2455 ζωὴν
888 2391 963 2441 καὶ
989 2392 1267 2459 ἀφθαρσίαν
1293 2391 1652 2456 ἀναβησόμεθα.

129 2300 284 2351 pS.Pet.

127 2355 148 2375 1.
165 2354 196 2385 4.

288 2555 336 2601 36
426 2555 539 2596 Ἀλλ’
584 2551 705 2597 εἶπον
744 2553 838 2605 ὑμῖν
876 2558 941 2600 ὅτι
979 2557 1047 2597 καὶ
1083 2557 1309 2614 ἑωράκατε
1346 2574 1398 2606 με
1437 2560 1505 2599 καὶ
1543 2558 1590 2600 οὐ
1628 2559 1862 2603 Πιστεύετε.

311 2676 338 2715 d
431 2674 525 2725 Διά
571 2680 771 2726 πολλῶν
815 2674 898 2738 μὲν
938 2675 1107 2729 αὐτοὺς
1149 2677 1508 2744 καταγωνίζεται
1552 2678 1725 2744 λόγων,
1771 2680 1847 2730 καὶ
1890 2680 1939 2730 ἐκ

355 2755 530 2811 παντὸς
555 2757 831 2810 συνελαύνει
857 2757 1034 2824 τρόπου
1067 2758 1186 2825 πρὸς
1219 2759 1305 2824 τὴν
1331 2759 1407 2811 διὰ
1440 2761 1646 2815 πίστεως
1679 2761 1935 2828 σωτηρίαν·
1959 2781 2009 2819 30

407 2912 436 2936 1.
462 2900 543 2946 ἤδη]
562 2901 650 2936 οὕτω
670 2902 711 2937 B.
867 2915 899 2948 3.
927 2904 979 2938 καὶ
997 2910 1220 2950 assumptum
1238 2917 1279 2939 ex
1299 2906 1341 2940 B.
1495 2919 1526 2952 9.
1555 2907 1641 2952 χρῆν
1657 2905 1740 2952 γὰρ]
1759 2907 1880 2952 χρῆναι
1897 2906 1941 2941 Β.

361 2957 413 2993 17.
441 2948 544 2994 εἰκὸς]
563 2949 699 2985 εἰκότως
719 2949 759 2983 Β.
882 2962 936 2993 24.
963 2966 998 2985 τε
1016 2951 1087 2996 θείᾳ
1106 2952 1242 2987 inverso
1261 2952 1380 2988 ordine
1402 2953 1441 2987 B.
1565 2954 1620 2988 28.
1646 2954 1698 2988 ὅτι
1716 2965 1785 2988 om.
1805 2953 1847 2987 Β.
