2084 3317
145 186 315 239 viii.17,
336 187 397 228 18.
445 188 518 228 IN
561 188 602 229 S.
638 185 977 228 JOANNEM.
1040 186 1163 226 LIB.
1188 185 1241 225 V.
1304 185 1436 226 CAP.
1472 184 1532 225 II.
1643 185 1724 225 723

144 295 273 358 ὑμῶν
310 295 395 360 τὴν
432 296 604 363 χώραν,
640 299 714 347 καὶ
753 299 852 348 ταῖς
889 296 938 345 ἐκ
975 292 1185 356 πολέμου
1224 291 1565 359 καταχωννύων
1603 314 1727 352 συμ-

144 381 327 444 φοραῖς,
368 377 499 428 ἀλλὰ
541 380 615 428 καὶ
658 378 800 440 αὐτῆς
842 379 925 439 τῆς
969 380 1063 426 τῶν
1103 375 1312 440 οὐρανῶν
1352 373 1604 434 βασιλείας
1646 374 1721 422 ε’κ-

143 458 343 521 πέμπων
385 458 492 513 τοὺς
542 460 663 510 οὕτω
715 457 1063 521 λελυττηκότας
1108 455 1227 507 κατὰ
1277 460 1360 506 τοῦ
1411 454 1578 520 σώζειν
1623 454 1724 504 ἐθέ-

145 546 328 602 λοντος,
354 543 429 591 καὶ
465 540 541 592 διὰ
577 540 750 606 ταύτην
783 539 1047 608 ἀφιγμένου
1080 537 1167 602 τὴν
1199 537 1350 588 αἰτίαν
1376 538 1424 588 ἐν
1449 536 1728 604 ἀνθρωπίνῳ
1747 544 1774 583 (1

102 634 124 671 5
145 621 375 689 σχήματι.

149 742 224 783 Καὶ
260 743 305 783 ἐν
340 744 400 796 τῷ
438 744 555 797 νόμῳ
592 743 639 784 δὲ
676 745 737 797 τῷ
773 743 968 799 ὑμετέρῳ
1003 742 1235 798 ΓὲΓραΠται
1271 742 1336 782 ὅτι
1374 740 1448 781 δύο
1485 738 1728 795 ἀνθρώπων
1755 747 1796 786 17

214 826 236 865 ἡ
265 826 475 882 μαρτυρία
502 826 668 867 ἀλΗΘύε
694 827 820 868 ἐστιν.
870 824 956 872 esd)
983 823 1067 874 εἶμι
1092 826 1115 866 ὁ
1146 823 1375 881 μαρτυρῶν
1404 822 1500 879 Περὶ
1532 822 1732 872 ἐμαυτοῦ,
1757 823 1801 858 18

214 907 281 948 καί
316 906 523 965 μαρτυρεῖ
555 909 651 966 Περὶ
682 909 787 958 ἐμοῦ
821 909 891 949 καὶ
923 910 946 949 ὁ
979 908 1152 958 Πέμψας
1186 922 1235 955 με
1269 907 1432 963 Πατήρ.

222 1005 529 1057 Συνδικάσειν
567 1007 716 1075 ἑαυτῷ
753 1005 836 1057 τὸν
868 1005 993 1056 Θεὸν
1025 1007 1100 1056 καὶ
1138 1004 1333 1071 Πατέρα
1370 1006 1446 1054 καὶ
1484 1024 1729 1068 συγκατα-

80 1112 128 1137 10
149 1091 318 1153 κρινεῖν
343 1085 451 1141 τοὺς
487 1091 548 1141 εἰς
584 1088 727 1139 αὐτὸν
753 1091 1112 1148 δυσσεβοῦντας
1143 1085 1299 1148 εἰπὼν,
1325 1085 1506 1153 δέχεται
1531 1084 1617 1147 τὴν
1642 1087 1737 1134 τῶν

147 1168 422 1235 προσώπων
461 1169 610 1221 δυάδα
647 1173 724 1221 καὶ
761 1169 880 1237 πρὸς
923 1169 1079 1236 ἕτερόν
1117 1192 1163 1220 τι
1203 1168 1455 1235 χρήσιμον.
1519 1166 1612 1232 ἐγὼ
1654 1164 1738 1230 μὲν

148 1249 256 1317 γὰρ,
303 1253 469 1318 φησὶν,
512 1252 626 1318 ὅπερ
671 1255 761 1316 εἰμὶ
804 1250 924 1303 κατὰ
970 1250 1134 1319 φύσιν,
1178 1256 1317 1300 τοῦτο
1361 1251 1437 1300 καὶ
1480 1248 1639 1314 λέγειν
1684 1249 1778 1301 obe

148 1331 519 1398 παραιτήσομαι.
579 1338 683 1402 φῶς
726 1332 812 1397 μὲν
850 1331 944 1400 γάρ
985 1337 1075 1395 εἰμι
1115 1337 1198 1383 τοῦ
1241 1331 1439 1395 κόσμου,
1479 1334 1554 1382 καὶ
1599 1334 1739 1399 φιλο-

150 1419 347 1477 κομπεῖν
385 1414 471 1479 μὲν
510 1415 635 1470 ὅλως
679 1416 761 1466 οὐκ
807 1415 865 1466 ἄν
903 1438 971 1484 τω
1017 1414 1205 1478 δοκοίην
1245 1413 1354 1480 ἐγώ·
1428 1414 1482 1464 οὐ
1528 1412 1622 1480 γὰρ
1667 1411 1737 1463 ἐπ’

86 1512 130 1550 15
152 1497 345 1550 ὀθνείοις
391 1497 818 1561 πλεονεκτήμασιν,
866 1495 999 1547 ἀλλὰ
1048 1500 1145 1550 τοῖς
1195 1497 1294 1559 ἐμοὶ
1343 1500 1612 1562 προσοῦσιν
1657 1495 1737 1544 οὐ-

151 1581 336 1632 σιωδῶς
375 1580 681 1643 σεμνύνομαι.
729 1578 859 1644 πλὴν
899 1582 935 1630 εἰ
973 1584 1122 1629 ταῦτα
1161 1578 1331 1644 λέγων,
1364 1578 1447 1629 οὐκ
1486 1576 1742 1647 ἀξιόχρεως

153 1659 268 1712 εἶναι
317 1666 439 1713 δοκῶ
488 1662 606 1730 πρὸς
656 1661 710 1714 τὸ
762 1665 932 1731 χρῆναι
982 1665 1151 1722 λαβεῖν
1197 1661 1308 1728 παρ’
1359 1662 1489 1724 ὑμῶν
1536 1658 1623 1724 τὴν
1673 1660 1742 1710 ἐπ’

153 1745 351 1814 ἀληθεία
394 1744 605 1808 σύνεσιν,
650 1745 834 1810 ἐπείπερ
882 1745 973 1808 εἰμὶ
1016 1742 1172 1807 μόνος,
1219 1745 1295 1794 καὶ
1337 1744 1524 1811 ἐμαυτῷ
1567 1764 1740 1807 μεμαρ-

153 1827 346 1894 τύρηκα,
370 1827 724 1896 παραλήψομαι
759 1825 1082 1893 συνεργοῦντα
1115 1847 1165 1875 τε
1201 1828 1277 1875 καὶ
1313 1823 1748 1893 συμψηφιούμενον

85 1934 134 1957 20
154 1913 250 1962 τοῖς
287 1911 411 1974 ἐμοῖς
448 1909 831 1974 πλεονεκτήμασι
869 1908 953 1959 τὸν
979 1906 1104 1958 Θεὸν
1145 1908 1221 1958 καὶ
1261 1906 1470 1972 Πατέρα.
1538 1909 1745 1956 συνθαυ-

154 1997 418 2057 ματουργεῖ
437 1991 530 2058 γάρ
553 2014 646 2055 μοι,
674 1992 840 2059 φησὶν,
868 1992 930 2043 ὡς
957 1991 1108 2055 ὁρᾶτε,
1135 1990 1211 2040 καὶ
1238 1986 1587 2056 συνεργάζεται.
1630 1987 1748 2037 ὅσον
1765 2012 1787 2036 a
1817 2002 1905 2036 493
1919 2001 1970 2035 A.

155 2072 240 2136 μὲν
267 2072 361 2141 γὰρ
395 2073 503 2138 ἧκεν
526 2076 588 2127 εἷς
624 2071 876 2138 ἀνθρώπου
912 2071 1078 2141 φύσιν,
1108 2072 1192 2122 οὐκ
1227 2072 1285 2122 ἄν
1317 2094 1362 2121 τι
1397 2069 1551 2138 δρῴην
1577 2067 1684 2135 ἐγὼ,
1711 2072 1749 2119 εἰ

155 2153 209 2206 τὸ
236 2154 351 2206 εἶναι
380 2155 505 2207 Θεὸν
531 2153 650 2206 κατὰ
677 2154 828 2223 φύσιν
855 2155 938 2205 οὐκ
973 2153 1081 2221 ἔχω·
1134 2153 1253 2204 ὅσον
1279 2152 1328 2204 δὲ
1355 2157 1416 2207 εἰς
1442 2151 1496 2203 τὸ
1524 2150 1750 2218 ὑπάρχειν

157 2238 208 2287 ἐκ
255 2237 464 2304 Πατρὸς,
512 2237 633 2304 ἔχειν
675 2259 725 2287 τε
769 2239 817 2287 ἐν
862 2237 1047 2305 ἐμαυτῷ
1089 2234 1173 2286 τὸν
1217 2235 1424 2300 Πατέρα,
1469 2235 1546 2284 καὶ
1592 2233 1750 2284 πάντα

89 2335 136 2374 25
159 2318 391 2369 δύνασθαι
424 2323 682 2384 κατορθοῦν
708 2319 947 2384 ὁμολογῶ,
973 2319 1049 2369 καὶ
1075 2321 1132 2385 τῇ
1160 2324 1244 2369 τοῦ
1271 2316 1589 2384 γεννήσαντος
1621 2338 1745 2381 μαρ-

0 2398 3 2473 ²3
159 2406 385 2466 τυροῦμαι
413 2400 575 2469 φύσει·
623 2401 685 2454 ὡς
711 2399 805 2467 γὰρ
832 2400 906 2452 διὰ
932 2399 1019 2465 τὴν
1044 2399 1307 2464 ταυτότητα
1332 2402 1415 2463 τῆς
1442 2399 1605 2451 οὐσίας
1632 2397 1752 2464 ἔχων

1 2478 4 2498 ’
160 2481 302 2534 αὐτὸν
346 2485 394 2533 ἐν
439 2484 639 2552 ἐμαυτῷ,
686 2483 761 2533 ἐπὶ
806 2482 860 2533 τὸ
904 2482 1061 2534 πάντα
1113 2486 1373 2549 κατορθοῦν
1419 2479 1751 2532 ἀδιακωλύτως

160 2564 368 2633 ἔρχομαι.
406 2565 499 2632 ἔχει
523 2563 616 2631 γὰρ
644 2565 668 2615 ὁ
694 2563 867 2631 Κύριος
892 2565 1024 2628 ἡμῶν
1040 2566 1229 2628 Ἰησοῦς
1255 2566 1280 2615 ὁ
1305 2561 1520 2630 Χριστὸς
1547 2562 1641 2613 ἀπὸ
1668 2559 1753 2625 μὲν

212 2682 243 2704 1.
270 2668 323 2715 ἐκ]
350 2674 384 2711 -Ι-
405 2672 465 2704 τοῦ
485 2670 602 2704 Holst.
623 2669 690 2705 Ed.
816 2681 849 2714 3.
876 2671 1126 2713 λελυττηκότας
1143 2682 1161 2704 e
1180 2670 1257 2703 Cat.
1277 2669 1475 2703 emendavit
1493 2667 1587 2702 Aub.
1606 2667 1704 2703 etita
1722 2681 1753 2702 a.

162 2718 396 2760 λελυπηκότας
415 2716 457 2750 Β.
478 2716 542 2750 Ht.
607 2716 786 2751 ἐθέλοντας
805 2717 846 2751 Β,
961 2718 994 2751 8.
1022 2717 1074 2750 καὶ
1092 2718 1150 2750 alt.
1171 2722 1392 2761 assumptum
1412 2727 1453 2749 ex
1473 2715 1515 2748 B.
1628 2726 1681 2757 14.
1706 2730 1753 2761 τῳ

166 2765 209 2799 Β.
227 2779 259 2798 τι
280 2764 342 2798 Ht.
363 2763 428 2797 Ed.
528 2771 580 2805 15.
609 2763 682 2808 ἐμοὶ
699 2763 896 2798 emendavit
914 2763 1008 2797 Aub.
1028 2764 1120 2807 ἐμοῖς
1140 2763 1180 2797 Β.
1203 2763 1266 2797 Ht.
1379 2761 1431 2796 16.
1458 2761 1486 2795 εἰ
1504 2772 1567 2795 a.c.
1588 2761 1695 2795 Cord.
1715 2763 1754 2796 οὐ

166 2810 233 2846 Ed.
395 2811 448 2844 18.
473 2810 614 2854 ἀληθείᾳ
634 2810 708 2844 B.a.
727 2810 885 2854 ἀληθείας
906 2810 969 2844 Ht.
987 2809 1053 2843 Ed.
1127 2808 1211 2854 εἰμὶ]
1236 2815 1272 2849 -1-
1294 2809 1346 2843 καὶ
1369 2820 1387 2842 e
1406 2808 1483 2842 Cat.
1505 2807 1605 2842 Harl.
1624 2814 1663 2842 ut
1681 2809 1752 2842 vid.

167 2858 262 2892 Aub.
280 2857 398 2891 invitis
418 2856 493 2891 B.c.
513 2856 619 2890 Cord.
812 2868 865 2900 19.
892 2858 1112 2892 συναινοῦντα
1130 2868 1192 2901 pro
1210 2857 1440 2901 συνεργοῦντα
1458 2867 1487 2889 c.
1508 2854 1615 2889 Cord.
1634 2866 1705 2890 om.
1722 2867 1753 2890 a.

170 2915 225 2939 21.
252 2905 296 2939 ὡς
312 2904 371 2949 υἱῲ
390 2904 444 2936 καὶ
461 2904 700 2948 συνεργάζεται
718 2904 762 2939 ὡς
779 2905 878 2947 ὁρᾶτε
896 2915 926 2937 a.
947 2904 1024 2937 Cat.
1046 2904 1146 2938 Harl.
1164 2903 1282 2936 invitis
1301 2914 1330 2936 c.
1351 2901 1458 2936 Cord.
1643 2912 1698 2935 22.
1725 2902 1755 2935 εἶ

170 2950 369 2985 emendavit
386 2962 403 2983 e
422 2950 499 2984 Cat.
519 2956 557 2984 ut
575 2949 644 2983 vid.
664 2949 758 2985 Aub.
777 2950 824 2986 εἷς
844 2950 883 2984 Β.
907 2950 968 2984 Ht.
1100 2960 1155 2994 23.
1182 2948 1245 2994 εἷς]
1265 2950 1350 2993 πρὸς
1368 2960 1397 2983 a.
1531 2957 1585 2992 27.
1611 2948 1754 2982 ἀδιακω-

170 2997 280 3033 λύτως
297 3009 326 3032 ο.
347 2996 454 3031 Cord.
472 2996 700 3033 ἀδιακώλυτος
718 2997 760 3031 Β.
781 2997 847 3031 Ed.
993 2997 1047 3030 28.
1074 2998 1091 3029 ὁ
1110 2997 1167 3031 alt.
1187 3001 1409 3041 assumptum
1427 3007 1467 3029 ex
1490 2995 1563 3030 ss.c.
1584 2994 1690 3029 Cord.

908 3064 1021 3103 422
