2084 3317
124 170 183 211 iii.
202 182 270 226 35.
352 171 425 212 IN
467 171 509 212 S.
544 169 884 211 JOANNEM.
948 170 1072 211 LIB.
1107 170 1168 211 II.
1231 171 1364 212 CAP.
1400 172 1478 214 IV.
1630 173 1712 212 255

123 284 207 330 τοῦ
233 282 366 330 Υὶοῦ.
409 281 539 349 χεῖρα
563 278 658 345 γὰρ
684 280 732 330 ἐν
757 277 939 333 τούτοις
965 279 1179 347 ὀνομάζει
1204 279 1291 344 τὴν
1317 280 1528 344 δύναμιν,
1550 278 1717 345 ὥσπερ

123 360 238 411 ὅταν
269 359 325 411 δι’
350 358 451 414 ἑνός
484 383 576 411 που
610 358 861 429 προφήτου
896 361 1015 429 λέγῃ
1047 362 1160 412 “Ὴ
1196 363 1299 429 χείρ
1333 385 1425 425 μου
1459 361 1717 429 ἐστερέωσε
1781 361 1941 445 ξ”ἷΧῙ“’ῑῑῑ·

123 449 150 473 “
176 440 259 493 τὸν
297 441 536 508 οὐρανὸν,”
577 443 679 493 ἀντὶ
719 448 802 493 τοῦ
839 443 905 493 ‘H
947 443 1153 507 δύναμις”
1207 444 1302 512 ἔχει
1340 444 1389 496 δὲ
1427 443 1627 508 σύμπαν
1670 444 1719 494 ἐν

122 524 270 593 ἑαυτῷ
307 522 361 575 τὸ
399 530 482 575 τοῦ
518 523 710 590 Πατρὸς
748 524 865 576 ἴδιον
897 526 922 576 ὁ
956 525 1085 588 Υἱὸς,
1117 526 1171 577 ού
1209 530 1536 591 μεταληπτῶς,
1569 528 1606 577 εἶ
1644 527 1719 576 καὶ

81 618 104 657 5
125 605 369 657 δεδωκέναι
395 607 585 672 λέγεται
611 608 636 658 ὁ
665 607 851 673 Πατήρ·
892 606 921 672 ἢ
947 605 1042 674 γὰρ
1069 607 1126 659 ἂν
1150 610 1399 673 ἐπίκτητον
1425 608 1523 676 ἔχοι
1557 609 1632 658 καὶ
1665 607 1720 657 οὐ

125 688 336 759 φυσικὴν
374 688 460 753 τὴν
499 688 712 755 θεότητα·
767 690 934 741 δίδωσι
972 689 1021 741 δὲ
1061 692 1206 745 οὕτως
1246 693 1271 743 ὁ
1313 690 1483 758 Πατὴρ
1521 693 1588 760 τῷ
1619 692 1760 758 Υἱῷθ

125 771 283 825 πάντα
327 795 386 823 τα
429 773 609 833 ἑαυτοῦ,
648 773 913 838 ὡσπερανεὶ
959 774 1034 823 καὶ
1079 773 1329 840 ἅνθρωπος
1369 777 1436 843 τῷ
1479 773 1538 842 ἐξ
1579 773 1720 824 αὐτοῦ

127 854 268 953 φύντι
312 855 443 906 παιδὶ
487 851 663 904 διδόναι
708 858 861 904 νοοῖτο
906 853 965 904 τὰ
1009 857 1092 918 τῆς
1137 854 1501 922 ἀνθρωπότητος
1545 855 1652 917 ι’δια,
1691 853 1721 919 ἢ

127 938 390 1003 ὡσπερανεὶ
417 937 492 986 καὶ
519 934 574 986 τὸ
607 941 703 1002 πῦρ
738 939 796 1004 τῇ
834 935 888 1005 ἐξ
922 937 1066 988 αὑτοῦ
1101 939 1200 988 κατ’
1228 938 1462 1004 ἐνέργειαν
1487 936 1723 1004 προὶούσῃ

60 1037 108 1063 10
128 1017 377 1084 θερμότητι
412 1016 588 1069 διδόναι
620 1016 808 1083 λέγοιτο
843 1020 926 1082 τῆς
960 1018 1078 1074 ιδιας
1114 1019 1319 1116 φύσεως
1345 1043 1400 1072 το
1438 1020 1623 1082 ἱδιωμα.
1676 1020 1724 1069 ἐν

128 1099 177 1151 δὲ
201 1104 298 1153 τοῖς
322 1098 560 1162 τοιούτοις,
589 1123 665 1150 και
691 1098 746 1150 τὸ
772 1105 1042 1168 παρασχεῖν
1066 1105 1162 1155 τοῖς
1193 1101 1485 1169 παρέχουσιν
1511 1100 1722 1169 ἀζήμιον,

128 1183 182 1233 οὐ
220 1181 313 1249 γὰρ
354 1181 473 1233 κατὰ
511 1181 745 1248 μερισμὸν
783 1180 811 1247 ἢ
853 1181 1102 1247 ἀποκοπὴν
1133 1187 1228 1234 τῶν
1258 1184 1553 1252 παρέχεσθαι
1594 1206 1726 1235 νοου-

128 1264 282 1329 μένων
318 1264 347 1328 ἡ
386 1263 604 1331 πρόοδος·
658 1266 732 1314 καὶ
771 1262 885 1316 αὐτὸ
925 1264 974 1315 δὲ
1014 1264 1068 1315 τὸ
1107 1265 1243 1334 δόξαι
1281 1270 1463 1328 λαβεῖν,
1501 1271 1599 1320 τοῖς
1637 1272 1726 1317 λα-

129 1352 303 1408 βοῦσιν
328 1345 701 1414 ἀκατηγόρητον·
745 1346 820 1397 διὰ
855 1346 949 1414 γὰρ
974 1346 1120 1411 μόνον
1145 1346 1199 1399 τό
1225 1346 1321 1418 Ἐξ
1351 1348 1404 1399 οὗ
1440 1347 1500 1400 τὰ
1534 1354 1726 1400 τοιαῦτα
1745 1373 1765 1395 a
1811 1360 1882 1396 171
1898 1358 1951 1395 A·

65 1446 110 1483 ῐ5
132 1429 335 1495 λέγεται,
370 1430 445 1480 καὶ
484 1427 666 1499 φυσική
706 1451 789 1491 τις,
821 1429 875 1480 ἵν’
912 1431 1060 1483 οὕτως
1099 1429 1227 1493 ε’ίπω,
1261 1429 1453 1495 ποιότης
1491 1435 1586 1482 τῶν
1622 1454 1721 1497 γεν-

132 1512 321 1563 νώντων
360 1516 528 1563 νοεῖται
568 1510 627 1562 τὰ
667 1511 948 1577 γεννώμενα,
987 1510 1042 1563 τὸ
1087 1513 1136 1563 τί
1175 1513 1275 1564 κατ’
1316 1514 1484 1564 οὐσίαν
1522 1514 1627 1565 ἐστι
1672 1511 1726 1564 τὸ

131 1599 311 1661 γεννῶν
338 1595 633 1664 ἐκφαίνοντα,
662 1595 737 1644 καὶ
764 1594 1226 1661 καταλαμπρύνοντα
1259 1597 1343 1659 τῆς
1377 1596 1546 1650 οἰκείας
1571 1598 1727 1662 πηγῆς

132 1675 218 1741 τὴν
258 1674 377 1727 κατὰ
416 1675 568 1745 φύσιν
606 1676 854 1743 ἐνέργειαν.
926 1678 1002 1727 καὶ
1041 1682 1188 1728 ταῦτα
1224 1676 1309 1741 μὲν
1347 1676 1507 1740 πάλιν,
1548 1680 1610 1731 ὡς
1654 1679 1729 1729 ἐπὶ

133 1757 542 1855 παραδειγμάτων,
570 1759 786 1825 ἀνωτέρω
821 1756 870 1808 δὲ
905 1759 1084 1809 τούτων
1110 1757 1330 1823 δηλονότι
1368 1758 1506 1814 Θεός’
1550 1758 1626 1810 διά
1659 1782 1730 1810 τοι

65 1869 115 1894 20
135 1846 273 1893 τοῦτο
309 1841 392 1892 τὸν
428 1840 724 1907 ἀνθρωπινον
763 1842 1054 1891 ἀσθενοῦντα
1093 1840 1241 1907 λόγον
1280 1864 1363 1893 ουκ
1403 1841 1730 1906 αἰτιασόμεθα,

135 1922 324 1993 (ὂΔόξα
361 1946 455 1990 γαρ
494 1923 670 1989 Κυριου
708 1922 901 1989 κρύπτει
940 1922 1129 1989 λόγον,”
1158 1922 1281 1975 καθὰ
1319 1946 1600 1990 γεγραπται.
1656 1947 1730 1975 και
1792 1920 1913 1995 ξζῗνὲ

135 2028 173 2057 ει
206 2005 449 2069 βλέπομεν
480 2005 535 2055 δι
565 2003 802 2072 ἐσόπτρου
836 2007 911 2056 καὶ
946 2003 1000 2056 δι’
1028 2006 1317 2071 αἰνιγματος,
1344 2028 1418 2057 και
1456 2011 1651 2070 νοοῦμεν
1682 2007 1732 2056 ἐκ
1794 2008 1928 2082 ἐξῇ-2.

134 2086 317 2154 μέρους,
348 2091 449 2140 πῶς
480 2085 540 2138 ἂν
570 2087 672 2155 οὐχὶ
705 2090 878 2157 πολλῷ
914 2086 970 2152 δὴ
1007 2086 1225 2154 μειζόνως
1264 2093 1360 2142 τοῖς
1400 2087 1475 2139 διὰ
1514 2088 1777 2154 γλώττηςὶ)

136 2168 452 2234 ἀτονήσαιμεν
481 2168 691 2236 ῥήμασιν
708 2191 721 2232 3
777 2169 963 2234 νοήσεις
1001 2176 1252 2237 τοιγαροῦν
1283 2171 1508 2233 εὐσεβῶς,
1544 2168 1574 2235 ἢ
1614 2169 1735 2221 κατὰ

68 2273 116 2311 25
138 2257 303 2303 τοῦτον
346 2251 430 2303 τὸν
470 2251 647 2318 τρόπον
685 2250 740 2303 τὸ
785 2254 944 2303 πάντα
987 2253 1210 2303 δεδόσθαι
1255 2252 1386 2319 παρὰ
1435 2252 1627 2319 Πατρὸς
1669 2255 1735 2320 τῴ

139 2337 257 2404 Υἱῷ·
323 2332 352 2398 ὴ
402 2334 674 2403 παραλήψῃ
725 2333 874 2386 πάλιν
923 2337 1006 2398 τῆς
1061 2333 1180 2398 μετὰ
1237 2334 1418 2401 σαρκὸς
1474 2334 1737 2397 οἰκονομίας

139 2415 223 2467 τὸν
271 2414 434 2481 λόγον,
483 2415 631 2467 οὐκέτι
683 2415 738 2468 τὸ
790 2419 949 2468 δοῦναι
1008 2418 1083 2468 καὶ
1143 2422 1311 2478 λαβεῖν
1362 2418 1434 2468 ἐπὶ
1492 2421 1586 2468 τῶν
1637 2420 1733 2484 φυ-

139 2501 290 2548 σικῶν
336 2497 600 2562 ἰδιωμάτων
647 2497 945 2568 εἰσφέροντα,
990 2499 1101 2549 ἀλλ’
1151 2500 1225 2550 ἐπὶ
1274 2502 1332 2566 τῇ
1378 2497 1497 2549 κατὰ
1545 2497 1737 2549 πάντων

192 2652 222 2676 1.
248 2640 346 2686 Υἱοῦ]
367 2643 520 2686 Χριστοῦ
539 2641 707 2676 mendose
725 2652 756 2677 a.
877 2651 910 2676 2.
936 2639 1136 2687 προφήτου]
1155 2644 1222 2675 τῶν
1237 2641 1424 2686 προφητῶν
1443 2639 1537 2674 Catt.
1659 2653 1692 2682 4.
1719 2641 1738 2673 ὁ

141 2689 220 2724 Υἱὸς
237 2694 460 2734 assumptum
480 2700 522 2722 ex
544 2688 584 2722 Β.
605 2687 698 2723 Catt.
920 2698 954 2731 5.
980 2689 1052 2733 ἕχει
1073 2688 1114 2723 Β.
1331 2698 1362 2732 7.
1388 2687 1537 2731 ὡσπερεὶ
1558 2686 1598 2720 Β.
1618 2686 1738 2721 invitis

143 2735 299 2770 Catenis.
412 2746 445 2780 9.
412 2735 510 2780 9ἐξ
528 2736 647 2770 ἑαυτοῦ
666 2735 711 2769 D.
835 2746 888 2769 10.
916 2734 1018 2780 ἰδίας]
1038 2735 1160 2770 οἷκειας
1179 2733 1344 2769 Catenae.
1467 2744 1521 2768 12.
1547 2733 1739 2778 παραδέχε·

143 2798 226 2833 σθαι
247 2798 288 2833 Β.
587 2809 640 2843 13.
666 2799 812 2842 πρόοδος
833 2781 973 2843 [πρόδος
991 2797 1099 2843 Cod.]
1122 2798 1164 2832 B.
1181 2796 1382 2831 faventibus
1402 2796 1556 2831 Catenis.
1575 2797 1652 2833 ὁδός
1671 2796 1739 2832 Ed.

148 2854 202 2888 15.
227 2845 324 2880 ἐστιν
340 2859 445 2880 ουτως
462 2843 481 2888 ἡ
500 2856 564 2890 pro
581 2844 620 2879 ’ἶν’
639 2844 742 2882 οὕτως
761 2860 843 2881 ειπω
863 2845 905 2879 Β.
1069 2844 1121 2879 16.
1149 2843 1217 2878 κατ’
1236 2844 1357 2878 οὐσίαν
1375 2843 1450 2878 ἐστι
1469 2843 1534 2878 hoc
1553 2844 1675 2878 ordine
1695 2844 1738 2879 B.

145 2892 222 2927 ἐστι
239 2890 310 2926 κατ’
329 2892 449 2926 ουσίαν
466 2891 541 2926 ε’στι
562 2891 607 2925 D.
812 2904 864 2938 19.
891 2889 1045 2935 ἀνωτέρω
1065 2890 1173 2925 Cord.
1193 2890 1260 2924 Ed.
1278 2890 1445 2935 ἀνώτερον
1465 2890 1507 2925 Β.
1525 2890 1690 2935 ἀνώτερος
1707 2902 1738 2926 a.

148 2949 204 2974 20.
229 2940 288 2974 τὸν
308 2939 349 2973 Β.
358 2938 402 2973 D.
423 2938 515 2972 Catt.
534 2939 572 2972 τὸ
592 2938 658 2972 Ed.
792 2950 847 2975 22.
872 2939 914 2973 δι’
933 2939 992 2974 alt.
1010 2943 1233 2983 assumptum
1252 2949 1293 2971 ex
1314 2937 1357 2972 Β.
1488 2948 1543 2981 24.
1569 2937 1588 2981 ἢ
1606 2950 1676 2972 om.
1699 2937 1740 2973 Β.

149 2985 205 3021 26.
230 2984 351 3031 πάλιν]
371 2987 502 3021 πάντως
522 2984 684 3020 Catenae.
