2084 3317
336 155 421 194 406
739 158 788 198 B.
823 157 1097 199 CYRILLI
1139 159 1519 200 ALEXANDR.
1749 157 1804 197 vi.
1822 161 1919 210 5-7·

113 273 195 353 {ff
211 271 265 352 ffb·
298 261 547 331 ὃ’ἕ(ί)οῑ()“Ἱ<ΕῙ)
597 264 735 320 αὑτός
781 273 806 296 “
833 268 993 331 ’Υμεῖς
1051 271 1092 318 οἱ
1144 267 1553 331 ἀκολουθήσαντές
1601 289 1681 329 μοι
1731 267 1779 315 ἐν
1826 268 1922 317 τοῖς

140 346 146 353 .
190 332 209 352 a
268 344 275 352 ι

112 365 179 419 ⁴fix.
202 365 252 396 28.
338 351 364 374 ‘⁶
389 352 666 411 πειρασμοῖς
704 370 808 411 μου,
842 351 889 399 ἐν
923 352 981 416 τῇ
1019 348 1366 416 παλιγγενεσία
1405 348 1518 398 ὅταν
1551 348 1726 415 καθίσῃ
1762 347 1787 397 ὃ
1826 346 1922 400 υἱὸς

110 408 259 482 Ξὲὲἰὶξὲ.
337 433 364 455 “
388 432 471 477 τοῦ
514 428 765 495 ἀνθρώπου
810 431 884 480 ἐπὶ
929 429 1099 495 θρόνου
1144 430 1286 499 δόξης
1330 431 1485 492 αὑτοῦ,
1529 430 1802 494 καθήσεσθε
1846 428 1922 479 καὶ

336 514 364 536 “
390 510 516 570 ὑμεῖς
542 511 620 560 ἐπὶ
645 510 823 561 δώδεκα
849 511 1043 577 θρόνους
1070 512 1303 576 κρίνοντες
1330 510 1414 565 τὰς
1439 512 1618 562 δώδεκα
1649 509 1807 579 φυλὰς
1839 515 1923 560 τοῦ

337 597 363 619 “
389 590 637 656 Ἰσραήλ.”
688 592 860 646 ταύτας
895 591 989 658 γὰρ
1022 590 1150 654 οἶμαι
1176 593 1260 647 τὰς
1287 593 1480 658 θεωρίας
1505 593 1740 661 εἰσφέρειν
1766 590 1820 643 τὸ
1847 593 1921 642 καί
1942 605 1964 643 5

334 671 666 738 προσεδρεύειν
700 673 928 739 λέγεσθαι
963 678 1029 743 τῷ
1066 677 1251 741 Σωτῆρι
1285 673 1394 728 τοὺς
1430 673 1645 742 μαθητὰς,
1673 676 1748 725 καὶ
1785 677 1918 725 ἀνελ-

334 752 494 807 θόντας
520 756 568 805 ἐν
595 753 688 820 ὄρει
714 756 1026 821 συγκαθίσαι.

293 891 528 948 5Ἔπάρας
555 890 629 934 οὖν
655 895 754 935 τοὺς
781 894 1034 950 ὀφθαλμοὺς
1061 896 1084 937 ὁ
1104 895 1267 937 ἸΗσοῦς
1295 895 1363 936 καὶ
1391 895 1655 944 θεασάμενος
1690 896 1755 937 ὅτι
1789 894 1922 935 Πολὺς

289 974 315 1015 b
401 975 528 1031 ὄχλος
562 976 731 1033 ἔρχεται
766 977 874 1034 Πρὸς
910 977 1053 1029 αὐτὸν,
1080 979 1193 1026 λέγει
1226 978 1334 1035 Πρὸς
1362 978 1577 1019 Φίλιππον
1603 978 1739 1021 Πόθεν
1766 977 1924 1034 ἀΓορά-

292 1067 314 1103 6
402 1073 530 1106 σομεν
569 1059 724 1115 ἄρτους
762 1060 830 1101 ἵνα
870 1061 1064 1117 φάΓωσιν
1103 1059 1247 1113 οὗτοι;
1301 1064 1424 1103 τοῦτο
1462 1061 1507 1103 δὲ
1552 1061 1672 1108 ἕλει-ε
1711 1062 1922 1117 Πειράςων
1947 1071 1994 1095 10

292 1152 310 1190 7
401 1142 543 1184 αὐτόν·
601 1142 728 1186 αὐτὸς
778 1144 856 1200 Γὰρ
907 1144 1000 1202 ᾤδει
1048 1143 1087 1185 τί
1134 1144 1290 1193 ἔμελλε
1339 1141 1491 1185 Ποιεῖν.
1546 1143 1755 1200 ἀπεκρίθΗ
1805 1143 1922 1196 αὐτῷ

401 1224 629 1266 Φίλιππος.

409 1315 628 1381 Μάθημα
654 1315 711 1381 δὴ
737 1317 886 1368 πάλιν
913 1317 1112 1384 ἄριστόν
1131 1341 1181 1369 τε
1207 1321 1282 1369 καὶ
1309 1319 1512 1385 ἀνδράσι
1537 1323 1632 1371 τοῖς
1659 1316 1924 1383 ἱερωτάτοις

331 1399 731 1466 πρεπωδέστατον
758 1404 853 1453 τοῖς
887 1400 1053 1451 ἑαυτοῦ
1087 1405 1318 1465 μαθηταῖς
1352 1400 1607 1464 ἐπενόησεν
1634 1401 1659 1451 ὁ
1689 1399 1920 1466 Χριστὸς,

331 1482 406 1531 καὶ
441 1482 489 1531 ἐν
516 1481 800 1549 δυσχωρίαις
837 1480 1054 1549 ἀκράτοις
1092 1487 1223 1534 νικᾶν
1255 1483 1519 1534 ἀναπείθων
1545 1481 1630 1546 τὴν
1655 1483 1729 1533 ἐπὶ
1762 1481 1922 1551 τρόπῳ
1948 1496 1994 1535 15

330 1566 397 1632 τῷ
422 1562 660 1633 φιλοξένῳ
687 1565 880 1627 δειλίαν,
899 1566 974 1615 καὶ
1001 1564 1139 1615 ὅκνον
1159 1564 1243 1628 μὲν
1264 1565 1346 1616 τὸν
1365 1567 1438 1616 ἐπὶ
1464 1564 1614 1635 τούτῳ
1640 1564 1924 1631 διαρῥίπτειν

291 1670 313 1697 c
330 1668 422 1696 που
456 1644 655 1711 μακρὰν,
684 1648 980 1713 θερμοτέροις
1007 1645 1056 1697 δὲ
1081 1651 1274 1710 μᾶλλον
1299 1649 1373 1698 ἐπὶ
1406 1645 1492 1711 τὴν
1517 1646 1686 1713 ἀρετὴν
1712 1649 1918 1715 ἀφικνεῖ-

331 1732 449 1778 σθαι
475 1727 741 1792 κινήμασιν·
785 1729 838 1779 οὗ
864 1729 913 1779 τί
934 1727 993 1779 ἂν
1018 1729 1201 1795 γένοιτο
1226 1728 1394 1795 μεῖζον,
1420 1728 1552 1795 παρά
1576 1752 1631 1795 γε
1657 1733 1753 1783 τοῖς
1779 1727 1926 1780 εἰδόσι

333 1811 409 1860 καὶ
437 1809 633 1861 θέλουσι
662 1811 717 1861 δι’
745 1809 810 1861 ὧν
837 1809 893 1861 ἂν
919 1811 1088 1877 πρέποι
1121 1810 1207 1875 τὴν
1234 1812 1412 1863 ἄνωθεν
1437 1812 1616 1865 ἑαυτοῖς
1651 1811 1926 1879 ἐξωνεῖσθαι

334 1892 533 1960 φιλίαν;
590 1891 739 1959 ὄχλου
777 1891 871 1959 γὰρ
911 1893 966 1957 δὴ
1005 1892 1123 1960 πρὸς
1161 1893 1304 1944 αὐτὸν
1343 1893 1493 1946 ἰόντος
1534 1894 1588 1944 οὐ
1629 1899 1810 1960 μικροῦ,
1850 1895 1924 1944 καὶ
1946 1914 1995 1940 20

333 1973 652 2039 ἀναριθμήτου
690 1974 904 2038 πληθύος
945 1974 1127 2026 ὑδάτων
1154 1976 1286 2040 δίκην
1312 1976 1671 2042 ἐπεισχεομένης
1708 1980 1803 2029 τοῖς
1840 1974 1920 2026 τό·

332 2077 453 2118 ποις,
480 2057 528 2106 ἐν
559 2055 625 2109 οἷς
665 2057 891 2123 ηὐλίζετο,
925 2056 1043 2123 πρὸς
1082 2056 1135 2108 τὸ
1173 2056 1498 2124 ἑτοιμάζεσθαι
1537 2058 1725 2126 τρέφειν
1758 2057 1926 2110 αὐτοὺς

332 2141 625 2205 παραχρῆμα
664 2138 964 2190 διεκελεύετο.
1021 2141 1096 2190 καὶ
1130 2137 1188 2202 ἧν
1213 2139 1298 2203 μὲν
1325 2138 1471 2193 ὅντως
1505 2140 1589 2190 οὐκ
1624 2139 1812 2194 ἀπεικὸς
1848 2141 1924 2191 καὶ

332 2225 416 2270 τοῦ
460 2218 655 2288 σφόδρα
704 2220 943 2271 πλουσίου
990 2219 1364 2288 καταναρκήσειν
1404 2221 1489 2285 τὴν
1529 2223 1812 2288 προθυμίαν,
1858 2225 1924 2291 τῷ

332 2301 507 2366 πλήθει
543 2307 638 2352 τῶν
663 2302 912 2368 ὁρωμένων
939 2304 1351 2367 καταπτοουμένην
1378 2307 1441 2357 εἰς
1469 2302 1626 2372 φόβον
1650 2303 1734 2355 τὸν
1759 2305 1834 2356 ἐπὶ
1857 2307 1924 2374 τῷ
1946 2319 1995 2359 25

288 2383 398 2448 εἰμὴ
433 2384 664 2435 δύνασθαι
702 2385 981 2453 φιλοξενεῖν·
1022 2386 1132 2435 ἀλλ’
1161 2384 1295 2435 οὐδὲν
1321 2384 1445 2438 ὅλως
1483 2385 1675 2436 δεικνύει
1711 2386 1765 2437 τὸ
1800 2385 1926 2452 μέγα

334 2467 562 2532 Χριστὸς,
583 2465 696 2517 ὅταν
716 2471 778 2520 εἰς
805 2467 994 2532 ὀλίγους
1025 2467 1243 2533 γίγνηται
1269 2467 1380 2533 παρ’
1404 2468 1583 2532 ἡμῶνὴ
1611 2470 1925 2538 φιλαδελφία,

335 2548 773 2600 κατανεανιεύεσθαι
809 2548 865 2599 δέ
893 2572 994 2603 πως
1029 2551 1103 2599 καὶ
1140 2553 1234 2599 τῶν
1260 2550 1369 2616 παρ’
1398 2550 1568 2601 ἐλπίδα
1592 2551 1836 2613 βούλεται,
1866 2555 1925 2620 τῇ

335 2634 398 2683 εἰς
424 2629 568 2681 αὑτὸν
594 2630 874 2695 πεποιθήσει
899 2629 1263 2694 βεβαιουμένους
1289 2631 1409 2697 πρὸς
1435 2631 1519 2694 τὴν
1546 2633 1617 2700 ἐφ’
1647 2630 1802 2684 ἅπασι
1828 2637 1926 2687 τοῖς

335 2714 531 2777 ἀγαθοῖς
555 2713 820 2775 εὐτολμίαν.
1300 2748 1305 2752 ·
1946 2734 1996 2770 30

383 2828 415 2860 5.
442 2833 478 2852 τε
496 2830 560 2863 pro
577 2819 615 2853 τὸ
635 2819 678 2853 Β.
822 2819 855 2854 6.
881 2818 1064 2865 λέγεσθαι]
1084 2819 1226 2854 ἑλέσθαι
1246 2819 1287 2854 Β.
1450 2830 1481 2866 7.
1508 2821 1716 2867 συγκαθίσαι
1735 2821 1778 2856 Β.
1796 2835 1924 2867 συγκα-

336 2864 461 2906 θῆσθιιι
480 2865 546 2900 Ed.
764 2879 817 2908 14.
843 2866 1127 2911 πρεπωδέστερον
1145 2866 1188 2901 Β.
1406 2869 1459 2902 16.
1485 2867 1630 2913 δειλίαν]
1651 2869 1759 2903 διαιὰν
1777 2868 1862 2913 (Sic)
1882 2868 1924 2903 B.

339 2922 390 2955 19.
416 2911 539 2955 πρέποι
559 2912 601 2947 Β.
619 2912 740 2957 πρέπει
759 2913 825 2948 Ed.
932 2924 986 2947 21.
1014 2913 1230 2958 ἐπιχεομένης
1250 2914 1291 2948 Β.
1399 2925 1454 2957 24.
1480 2914 1668 2960 πλουσίου]
1689 2915 1862 2960 χρησίμου
1882 2914 1923 2949 Β.

338 2956 393 2990 26.
420 2958 464 3001 μὴ
483 2970 554 2993 om.
576 2959 617 2994 B.
682 2958 786 3005 μέγα]
812 2964 848 3000 —f-
869 2962 929 2994 τοῦ
948 2959 1014 2994 Ed.
1034 2960 1152 2994 invitis
1172 2959 1264 2994 B.D.
1395 2972 1450 3006 29.
1476 2963 1722 3005 βεβαιουμένου
1742 2961 1782 2995 Β.
