2084 3317
338 164 421 204 598
740 164 790 206 B.
824 163 1099 205 CYRILLI
1140 162 1521 204 ALEXANDR.
1764 162 1834 204 vii.
1857 175 1920 214 ¹4·

337 273 448 340 θέτῃ
486 275 654 324 δοκοῦν
689 277 956 340 περιαθρεῖν
989 271 1291 339 εὐγνωμόνως
1331 271 1628 338 ἠναγκάζετο,
1661 273 1736 322 καὶ
1775 272 1830 322 δι’
1858 268 1924 321 ῶν

339 355 440 404 οὐδ’
479 354 596 405 ὅσον
637 354 877 407 ἐπαινέσαι
915 354 969 405 τὸ
1007 353 1189 420 ἀγαθὸν
1227 358 1488 417 τολμῶσιν,
1528 353 1802 404 ἐθελούσιον
1839 350 1925 415 μὲν

339 437 568 500 οὐδαμῶς,
608 436 885 501 βιαιοτάτην
928 436 978 487 δὲ
1025 435 1205 501 ὥσπερ,
1247 436 1352 486 καθ’
1400 433 1464 486 ῶν
1508 433 1566 486 ἂν
1608 436 1768 485 ἐκεῖνοι
1811 433 1925 495 βού-

295 526 323 567 d
341 525 531 580 λωνται,
559 519 644 582 τὴν
668 521 742 570 ἐπὶ
768 516 1036 586 φαυλότητι
1072 519 1244 585 ψῆφον
1270 517 1491 586 ἐκφέρειν,
1518 518 1594 567 καὶ
1628 515 1711 568 τὸν
1735 517 1925 567 ἐπαίνου

341 601 416 650 καὶ
462 598 700 663 θαύματος
745 599 893 668 ἄξιον,
936 601 999 653 ὡς
1041 597 1244 665 αἰσχρὸν
1285 598 1588 664 κατακρίνειν.
1658 597 1800 663 ὅνπερ
1844 597 1966 648 οὖνὸ

340 679 518 747 τρόπον
541 680 600 732 ἂν
624 679 799 746 ἄριστά
833 703 902 734 τις
938 678 1056 745 ἀνὴρ
1092 677 1398 729 θαλαττεύειν
1429 679 1574 741 εἰδὼς,
1602 681 1677 730 καὶ
1713 682 1809 732 τοῖς
1842 681 1926 741 τῆς

342 762 452 816 νεὼς
489 764 737 827 πηδαλίοις
774 761 1182 828 προσκαθήμενος,
1209 762 1283 811 καὶ
1316 761 1596 825 πειθομένην
1632 760 1752 828 ἔχων
1782 759 1926 824 αὐτὴν

341 843 515 910 ἀγάγοι
540 843 660 895 κατὰ
684 848 883 910 πετρῶν,
911 843 1049 896 αὐτὸς
1085 841 1143 893 ἂν
1170 843 1380 896 ὑπαίτιος
1413 847 1565 893 νοοῖτο
1599 841 1807 908 γεγονὼς
1842 847 1926 893 τοῦ

340 927 656 991 πταίσματος·
717 925 746 991 ἢ
798 924 963 992 ὥσπερ
1013 923 1070 975 ἂν
1114 924 1158 976 εἴ
1200 947 1270 979 τις
1317 927 1600 989 ἱππηλατεῖν
1645 924 1922 989 εἰθισμένος,

340 1008 709 1075 εὐδρομωτάτοις
751 1006 837 1072 μὲν
876 1008 985 1058 λίαν
1024 1009 1243 1075 ἐποχοῖτο
1287 1011 1384 1060 τοῖς
1428 1006 1621 1070 πώλοις,
1660 1006 1920 1073 εὐπαρακό-
1949 1027 1996 1053 10

340 1113 514 1153 μιστον
542 1089 590 1141 δὲ
624 1092 778 1141 αὐτῶν
804 1092 880 1141 καὶ
913 1089 999 1154 τὴν
1024 1090 1096 1158 ἐφ’
1127 1089 1242 1155 ὅπερ
1277 1088 1335 1139 ἂν
1365 1087 1589 1149 βούλοιτο
1621 1091 1799 1152 πτῆσιν
1832 1093 1927 1142 τοῖς

301 1176 435 1222 οτῶν
478 1177 689 1239 χαλινῶν
732 1171 1124 1237 ἀνακρούσμασιν
1169 1171 1291 1238 ἔχειν
1336 1170 1604 1232 δυνάμενος,
1658 1168 1756 1220 εἶτα
1806 1170 1927 1240 λίθῳ

339 1253 684 1323 προσαρῥάξας
718 1253 826 1308 τούς
862 1252 1073 1321 τροχοὺς,
1101 1253 1155 1303 οὐ
1189 1257 1285 1306 τοῖς
1320 1252 1501 1305 πώλοις
1534 1257 1617 1302 τοῦ
1650 1255 1817 1302 παθεῖν
1842 1249 1928 1315 τὴν

340 1336 491 1386 αἰτίαν
532 1334 741 1402 εὐλόγως
786 1334 884 1400 μὲν,
923 1340 1116 1399 μᾶλλον
1154 1335 1302 1403 ἑαυτῷ
1346 1332 1609 1400 περιθήσει·
1666 1331 1748 1385 τὸν
1787 1333 1929 1384 αὐτὸν

339 1415 467 1480 οἶμαι
494 1417 671 1484 τρόπον
697 1421 740 1468 οἱ
767 1421 862 1468 τῶν
885 1416 1125 1468 Ἰουδαίων
1151 1417 1428 1481 καθηγηταὶ,
1456 1416 1542 1482 οὐχ
1569 1415 1693 1468 ὅπως
1720 1419 1928 1477 τιμῶντα
1950 1432 1997 1472 15

338 1498 498 1562 μόνον,
538 1500 671 1550 ἀλλὰ
710 1501 785 1550 καὶ
824 1504 890 1568 τῷ
930 1498 1044 1564 ὑπὲρ
1083 1497 1252 1549 τούτου
1293 1497 1434 1567 φόβῳ
1476 1495 1929 1562 δουλαγωγούμενον

340 1582 524 1649 ἔχοντες
563 1581 646 1633 τὸν
684 1581 817 1644 λαὸν,
857 1580 1133 1650 ἀπᾳδόντως
1176 1579 1224 1631 δὲ
1264 1585 1360 1634 τοῖς
1403 1579 1540 1634 θείοις
1582 1578 1930 1646 προστάγμασι

340 1663 675 1729 διοικήσαντες,
709 1664 891 1717 δικαίως
932 1662 989 1714 ἂν
1028 1663 1159 1713 αὐτοὶ
1197 1664 1279 1726 τῆς
1319 1660 1543 1713 ἁπάντων
1582 1661 1929 1714 ἀπωλείαςεύ-

340 1747 482 1801 θύνας
528 1748 776 1798 ἐκτίσειαν.
850 1745 921 1797 ὅτι
968 1743 1017 1796 δὲ
1062 1745 1193 1795 αὐτοὶ
1243 1746 1326 1808 τῆς
1378 1748 1473 1794 τῶν
1516 1747 1649 1794 λαῶν
1694 1741 1931 1796 ἀπωλείας

115 1844 208 1878 409
223 1843 274 1878 A.
301 1828 569 1895 ειγεγόνασι
612 1828 872 1897 πρόφασις,
911 1825 1204 1893 μαρτυρήσει
1243 1825 1400 1892 λέγων
1438 1827 1463 1876 ὁ
1501 1824 1750 1894 προφήτης
1785 1825 1923 1891 Ἱερε-
1950 1841 2001 1868 20

115 1910 260 1986 {ixi-⁶³²³·
340 1912 449 1975 μίας
477 1910 639 1962 ίίοὈτι
678 1913 720 1961 οὶ
757 1910 971 1973 ποιμένες
1009 1909 1385 1977 ἠφρονεύσαντο,
1415 1910 1491 1958 καὶ
1529 1906 1613 1958 τὸν
1641 1906 1818 1974 Κύριον
1848 1907 1931 1957 οὐκ

340 2001 368 2023 “
395 1992 699 2063 ἐξεζήτησαν·
764 1990 839 2043 διὰ
885 1997 1025 2043 τοῦτο
1071 1991 1153 2041 οὐκ
1199 1988 1365 2053 ἐνόησε
1409 1994 1548 2041 πᾶσα
1598 1989 1625 2054 ἡ
1677 1988 1810 2053 νομὴ,
1855 1990 1931 2039 καὶ

340 2082 368 2105 “
394 2074 881 2142 διεσκορπίσθησαν.”

274 2249 320 2284 ¹4
363 2236 475 2278 ἬὸΗ
515 2236 560 2278 δὲ
599 2240 673 2278 τῆς
709 2235 866 2292 ἑορτῆς
904 2234 1115 2283 μεσούσΗε
1152 2233 1282 2283 ἀνὲβΗ
1322 2233 1344 2276 ὁ
1377 2233 1545 2275 ἸΗσοῡε
1584 2230 1644 2273 εἰς
1681 2232 1729 2273 τὸ
1769 2229 1898 2288 ἱερὸν,

963 2317 1032 2357 καὶ
1067 2315 1306 2358 ἐδίδασκεν.
1951 2320 1999 2359 25

412 2425 714 2495 Ἱεροπρεπὴς
747 2431 830 2477 τοῦ
864 2428 1085 2492 Σωτῆρος
1120 2425 1253 2489 ἡμῶν
1287 2425 1315 2489 ἡ
1356 2424 1660 2476 διδασκαλία·
1702 2428 1796 2475 ποῦ
1835 2421 1930 2489 γὰρ

340 2510 396 2576 δὴ
424 2513 499 2562 καὶ
531 2509 722 2576 ἑτέρωθι
757 2513 949 2573 μᾶλλον
974 2509 1116 2576 ἐχρῆν
1142 2506 1228 2571 τὴν
1254 2508 1380 2558 θείαν
1408 2507 1662 2558 ἀκούεσθαι
1691 2503 1870 2574 φωνὴν,
1895 2507 1932 2555 εὶ

293 2603 320 2644 b
338 2592 403 2657 μὴ
439 2594 488 2644 ἐν
518 2591 692 2654 τόποις,
720 2590 787 2645 οἷς
822 2590 876 2642 τὸ
913 2594 1037 2641 θεῖον
1073 2590 1263 2640 ἐνοικεῖν
1297 2589 1607 2654 πιστεύηταις
1653 2587 1811 2640 πάντα
1848 2587 1933 2651 μὲν

339 2675 433 2743 γὰρ
472 2675 679 2741 περιέπει
718 2672 856 2731 Θεὸς,
894 2674 970 2723 καὶ
1009 2672 1092 2723 οὐκ
1131 2670 1188 2722 ἂν
1228 2676 1380 2723 νοοῖτο
1419 2670 1550 2741 τόπῳ
1588 2667 1928 2738 περιγραπτὸς,

390 2839 418 2862 1.
446 2826 671 2872 ἠναγκάζοντο
692 2825 734 2860 Β.
832 2836 864 2870 3.
892 2825 932 2859 ἂν
949 2836 1020 2858 om.
1041 2823 1083 2857 B.
1181 2823 1213 2857 6.
1240 2824 1367 2867 τρόπον
1384 2823 1424 2857 ἂν
1441 2820 1583 2867 ἄριστά]
1604 2822 1729 2867 ἄριστα
1747 2823 1874 2866 τρόπον
1890 2821 1931 2855 Β.

344 2885 394 2908 10.
421 2873 498 2919 μὲν]
519 2874 554 2907 δέ
575 2873 616 2907 Β.
717 2884 769 2915 14.
796 2873 947 2917 εὐλόγως
964 2871 1034 2914 μὲν,
1053 2869 1204 2915 μᾶλλον]
1226 2896 1234 2910 ,
1254 2871 1404 2915 εὐλόγως
1421 2870 1457 2904 δέ
1475 2870 1609 2913 μᾶλλον
1630 2869 1670 2903 Β.
1772 2868 1825 2902 16.
1852 2867 1930 2902 τού-

338 2935 397 2954 του
419 2921 458 2954 Β.
478 2923 578 2955 τοῦτο
598 2919 664 2954 Ed.
803 2930 858 2961 25.
887 2916 1081 2962 ἐδίδασκεν]
1106 2921 1142 2955 4-
1164 2917 1275 2961 λέγων
1295 2917 1336 2950 Β.
1475 2916 1529 2949 28.
1555 2915 1770 2960 πιστεύηται]
1790 2914 1930 2949 πιστεύ-

338 2982 389 3001 ετε
413 2967 452 3001 Β.
598 2977 652 3011 29.
678 2967 743 3011 γὰρ
762 2978 831 3000 om.
853 2966 894 3000 B.
967 2966 1059 3010 τόπῳ
1077 2965 1305 3009 περιγραπτὸς
1322 2963 1389 2997 hoc
1410 2962 1532 2997 ordine
1554 2962 1647 2997 B.D.
