2084 3317
162 145 216 187 vi.
236 145 305 186 68.
371 144 446 186 IN
488 145 532 186 S.
565 143 906 186 JOANNEM.
968 143 1094 184 LIB.
1128 143 1207 184 IV.
1268 143 1404 184 CAP.
1436 141 1516 183 IV.
1673 141 1756 182 565

162 254 308 304 ἐκεῖνο
355 252 411 305 τὸ
460 253 698 320 εἰρημένον
746 252 878 321 παρὰ
929 257 1149 320 Χριστοῦ
1199 260 1227 282 “
1251 253 1316 304 Ὁ
1370 254 1470 316 ἐμοὶ
1526 254 1755 303 διακονῶν
1818 255 1912 329 ἔξω
1923 256 1981 286 ¹11·

162 343 192 366 ‘⁶
218 336 534 387 ἀκολουθείτω
564 354 657 400 μοι·
698 339 774 388 καὶ
812 335 931 388 ὅπου
969 337 1061 399 εἰμὶ
1098 335 1207 401 ἐγὼ,
1238 337 1333 386 ἐκεῖ
1366 337 1442 386 καὶ
1478 336 1504 386 ὃ
1542 332 1755 388 διάκονος
1774 356 1796 383 e

163 424 193 447 “
218 419 244 468 ὁ
270 418 379 480 ἐμὸς
404 417 588 469 ἕσται.”
637 418 692 470 τὸ
718 418 812 485 γὰρ
837 416 1051 484 πεπηγὸς
1077 420 1182 484 περὶ
1207 416 1296 481 τὴν
1322 416 1659 481 ἀκολούθησιν,
1679 418 1757 467 καὶ

164 499 220 551 τὸ
253 502 338 564 τῆς
370 502 678 568 προσεδρείας
715 499 904 563 ἐκτενὲς,
931 499 1008 551 διὰ
1038 505 1123 552 τοῦ
1147 497 1455 565 συμβαδίζειν
1480 497 1754 565 ἀπερισπά·

121 596 145 633 5
164 605 294 636 στως
343 583 471 652 αὐτῷ
520 584 814 647 σημαίνεται·
885 582 941 634 τὸ
997 581 1046 633 δὲ
1096 580 1404 648 συμβαδίζειν
1452 584 1520 650 τῷ
1571 583 1759 647 Σωτῆρι

166 668 381 734 Χριστῷ,
413 667 489 716 καὶ
527 667 817 728 ἀκολουθεῖν,
853 665 958 733 οὐχὶ
995 664 1186 720 πάντως
1223 664 1344 716 κατὰ
1381 668 1526 728 σῶμα
1564 668 1754 725 νοεῖται,

164 752 431 813 πληροῦται
470 747 520 799 δὲ
557 752 750 810 μᾶλλον
783 746 858 798 διὰ
892 750 978 812 τῆς
1013 749 1062 799 ἐν
1095 747 1249 814 ἔργοις
1287 749 1469 813 ἀρετῆς,
1500 747 1573 814 ἐφ’
1606 743 1636 813 ᾗ
1675 744 1759 797 τὸν

165 832 331 880 οἰκεῖον
370 828 724 899 καταπήξαντες
770 835 880 881 νοῦν
918 832 960 880 οἱ
1005 830 1282 899 σοφώτατοι
1326 831 1545 893 μαθηταὶ,
1584 829 1660 879 καὶ
1703 827 1759 879 τὸ

166 914 391 963 ἀπελθεῖν
416 913 574 987 ὀπίσω
608 910 728 976 μετὰ
761 916 858 962 τῶν
889 912 1206 963 ἀπειθούντων
1238 914 1300 966 ὡς
1335 910 1550 977 ὀλέθριον
1579 933 1754 977 παραι-

100 1012 148 1037 10
165 994 395 1058 τούμενοι,
420 993 476 1045 τό
512 997 618 1045 Ποῦ
653 994 823 1062 ἔχομεν
856 996 1082 1046 ἀπελθεῖν
1107 995 1383 1055 ἀναβοῶσιν
1409 993 1612 1046 εἰκότως·
1656 994 1760 1043 ἀντὶ

166 1081 248 1127 τοῦ
299 1080 385 1128 Σοὶ
434 1074 640 1128 πάντοτε
689 1075 1007 1140 συνεσόμεθα,
1056 1078 1131 1127 καὶ
1181 1081 1277 1127 τῶν
1318 1080 1423 1127 σῶν
1466 1074 1760 1144 ἀνθεξόμεθα
1779 1080 1807 1120 d

165 1159 570 1226 προσταγμάτων,
613 1161 689 1210 καὶ
733 1157 841 1213 τοὺς
890 1158 1007 1213 σοὺς
1057 1159 1422 1228 παραδεξόμεθα
1474 1159 1661 1224 λόγους,
1706 1158 1762 1208 οὐ

167 1240 288 1293 κατά
312 1265 356 1294 τι
386 1247 504 1308 γοῦν
530 1241 867 1305 ἐπαιτιώμενοι,
895 1244 970 1293 καὶ
1002 1241 1124 1306 μετὰ
1158 1246 1253 1293 τῶν
1278 1241 1573 1293 ἀπαιδεύτων
1598 1249 1754 1305 σκλη-

167 1323 252 1390 ρὸν
291 1322 411 1375 εἶναι
460 1322 738 1390 νομίζοντες,
785 1323 902 1390 ὅπερ
952 1324 1012 1375 ἂν
1056 1325 1201 1393 λέγῃς
1251 1328 1602 1390 μυσταγωγῶν,
1647 1323 1759 1373 ἀλλ’

101 1425 149 1463 15
168 1408 311 1458 ἐκεῖνο
336 1411 529 1470 μᾶλλον
554 1414 582 1437 “
603 1408 688 1460 ‘sss-
723 1407 904 1473 γλυκέα
937 1410 1005 1477 τῷ
1041 1406 1255 1474 λάρυγγί
1276 1431 1367 1472 μου
1393 1407 1452 1459 τὰ
1479 1406 1624 1473 λόγιά
1649 1429 1759 1469 σου,
1823 1410 1933 1485 ἔξω.

169 1496 197 1520 “
223 1488 339 1555 ὑπὲρ
364 1488 475 1552 μὲλι
501 1491 577 1540 καὶ
603 1489 764 1555 κηρίον
789 1492 857 1558 τῷ
882 1488 1093 1553 στόματί
1112 1489 1246 1554 μου.”
1829 1506 1900 1537 ¹03·

243 1575 356 1624 Τῶν
381 1571 467 1636 μὲν
493 1572 576 1623 οὖν
600 1571 920 1638 προκειμένων
945 1577 1153 1626 τοιοῦτος
1179 1575 1204 1624 ὃ
1229 1579 1349 1628 νοῦς·
1380 1574 1451 1624 ὅτι
1478 1571 1527 1624 δὲ
1553 1573 1581 1637 ἡ
1608 1571 1763 1636 σκηνὴ

168 1659 266 1708 τοῖς
309 1653 630 1722 ἀρχαιοτέροις
672 1659 735 1708 εἷς
781 1653 931 1706 τύπον
972 1653 1030 1718 ἧν
1072 1661 1156 1706 τοῦ
1199 1659 1432 1723 Χριστοῦ,
1478 1654 1765 1721 γνωσόμεθα

168 1736 331 1799 πάλιν,
361 1742 458 1791 τοῖς
492 1738 597 1803 περὶ
631 1738 775 1801 αὐτῆς
813 1737 1069 1803 εἰρημένοις
1106 1738 1226 1805 πρὸς
1263 1739 1347 1790 τὸν
1381 1738 1518 1804 ἅγιον
1546 1738 1805 1790 Μωυσέαε

102 1842 152 1868 20
171 1819 352 1884 λεπτὴν
389 1819 733 1883 ἐπιστήσαντες
770 1819 858 1884 τὴν
897 1818 1119 1873 διάνοιαν.
1177 1821 1522 1888 παρεκβατικὸς
1560 1821 1644 1885 μὲν
1684 1822 1767 1872 οὖν

171 1901 349 1971 δόξειεν
399 1900 457 1953 ἂν
501 1900 622 1954 εἶναι’
665 1925 733 1972 τῳ
783 1901 929 1971 τυχὸν
980 1904 1006 1954 ὁ
1054 1906 1160 1970 περὶ
1211 1904 1391 1955 τούτων
1441 1903 1600 1971 λόγος,
1653 1903 1764 1955 ἀλλ’

170 1982 384 2048 ὀνήσειεν
421 1984 477 2035 οὐ
514 1988 705 2050 μικρῶς·
748 1986 821 2035 δεῖ
853 1983 948 2051 γὰρ
987 1982 1114 2049 οἶμαι
1152 1987 1257 2052 περὶ
1295 1985 1476 2038 τούτων
1512 1987 1767 2053 προθύμως

170 2065 229 2131 δὴ
263 2066 398 2131 μα’λα
434 2071 774 2134 στενολεσχεῖν
804 2066 889 2121 τὰς
926 2071 1022 2118 τῶν
1053 2068 1137 2119 οὐκ
1173 2067 1383 2134 εὐλόγως
1421 2070 1767 2134 ἐπαιτιωμένων

171 2149 471 2218 φιλοψογιάς
495 2149 912 2215 παραιτουμένους.
970 2150 1065 2218 ἔχει
1090 2157 1343 2217 τοιγαροῦν
1367 2150 1422 2202 τὸ
1448 2156 1574 2204 θεῖον
1599 2151 1767 2218 λόγιον

95 2246 153 2286 ,35
173 2234 336 2286 οὕτως·
404 2231 705 2296 ἐκθησόμεθα
755 2231 850 2298 γὰρ
903 2233 1051 2287 οὕτως
1106 2232 1196 2284 ἀνὰ
1252 2234 1391 2300 με’ρος
1446 2234 1532 2299 τὴν
1583 2237 1633 2286 ἐκ
1682 2241 1767 2286 τοῦ

172 2313 450 2381 γράμματος
477 2313 619 2365 σκιὰν
647 2314 765 2368 ὡς
735 2337 801 2365 ενι
828 2316 1277 2371 καταλεπτύνοντες.
1332 2325 1359 2347 “
1383 2321 1478 2368 Καὶ
1502 2316 1765 2382 ἐλαλησε,”
1828 2325 1950 2401 ξιξ-3

172 2398 313 2466 φησι,
353 2404 380 2427 “
408 2396 584 2462 Κύριος
626 2395 747 2462 πρὸς
788 2400 1010 2462 Μωυο-ην
1051 2397 1207 2463 λεγων
1243 2400 1331 2450 Ἐν
1368 2400 1516 2469 ημέρᾳ
1556 2405 1641 2470 μιᾷ
1682 2407 1766 2452 τοῦ
1866 2394 1873 2401 ’
1909 2394 1918 2408 ’
1956 2393 1964 2400 ’

174 2478 374 2544 “μηνὸς
411 2483 496 2530 τοῦ
529 2479 722 2545 πρώτου
752 2502 978 2550 νουμηνια
1011 2480 1211 2546 οτήσεις
1244 2481 1330 2546 τὴν
1355 2481 1570 2547 σκηνήν.’
1637 2485 1686 2534 τί
1711 2483 1765 2534 τὸ

172 2560 390 2615 πεπεικὸς
425 2559 508 2612 τὸν
543 2561 765 2613 ἁπάντων
794 2562 1036 2629 Κύριον,’
1013 2568 1108 2630 ερεῖ
1138 2587 1207 2618 τις
1242 2563 1451 2629 είλόγως
1485 2570 1582 2617 τῶν
1616 2572 1759 2634 φιλο-

106 2666 156 2702 30
173 2642 492 2710 μαθεστέρων,
519 2644 567 2694 ἐν
591 2647 677 2712 μιᾷ
712 2647 796 2707 μὲν
825 2645 1057 2697 ἵστασθαι
1092 2645 1180 2710 τὴν
1207 2646 1390 2711 σκηνὴν
1418 2648 1565 2717 ἡμέρᾳ
1602 2672 1759 2715 προσ·
1785 2669 1807 2693 a
1837 2659 1923 2694 386
1938 2659 1991 2693 A.

222 2775 255 2809 3.
282 2764 379 2798 ἔσται
403 2763 442 2797 Β.
461 2764 552 2797 ἔστω
572 2763 639 2798 Ed.
886 2779 919 2808 4.
947 2764 1173 2809 προσεδρείιις
1192 2765 1285 2799 B.D.
1308 2765 1372 2800 Ed.
1391 2778 1460 2812 mg.
1480 2767 1679 2809 προεδρειίις
1700 2767 1767 2803 Ed.

180 2822 232 2846 11.
258 2810 404 2844 πάντοτέ
421 2825 476 2845 σοι
497 2811 634 2844 inverso
653 2810 774 2845 ordine
795 2811 837 2845 B.
1044 2823 1096 2854 14.
1122 2812 1206 2855 λέγῃ
1228 2812 1269 2846 Β.
1477 2823 1528 2857 17.
1555 2815 1616 2855 μέν
1633 2826 1704 2848 om.
1726 2814 1768 2848 B.

178 2869 218 2893 22
226 2885 233 2892 .
259 2856 467 2902 υνησειεν]ιῖ
460 2858 518 2890 νίῑ
522 2872 600 2899 ww
621 2857 662 2891 B.
776 2869 831 2902 23.
857 2860 949 2902 μιιλιι
969 2859 1011 2893 Β.
1029 2862 1181 2902 μιιλιστιι
1201 2859 1268 2892 Ed.
1382 2871 1437 2903 24.
1462 2860 1767 2907 παραιτουμένους]

175 2917 214 2950 οὐ
233 2931 268 2950 π
260 2931 312 2959 ιιρι
314 2930 473 2958 ιιτοι·μενι
463 2931 518 2951 ovs
540 2915 581 2949 B.
697 2926 752 2959 25.
779 2915 883 2952 οὕτως
902 2918 959 2950 alt.
979 2924 1203 2961 assumptum
1223 2928 1265 2951 ex
1284 2916 1328 2952 Β.
1444 2929 1499 2963 27.
1526 2919 1616 2963 φησὶ
1635 2931 1705 2954 om.
1727 2919 1769 2954 B.

175 2966 232 3008 μιᾷ
254 2963 357 3007 ἣμερα
377 2975 492 2997 mvers
496 2975 516 2997 ι)
534 2961 654 2997 ordine
677 2962 720 2997 B.
784 2965 843 2997 τοῦ
861 2971 1084 3008 assumptum
1102 2975 1142 2998 ex
1165 2963 1205 2997 B.
