2084 3317
122 151 208 192 viii.
232 163 294 206 15.
377 153 449 193 IN
492 153 533 192 S.
568 151 900 192 JOANNEM.
964 151 1086 190 LIB.
1112 150 1164 189 V.
1227 149 1360 190 CAP.
1395 148 1455 189 II.
1623 148 1704 188 719

123 260 398 324 ἀνθρώπους
433 259 635 326 ἀγάπην,
661 261 770 310 ἀλλ’
801 261 854 309 οὐ
881 258 956 309 διὰ
982 264 1120 308 τοῦτο
1147 261 1229 320 τῆς
1255 261 1542 322 θεοπρεποῦς
1568 254 1703 322 ἀξίας

124 340 294 405 ε”ρημος
331 340 396 392 ὢν
433 341 794 407 γνωσθήσομαι·
842 339 963 402 με’νω
1010 339 1058 390 δὲ
1102 338 1250 389 πάλιν
1290 337 1405 402 ὅπερ
1451 337 1541 399 εἰμὶ
1586 333 1743 387 κατάο

125 421 290 489 φύσιν,
341 422 558 474 τουτέστι
606 423 738 476 Θεός.
817 420 1054 489 ἀπόδειξις
1104 419 1153 470 δὲ
1204 419 1370 469 τούτου
1421 414 1599 484 σαφὴς,
1651 414 1706 465 τὸ

124 503 288 555 εἰδέναι
315 507 399 557 ποῧ
423 504 608 570 ὑπάγω·
652 502 956 567 ἀναβήσομαι
991 501 1084 567 γὰρ
1118 505 1179 554 εἰς
1215 497 1438 566 οὐρανοὺς
1473 497 1591 563 πρὸς
1625 496 1708 546 τὸν

83 598 106 636 5
125 584 182 653 ἐξ
204 585 347 652 οὗπέρ
373 590 464 649 εἶμι
492 586 697 652 Πατέρα.
745 584 860 651 ὅπερ
886 582 1012 647 οἶμαι
1040 583 1158 652 φαίη
1185 605 1254 635 τις
1280 580 1339 632 ἂν
1365 581 1448 631 οὐκ
1474 578 1709 647 ἀνθρώπῳ

123 667 317 733 πρέπειν
348 668 413 718 ἑνὶ
451 672 545 718 τῶν
575 668 681 719 καθ’
716 667 850 731 ἡμᾶς,
876 664 1008 716 ἀλλὰ
1041 669 1107 734 τῷ
1144 662 1262 715 κατὰ
1299 662 1450 732 φύσιν
1483 664 1606 730 Θεῷ,
1634 663 1709 710 καὶ

124 750 161 797 εὶ
200 748 391 814 γέγονεν
427 749 687 815 ἅνθρωπος.
744 749 910 799 οὐκοῦν
943 746 998 798 τὸ
1036 746 1120 811 μὲν
1154 743 1252 797 οἷὸσι
1291 743 1415 796 πόθεν
1441 745 1543 807 εἰμὶ,
1569 741 1622 792 τὸ
1663 743 1711 791 ἐκ

123 834 207 879 τοῦ
234 829 426 897 Πατρὸς
461 829 578 881 κατὰ
616 829 765 899 φύσιν
792 827 906 880 εἶναι
943 828 1025 879 τὸν
1050 828 1168 879 Υἱὸν
1196 826 1525 878 ὑπαινίττεται·
1569 822 1623 874 τὸ
1662 823 1717 873 δέ

126 912 217 961 Ποῦ
251 911 432 977 ὑπάγω,
459 915 746 977 θεοπρεποῦς
779 908 862 975 μὲν
894 910 1112 979 ἐξουσίας
1145 908 1378 976 ἐπίδειξις.
1431 907 1583 957 ἄνεισι
1616 904 1709 971 γὰρ
1728 936 1748 959 a
1775 927 1866 959 490
1881 925 1934 959 A.

58 1013 106 1038 10
125 993 184 1045 ὡς
214 991 335 1045 Θεὸς
369 991 524 1043 ἐπάνω
560 997 654 1043 τῶν
680 993 902 1058 οὐρανῶν,
930 994 992 1044 ὡς
1024 991 1049 1042 ὃ
1079 988 1273 1043 Παῦλος
1300 994 1467 1057 φησιν·
1511 985 1710 1049 ἀπειλὴν
1774 975 1858 1049 ffh'
1876 985 1920 1005 Ν·

125 1075 167 1125 δ’
209 1074 292 1125 οὖν
330 1073 467 1138 ὅμως,
505 1077 543 1124 εὶ
582 1075 657 1125 καὶ
699 1074 751 1124 οὐ
790 1071 984 1141 σφόδρα
1023 1076 1210 1140 σαφῶς,
1244 1075 1302 1139 τῇ
1340 1074 1435 1121 τῶν
1472 1068 1712 1119 Ἰουδαίων

124 1154 395 1220 ἀνοσιότητι
432 1156 712 1222 πρέπουσαν
751 1155 858 1223 ἔχει.
925 1157 987 1208 ὡς
1024 1153 1118 1220 γὰρ
1157 1153 1275 1204 ὅσον
1306 1151 1486 1203 οὐδέπω
1524 1148 1711 1202 πάντως

123 1238 209 1302 μὲν
251 1237 644 1302 ἀπαναστήσεται
689 1243 772 1288 τοῦ
816 1236 978 1302 γένους
1024 1237 1190 1298 αὐτῶν,
1236 1237 1284 1286 ἐν
1325 1232 1505 1286 τούτοις
1549 1233 1713 1298 ὁρᾶται

123 1319 294 1384 λέγων,
340 1321 388 1370 ἐν
430 1319 596 1388 ἐρημία
647 1318 695 1370 δὲ
745 1324 828 1369 τοῦ
877 1318 1002 1369 θείου
1049 1318 1208 1386 φωτὸς
1250 1313 1621 1376 καταλελοιπὼς,
1666 1315 1714 1364 ἐν

59 1417 105 1456 15
125 1402 293 1470 ἀγνοιᾳ
317 1402 392 1451 καὶ
421 1400 581 1470 σκότῳ
607 1405 750 1462 βαθεῖ
770 1401 992 1466 γενέσθαι
1018 1397 1389 1465 παρασκευάσει,
1416 1396 1531 1462 ὅπερ
1559 1396 1714 1449 αὐτοῖς

124 1484 173 1533 ἐν
225 1483 396 1548 ἑτέροις
444 1481 748 1550 σαφέστερον
795 1482 1009 1550 φαίνεται
1055 1481 1243 1531 διειπών
1289 1478 1465 1532 ““Ἐως
1516 1476 1609 1543 γὰρ
1659 1476 1713 1528 τὸ
1775 1479 1934 1562 ζῑέᾒῊΧϋ·

126 1571 155 1594 “
181 1569 283 1633 φῶς
310 1564 450 1633 ἔχετε,
479 1566 616 1632 φησὶ,
642 1568 935 1631 περιπατεῖτε
964 1564 1012 1614 ἐν
1037 1567 1103 1632 τῷ
1128 1563 1264 1631 φωτὶ,
1291 1561 1366 1612 ’ἵνα
1390 1560 1454 1625 μὴ
1481 1559 1509 1623 ἡ
1542 1560 1714 1610 σκοτία

127 1653 154 1677 “
182 1648 299 1711 ὑμᾶς
325 1645 623 1714 καταλάβῃ.”

1732 1711 1759 1751 b

267 1788 415 1840 “Υμεῖ(;
453 1790 559 1832 κατὰ
598 1790 674 1832 τὴν
713 1791 849 1848 σάρκα
889 1789 1066 1848 κρίνετε,
1101 1789 1188 1837 {sch
1226 1787 1358 1846 κρίνω
1394 1786 1564 1830 οὐδένα.
1737 1795 1784 1832 15

58 1925 108 1950 20
199 1900 607 1970 Ἀξιεραστοτάτῃ
656 1899 885 1966 πραότητι
935 1897 1084 1950 πάλιν
1134 1897 1217 1949 τὸν
1268 1896 1491 1949 ἁπάντων
1537 1896 1716 1962 Κύριον

128 1983 510 2051 ἀποκεχρημένον
535 1980 812 2047 εὑρήσομεν·
855 1982 908 2031 οὐ
943 1980 1037 2046 γὰρ
1075 1978 1389 2043 ἱσοστάθμοις
1420 1980 1582 2044 ὀργαῖς
1608 1976 1715 2031 τοὺς

128 2069 499 2134 δυσφημοῦντας
525 2062 668 2115 αὑτὸν
694 2064 1037 2127 ἀνταμείβεται,
1065 2064 1213 2114 καίτοι
1239 2060 1409 2127 πικρὰς
1434 2059 1533 2128 ᾔδει
1564 2082 1708 2123 μετα-

127 2153 264 2215 σχεῖν
306 2148 587 2216 ὀφείλοντας
632 2145 779 2198 δίκας·
838 2144 970 2195 ἀλλὰ
1012 2143 1121 2199 τοὺς
1164 2149 1258 2195 τῶν
1301 2147 1472 2209 ἰατρῶν
1516 2143 1708 2192 ἐπιεικε-

128 2229 324 2296 στέρους
360 2227 737 2292 ἀπομιμούμενος
774 2228 960 2281 δικαίως
991 2225 1048 2277 ἂν
1076 2224 1202 2290 οἶμαι
1227 2227 1314 2276 κάν
1340 2224 1490 2293 τούτῳ
1525 2222 1708 2286 θαυμά-

60 2327 108 2366 25
129 2310 268 2377 ζοιτο.
336 2314 378 2362 οἱ
420 2310 504 2373 μὲν
545 2308 640 2376 γὰρ
685 2307 768 2363 τὰς
812 2313 907 2360 τῶν
951 2307 1325 2376 ἀῤῥωστούντων
1367 2306 1622 2372 ὀλιγωρίας
1666 2306 1715 2355 ἐν

129 2395 278 2445 οὐδενὶ
302 2392 540 2445 πολλάκις
566 2393 767 2442 τίθενται
800 2390 946 2460 λόγῳ,
973 2391 1354 2460 ἀνεξικακοῦντες
1389 2387 1437 2439 δὲ
1472 2387 1712 2452 τληπαθέ-

128 2498 286 2527 στατα
337 2473 485 2526 πάλιν
529 2473 686 2526 αὐτοῖς
730 2473 975 2539 ἐπίκουρον
1017 2477 1259 2524 ποιοῦνται
1301 2471 1387 2534 τὴν
1432 2469 1615 2537 τέχνην,
1658 2467 1713 2520 τὸ

128 2555 338 2625 πεφυκὸς
377 2557 510 2606 ἀνιᾶν
545 2554 861 2622 ἀφανίζοντες,
894 2556 969 2604 καὶ
1008 2552 1434 2619 διαλοιδορούμενοι
1474 2551 1579 2602 ἔσθ’
1615 2550 1710 2614 ὅτε,
1732 2582 1755 2609 0

129 2638 183 2690 τὸ
217 2642 477 2688 συντελοῦν
511 2640 572 2689 εὶς
610 2636 766 2701 ὑγείαν
796 2634 1100 2705 ἐξηγούμενοι
1135 2633 1477 2698 μεταπείθουσί
1507 2656 1607 2686 πως
1641 2634 1715 2683 ἐπὶ

61 2733 111 2770 30
130 2720 184 2773 τὸ
230 2722 346 2785 δρᾶν
391 2719 663 2783 ἐπείγεσθαι
705 2716 765 2768 τὰ
810 2716 1134 2785 συμφέροντα,
1180 2718 1254 2766 καὶ
1300 2718 1382 2779 τῆς
1434 2714 1579 2766 νόσου
1630 2713 1716 2778 τὴν

181 2866 234 2890 11.
253 2856 293 2898 τῇ
314 2851 511 2888 emendavit
532 2851 649 2886 Holst.
667 2857 700 2886 et
717 2852 765 2886 ita
783 2864 812 2886 c.
833 2850 940 2886 Cord.
959 2851 1018 2894 τὴν
1037 2850 1079 2884 Β.
1181 2861 1232 2884 12.
1252 2850 1377 2884 παντὸς
1395 2861 1424 2883 e.
1526 2857 1578 2893 15.
1596 2848 1718 2893 βαθείᾳ

134 2903 175 2937 B.
194 2901 311 2936 invitis
330 2912 360 2934 c.
379 2899 487 2934 Cord.
647 2908 699 2942 17.
724 2897 743 2942 ἡ
762 2901 984 2941 assumptum
1004 2909 1046 2931 ex
1067 2897 1108 2931 B.
1265 2907 1319 2930 22.
1347 2896 1409 2939 ἤδη
1429 2895 1568 2940 conjicit
1590 2895 1718 2940 Heyse.

133 2961 188 2992 24.
215 2948 348 2982 δικαίως
367 2945 562 2980 emendavit
585 2944 644 2978 Ht.
665 2945 790 2980 δίκαιος
811 2945 851 2978 Β.
871 2946 996 2978 δίκαιον
1015 2944 1107 2977 Aub.
