2084 3317
143 168 197 208 vi.
224 181 283 220 ¹4·
370 167 444 208 IN
486 167 528 207 S.
563 164 901 207 JOANNEM.
963 163 1088 204 LIB.
1121 163 1208 205 III.
1270 164 1403 205 CAP.
1437 164 1516 205 IV.
1647 166 1727 205 421

143 283 169 305 ‘⁶
196 282 377 327 λαλοῦν
411 276 489 326 ἐν”
520 276 690 328 αὐτοῖς·
733 274 843 325 ἀλλ’
873 275 955 324 οὐκ
993 274 1161 337 ἀμισθὶ
1198 278 1295 327 τοῖς
1333 272 1482 338 ἁγίοις
1519 271 1730 323 ἀποστό-

142 364 245 411 λοις
283 359 308 408 ὁ
345 356 463 424 πρὸς
495 363 633 408 τοῦτο
672 355 922 422 γενήσεται
959 353 1116 409 πόνος.
1168 354 1454 421 παραθέντες
1491 353 1585 421 γὰρ
1622 354 1733 417 ἡμῖν

141 438 225 492 τὰς
282 437 594 502 πνευματικὰς
654 441 802 502 δῆλον
848 436 919 488 ὅτι
977 435 1171 506 τροφὰς,
1224 438 1300 488 καὶ
1352 435 1413 487 τὰ
1469 434 1600 502 παρὰ
1650 440 1733 486 τοῦ

143 524 364 587 Σωτῆρος
401 521 533 584 ἡμῶν
571 520 729 585 ἀγαθὰ
761 519 1165 584 διακονησάμενοι,
1193 517 1561 580 πλουσιωτάτην
1599 517 1734 568 ἀποί-

100 616 122 654 5
143 625 312 654 σονται
346 602 432 667 τὴν
459 602 799 664 ἀνταπόδοσιν,
829 603 905 652 καὶ
934 599 1275 667 πληρεστάτην
1305 599 1564 667 εὑρήσουσι
1602 598 1734 665 παρὰ

144 688 269 736 Θεοῦ
307 688 390 749 τῆς
430 685 703 753 φιλοτιμίας
740 683 826 747 τὴν
856 683 1010 751 χάριν.
1054 681 1180 747 οἶμαι
1218 682 1313 749 γὰρ
1347 688 1502 739 τοῦτο,
1531 682 1606 732 καὶ
1646 681 1774 749 οῦχθ

142 767 299 834 ἕτερόν
333 790 392 829 τι,
419 769 594 831 δηλοῦν
628 766 682 816 τὸ
720 764 840 829 μετὰ
879 764 988 818 τοὺς
1027 763 1199 818 πόνους
1238 766 1314 815 καὶ
1352 763 1439 828 τὴν
1475 762 1734 829 ὑπουργίαν

142 848 229 913 τὴν
279 851 353 900 ἐπὶ
403 854 499 902 τοῖς
550 846 801 911 δαιτυμόσι
852 847 1249 911 δεδαπανημένην,
1300 844 1497 914 κόφινον
1546 843 1734 913 ἑκάστῳ

142 930 444 998 συνειλέχθαι
487 927 666 994 μεστὸν
711 927 787 979 διὰ
830 927 1205 995 προστάγματος
1249 933 1332 978 τοῦ
1372 931 1605 994 Χριστοῦ.
1664 926 1735 977 ὅτι

77 1031 124 1055 10
146 1012 196 1064 δὲ
221 1014 318 1076 μετ’
346 1013 544 1065 ἐκείνους
569 1009 628 1062 τὰ
651 1012 702 1061 ἐκ
727 1016 811 1061 τοῦ
835 1010 984 1062 τύπου
1011 1009 1289 1075 διαβήσεται
1320 1012 1396 1060 καὶ
1422 1013 1482 1063 εἷς
1507 1007 1616 1063 τοὺς
1641 1012 1736 1059 τῶν

145 1095 293 1160 ἁγίων
316 1093 599 1160 ἡγουμένους
626 1095 910 1157 ἐκκλησιῶν,
940 1093 1023 1143 οὐκ
1050 1093 1339 1160 ἀμφίλογον.

140 1247 190 1290 Οἱ
228 1246 302 1290 οὖν
340 1249 565 1306 ἄνθρωποι
603 1246 768 1291 ἰδόντες
808 1249 830 1291 ὃ
871 1247 1074 1290 &nomez-:v
1109 1244 1285 1296 σΗμεῖον
1321 1248 1343 1290 ὁ
1370 1247 1552 1298 ἸΗσοῦο,
1587 1245 1736 1294 &At-:roxa
1762 1262 1808 1295 14

209 1333 276 1374 ὅτι
313 1330 439 1375 οὗτός
476 1333 590 1374 ἐστιν
629 1333 651 1375 ὁ
689 1333 918 1389 ΠροφήτΗς
955 1333 978 1375 ὁ
1015 1331 1246 1388 ἐρχόμενος
1284 1329 1344 1372 εἰς
1386 1330 1460 1374 τὸν
1499 1331 1669 1379 κόσμον,
1757 1349 1780 1373 a
1808 1339 1895 1374 286
1911 1338 1963 1373 A.

217 1437 525 1505 Θαυμάζουσι
551 1438 604 1488 τὸ
631 1443 828 1501 σημεῖον
855 1441 896 1488 οἱ
923 1437 1182 1504 δοκιμάζειν
1207 1435 1375 1490 εἰδότες
1400 1436 1459 1487 τά
1486 1438 1738 1502 θεοπρεπῆ,

77 1540 123 1579 15
143 1520 218 1570 καὶ
244 1521 523 1590 ἀνθρωπίνῳ
555 1525 745 1584 μᾶλλον
771 1522 994 1589 λογισμῷ
1030 1519 1350 1583 διοικούμενοι,
1380 1518 1499 1584 ἤπερ
1524 1517 1738 1582 κτηνώδη

144 1608 393 1655 νοσοῦντες
436 1601 522 1666 τὴν
565 1603 817 1665 ἀβουλίαν,
867 1602 1022 1653 ὁποῖοί
1068 1625 1185 1655 τινες
1232 1599 1360 1665 ἦσαν
1399 1604 1441 1651 οὶ
1487 1602 1740 1660 δυσσεβεῖς

141 1685 369 1747 Ἰουδαῖοι,
403 1683 507 1735 δέον
546 1687 838 1753 ὠφελεῖσθαι
876 1688 934 1752 τῇ
974 1688 1068 1734 τῶν
1108 1683 1400 1747 τελουμένων
1438 1683 1736 1751 περιφανείᾳ,

137 1768 218 1816 καὶ
250 1766 303 1816 τὸ
335 1766 504 1832 κρίνειν
531 1767 681 1832 ὀρθῶς
714 1764 946 1817 δύνασθαι
973 1765 1281 1833 ζημιούμενοι.
1336 1768 1505 1833 χρῆναι
1531 1764 1625 1830 γὰρ
1650 1764 1740 1828 ἥδη

144 1849 220 1898 καὶ
259 1851 632 1898 καταλιθοῦσθαι
671 1846 753 1899 τὸν
788 1848 979 1913 Ἰησοῦν
1016 1847 1300 1914 ἐδοκίμαζον,
1326 1851 1421 1898 τῶν
1454 1846 1741 1915 παραδόξων

76 1957 126 1982 20
144 1929 214 1980 ὅτι
250 1929 306 1994 δὴ
332 1929 568 1983 πολλάκις
607 1931 757 1999 ὁρῷτο
797 1929 1094 1996 δημιουργός.
1147 1931 1362 1994 ἀμείνους
1389 1935 1640 1996 τοιγαροῦν
1665 1933 1741 1980 καὶ

143 2013 197 2063 οὐ
231 2013 349 2063 κατά
387 2036 431 2063 τι
469 2011 605 2079 μέρος
640 2011 798 2080 βραχὺ
830 2015 912 2076 τῆς
945 2012 1129 2063 ἐκείνων
1155 2011 1393 2074 ἀπονοίας,
1421 2015 1462 2062 οἱ
1489 2013 1599 2079 τῇδε
1625 2015 1737 2062 θαυ-
1759 2019 1786 2060 b

143 2093 379 2160 μάζοντες,
407 2097 481 2145 καὶ
508 2096 579 2164 ἐφ’
609 2095 673 2145 ἑνὶ
713 2094 864 2164 τούτῳ
904 2096 979 2146 καὶ
1018 2093 1215 2164 μεγάλῳ
1255 2095 1436 2163 σημείῳ
1475 2092 1736 2162 σωφρόνως

144 2177 536 2241 ἀναπεπεισμένοι
564 2176 746 2239 λοιπὸν,
775 2178 926 2243 ’ὅτιπερ
953 2176 1020 2241 ε’ίη
1050 2174 1240 2230 πάντως
1273 2174 1411 2230 αὐτὸς
1448 2182 1466 2228 ὁ
1503 2177 1578 2226 καὶ
1613 2175 1742 2244 ἥξειν

146 2264 205 2314 εἰς
246 2257 411 2326 κόσμον
442 2261 489 2309 ἐν
524 2260 754 2326 προφήτου
790 2258 921 2327 τάξει
955 2259 1402 2325 προκεκηρυγμένος·
1442 2256 1645 2323 ἐπιτήρει
1679 2257 1740 2319 δὲ,

78 2362 126 2400 25
146 2339 239 2404 ὅση
274 2339 422 2391 πάλιν
447 2342 655 2391 ἐντεῦθεν
683 2341 846 2407 ὁρᾶται
881 2339 1101 2410 διαφορὰ,
1127 2340 1290 2406 γένους
1328 2364 1376 2392 τε
1411 2342 1533 2409 φημὶ
1572 2345 1654 2389 τοῦ
1689 2339 1745 2408 ἐξ

146 2421 361 2488 Ἰσραὴλ,
402 2425 477 2473 καὶ
514 2427 609 2473 τῶν
649 2422 740 2491 ἔξω
779 2426 862 2487 τῆς
900 2424 1129 2476 Ἰουδαίας
1168 2422 1402 2486 κειμένων·
1447 2425 1489 2472 οἱ
1527 2420 1611 2484 μὲν
1648 2420 1742 2487 γὰρ

146 2505 294 2555 καίτοι
330 2509 531 2556 πολλῶν
556 2507 631 2555 καὶ
665 2506 746 2555 οὐκ
781 2505 988 2574 ἀναξίων
1015 2509 1077 2559 εὶς
1110 2504 1165 2556 τὸ
1198 2503 1519 2571 θαυμάζεσθαι
1545 2504 1738 2569 γεγονό-

146 2609 221 2640 τες
262 2588 442 2652 θεωροῖ,
487 2588 690 2653 σκληροὶ
731 2587 816 2650 μὲν
857 2589 944 2654 οὐχ
990 2586 1118 2641 ὅπως
1161 2589 1254 2638 εἶσὶ
1305 2589 1381 2637 καὶ
1432 2584 1740 2652 ἀπάνθρωποι

195 2748 228 2778 4.
253 2735 345 2778 ἡμῶν
363 2735 405 2769 Β.
425 2735 502 2779 ἡμῖν
521 2734 587 2769 Ed.
704 2745 736 2781 5.
763 2735 995 2770 ἀνταπόδοσιν
1014 2735 1057 2770 Β.
1074 2734 1249 2770 ἀντίδοσιν
1268 2734 1335 2769 Ed.
1456 2746 1490 2779 9.
1518 2732 1739 2779 συνειλέχθαι

147 2781 291 2827 μεστὸν]
313 2782 549 2827 συλλέγεσθαι
571 2781 610 2816 Β.
784 2794 837 2816 ΙΙ.
863 2782 1062 2828 ἀμφίλογον
1080 2783 1122 2817 Β.
1140 2782 1340 2827 ἀμφίβολον
1358 2780 1425 2815 Ed.
1598 2792 1651 2815 12.
1680 2780 1738 2827 Oi]

153 2833 190 2870 -Ι-
210 2829 270 2873 μὲν
290 2829 331 2862 Β.
397 2831 538 2872 σημεῖον
555 2830 573 2862 ὁ
589 2828 723 2872 Ἰησοῦς
741 2828 807 2863 hoc
825 2829 947 2863 Ordine
968 2829 1008 2863 B.
1247 2839 1299 2873 13.
1325 2827 1436 2872 ἐστιν]
1462 2832 1498 2868 -4-
1519 2827 1653 2871 ἀληθῶς
1671 2828 1739 2862 Ed.

149 2876 259 2910 invito
280 2875 322 2909 B.
387 2877 405 2909 ὁ
423 2877 480 2909 alt.
501 2887 571 2909 om.
594 2875 635 2909 Β.
799 2877 852 2911 18.
879 2876 940 2920 ἤδη
959 2888 1029 2910 orn.
1052 2876 1093 2909 B.
1242 2886 1297 2920 23.
1323 2875 1377 2908 καὶ
1394 2874 1503 2920 ἥξειν]
1523 2874 1679 2933 καθὴξειν
1698 2875 1740 2909 Β.

151 2933 206 3013 ῗ4.
220 2923 355 3014 )ε’νΒοΠ].
377 2922 417 2956 Β.
564 2931 618 2964 25.
645 2921 710 2965 ὅση
729 2934 798 2956 om.
820 2922 860 2957 B.
1015 2922 1070 2957 26.
1097 2920 1180 2967 γὰρ]
1200 2922 1266 2967 γάρ
1283 2936 1335 2956 τοι
1356 2921 1397 2955 Β.
1559 2930 1615 2966 27.
1638 2921 1742 2965 αξίων

167 2980 215 3003 SIC
291 2996 298 3003 .
