2084 3317
119 154 190 196 vii.
208 158 276 212 38.
379 159 454 200 IN
496 162 537 202 S.
573 163 908 206 JOANNEM.
972 167 1094 207 LIB.
1120 169 1172 208 V.
1235 170 1370 211 CAP.
1404 171 1439 211 I.
1620 174 1703 212 689

118 271 146 293 “
172 266 369 319 αὐτῶν.”
409 270 530 335 με’γα
556 295 600 323 τι
627 276 701 324 καὶ
728 275 939 343 ἐξαίσιον
964 278 988 327 ὁ
1016 282 1110 327 τῶν
1130 280 1276 344 ἁγίων
1296 281 1515 348 ἐφώνησε
1542 282 1700 347 λόγος,

118 347 194 396 καὶ
220 354 247 377 “
267 352 330 402 εἷς
364 355 529 403 πᾶσαν
563 353 649 418 τὴν
683 359 773 421 γῆν
807 357 1006 426 ἐξῆλθεν
1041 361 1066 409 ὁ
1103 360 1319 428 φθόγγος
1355 364 1550 426 αὐτῶν,”
1579 364 1702 414 καθὰ

117 426 395 493 γέγραπται,
424 436 541 484 ὅςκαὶ
577 440 639 489 εἷς
677 437 735 487 τὰ
772 440 952 505 πέρατα
992 443 1073 504 τῆς
1112 442 1379 505 οἰκουμένης
1418 444 1477 494 τὰ
1514 445 1702 511 ῥήματα

1763 368 1817 399 Ps.
1830 368 1918 398 xviii.

1765 419 1793 450 5.

117 515 146 538 ‘⁶
171 511 369 563 αὐτῶν.”
415 513 522 568 τοὺς
563 518 796 572 τοιούτους
836 520 944 583 ἡμῖν
978 522 1218 584 ποταμοὺς
1258 526 1514 593 ἀναδείξειν
1547 528 1695 590 ἐπηγ-
1717 549 1739 573 a
1768 541 1855 575 470
1870 540 1921 575 A·

159 589 171 607 Ι
413 595 425 611 ἱ
532 603 551 612 ἢ
736 600 748 615 Ι
917 602 930 618 Ι
1048 604 1058 619 e
1191 604 1209 622 -Ι,
1361 606 1372 620 x
1458 609 1467 622 z
1566 607 1577 620 Ι

75 605 97 643 5
117 598 321 655 γελλετο
355 597 430 645 δια
468 620 552 647 του
586 604 835 668 προφητου
870 610 1024 668 λεγων
1066 608 1258 655 Ησαιου
1286 610 1420 667 Θεος,
1448 630 1473 657 ο
1509 631 1700 658 παντων

117 673 238 726 Θεὸς
277 677 351 726 καὶ
391 680 645 744 Δεσπότης
677 690 703 710 “
726 684 997 748 Εὐλογήσει
1035 709 1093 747 με
1131 685 1189 736 τὰ
1229 689 1367 753 θηρία
1406 694 1489 739 τοῦ
1527 691 1695 755 ἀγροῦ,

115 761 143 783 “
169 759 380 822 σειρῆνες
414 762 488 810 καὶ
521 764 771 829 θυγατέρες
795 770 1056 831 στρουθῶν,
1085 767 1154 818 ὅτι
1181 770 1359 820 δέδωκα
1386 771 1434 820 ἐν
1460 772 1518 838 τῇ
1546 771 1701 841 ἐρήμῳ

114 844 141 864 “
169 838 293 904 ὕδωρ
332 843 408 890 καὶ
444 842 683 906 ποταμοὺς
716 846 764 895 ἐν
796 850 858 913 γῇ
895 847 1094 918 ἀνύδρῳ,
1121 851 1316 901 ποτίσαι
1353 850 1407 901 τὸ
1442 852 1576 916 γε’νος
1611 876 1702 915 μου

116 924 142 946 “
167 917 222 969 τὸ
257 922 491 985 ἐκλεκτὸν,
517 923 599 975 τὸν
626 925 745 977 λαόν
770 951 861 991 μου
897 927 951 979 ὃν
981 931 1386 996 περιεποιησάμην
1416 932 1500 986 τὰς
1534 934 1702 999 ἀρετάς

48 1006 141 1044 10“
166 1024 258 1063 μου
297 1004 602 1069 διηγεῖσθαι.”
648 1008 892 1073 πρόδηλον
926 1012 1006 1061 οὖν
1042 1011 1113 1062 ὅτι
1153 1013 1389 1079 ποταμοὺς
1425 1016 1473 1065 ἐκ
1510 1015 1583 1075 τῆς
1618 1023 1702 1068 τοῦ

112 1083 419 1138 πιστεύοντος
449 1088 627 1144 κοιλίας
657 1091 1043 1156 προελεύσεσθαί
1073 1098 1224 1161 φησιν
1251 1096 1275 1145 ὁ
1305 1094 1472 1162 Σωτὴρ
1509 1096 1595 1161 τὴν
1625 1097 1701 1149 διὰ

113 1169 195 1214 τοῦ
231 1166 509 1231 Πνεύματος
548 1171 769 1235 διδακτήν
799 1196 848 1223 τε
888 1176 963 1225 καὶ
1003 1175 1261 1241 ἐλλόγιμον
1295 1176 1433 1245 χάριν
1465 1178 1518 1243 ἧς
1559 1181 1634 1230 καὶ
1674 1180 1698 1230 ὁ

115 1249 311 1300 Παῦλος
344 1252 619 1314 μνημονεύει
653 1254 808 1318 λέγων
834 1253 964 1307 66Ἷὶι
999 1256 1084 1320 μὲν
1111 1259 1288 1309 δίδοται
1326 1258 1401 1309 διὰ
1435 1266 1518 1311 τοῦ
1547 1263 1696 1312 Πνεύ-
1717 1269 1742 1310 b
1759 1260 1867 1334 ἐξω·

113 1334 140 1356 “
166 1351 314 1390 ματος
340 1331 485 1397 λόγος
512 1334 738 1402 σοφίας.”

188 1409 373 1462 Εἱδέναι
419 1413 567 1478 γεμὴν
603 1416 722 1482 πρὸς
764 1418 944 1472 τούτοις
990 1422 1092 1471 ἐστὶ
1137 1421 1302 1480 καλὸν,
1345 1421 1505 1490 ὅτιπερ
1551 1426 1604 1475 οὐ
1645 1424 1699 1476 τὸ

111 1491 253 1556 ῥητὸν
279 1495 426 1548 οὕτως
461 1496 568 1564 ε”χον
595 1500 656 1551 ὡς
683 1499 1016 1566 προενήνεκται
1041 1501 1172 1569 παρὰ
1196 1507 1254 1570 τῇ
1280 1505 1380 1573 θείᾳ
1407 1511 1572 1574 γραφῇ
1605 1513 1700 1561 τοῖς

111 1571 276 1625 ἑαυτοῦ
300 1576 464 1642 λόγοις
489 1580 736 1631 ἐντέθεικεν
763 1582 787 1631 ὁ
816 1582 996 1646 Σωτὴρ,
1025 1584 1316 1649 ἑρμηνεύσας
1347 1586 1395 1637 δὲ
1426 1592 1618 1651 μᾶλλον
1645 1589 1699 1640 τὸ

111 1654 230 1718 πρὸς
261 1657 483 1712 διάνοιαν.
539 1662 818 1728 εὑρίσκομεν
843 1663 937 1730 γάρ
963 1688 1056 1716 που
1081 1672 1185 1732 περὶ
1211 1666 1387 1721 παντὸς
1414 1675 1497 1719 τοῦ
1523 1674 1695 1733 τιμῶν-

110 1757 189 1789 τος
216 1739 292 1788 καὶ
319 1741 598 1805 ἀγαπῶντος
623 1743 706 1795 τὸν
733 1745 871 1809 Θεὸν,
899 1746 970 1797 ὅτι
997 1755 1023 1776 “
1042 1745 1221 1800 ’Έσται
1249 1752 1310 1803 ὡς
1337 1753 1485 1814 κῆπος
1516 1752 1699 1815 μεθύων

43 1839 91 1863 20
112 1824 138 1846 ‘⁶
164 1821 239 1869 καὶ
267 1822 329 1874 ὡς
355 1821 486 1888 πηγὴ
513 1823 570 1888 ἢν
595 1824 659 1889 μὴ
684 1826 900 1895 ἐξέλιπεν
927 1829 1093 1895 ὕδωρ.”
1135 1829 1249 1896 ὅπερ
1276 1832 1330 1882 δέ
1351 1837 1503 1900 φησιν
1529 1835 1577 1884 ἐν
1602 1840 1699 1888 τοῖς

109 1900 198 1963 ἤδη
224 1902 421 1955 κατόπιν
446 1905 564 1970 πρὸς
599 1906 683 1971 τὴν
708 1909 757 1959 ἐκ
792 1912 874 1973 τῆς
907 1912 1172 1977 Σαμαρείας
1207 1919 1419 1978 γυναῖκα,
1447 1921 1586 1966 τοῦτο
1623 1918 1698 1966 καὶ

1762 688 1816 719 Es.
1832 689 1914 720 xliii.

1766 742 1817 769 20,
1837 741 1886 762 21.

1808 1304 1863 1335 .8.

1759 1757 1813 1787 Es.
1827 1757 1907 1787 lviii.

1762 1810 1774 1831 1
1786 1810 1809 1830 1.

110 1986 192 2032 νῦν
220 1985 477 2050 διαγορεύει
507 1993 694 2057 σαφῶς.
747 1992 841 2042 ε’κεῖ
869 1991 954 2055 μὲν
980 1991 1074 2059 γάρ
1113 1998 1265 2060 φησιν
1292 2002 1319 2024 “
1342 1999 1447 2049 Πᾶς
1487 1997 1511 2046 ὁ
1550 1998 1736 2049 πίνωνο
1756 1997 1918 2037 Supraiv.

109 2070 136 2091 ‘⁶
161 2066 212 2114 ἐκ
238 2072 321 2117 τοῦ
348 2069 515 2124 ὕδατος
539 2071 708 2122 τούτου
734 2072 930 2141 διψήσει
957 2073 1123 2125 πάλιν·
1167 2074 1215 2128 ὃς
1248 2077 1298 2126 δ’
1328 2075 1385 2127 ἀν
1410 2078 1494 2145 πίῃ
1529 2080 1578 2129 ἐκ
1615 2085 1698 2130 τοῦ

109 2151 135 2173 “
163 2148 330 2202 ὕδατος
365 2150 419 2200 οὗ
453 2151 545 2217 ἐγὼ
583 2153 725 2204 δώσω
764 2156 890 2224 αὐτῷ
926 2156 978 2206 οὐ
1014 2155 1079 2220 μὴ
1111 2157 1300 2225 διψήσῃ
1329 2161 1390 2212 εἷς
1418 2158 1502 2209 τὸν
1528 2163 1693 2223 αἰῶνα,

41 2244 87 2279 25
109 2233 135 2255 ‘⁶
161 2228 293 2279 ἀλλὰ
330 2229 385 2281 τὸ
421 2233 545 2299 ὕδωρ
579 2233 604 2284 ὃ
639 2234 731 2300 ἐγὼ
766 2236 908 2287 δώσω
948 2237 1073 2306 αὐτῷ
1111 2237 1362 2303 γενήσεται
1401 2240 1527 2309 αὐτῷ
1564 2242 1696 2308 πηγὴ

107 2315 135 2337 “
162 2310 328 2365 ὕδατος
366 2314 636 2376 ἁλλομένου
674 2320 735 2370 εἷς
775 2316 896 2382 ζωὴν
933 2318 1166 2371 αἱώνιον.”
1217 2322 1416 2372 ἐνταῦθα
1458 2323 1506 2373 δὲ
1548 2323 1697 2375 πάλιν

105 2390 225 2456 πρὸς
263 2393 348 2458 τὴν
384 2395 494 2459 ’ίσην
530 2397 779 2467 ἀναφέρων
816 2400 1024 2451 διάνοιαν
1062 2400 1144 2452 τὸν
1177 2407 1260 2452 τοῦ
1299 2402 1451 2468 λόγου
1485 2405 1690 2468 σκοπὸν,

106 2482 308 2542 ποταμοί
334 2480 485 2544 φησιν
511 2478 562 2529 ἐκ
589 2478 663 2539 τῆς
692 2485 868 2536 κοιλίας
897 2484 1029 2533 αὐτοῦ
1056 2482 1268 2551 ῥεύσουσιν
1294 2481 1451 2540 ὕδατος
1480 2486 1647 2556 ζῶντος.

157 2623 186 2646 1.
205 2628 236 2647 τι
256 2613 297 2648 Β.
317 2630 353 2649 τε
372 2615 492 2650 Holst.
510 2617 577 2651 Ed.
677 2629 708 2664 7.
727 2621 905 2665 στρουθῶν
925 2620 1120 2666 [στρούθων
1139 2621 1246 2668 Cod.]
1269 2623 1311 2656 B.
1331 2625 1523 2668 στρουθίων
1543 2626 1604 2659 Ht.
1624 2625 1692 2660 Ed.

107 2659 139 2692 8.
166 2662 209 2704 γῇ
230 2660 272 2695 Β.
295 2661 357 2695 Ht.
378 2662 492 2707 (306.)
511 2664 556 2698 cf.
575 2665 611 2698 in
629 2666 676 2699 xii
694 2666 823 2711 Proph.
843 2668 909 2710 565
926 2668 960 2708 b,
982 2668 1109 2713 Glaph.
1133 2680 1196 2711 242
1213 2681 1243 2703 a.
1261 2672 1300 2713 τῇ
1321 2670 1415 2704 Aub.
1544 2683 1595 2706 10.
1622 2673 1692 2715 διη-

105 2706 233 2750 γῆσθαι
253 2708 307 2751 (=
325 2708 532 2753 διηγεῖσθαι)
557 2710 596 2745 Β.
615 2712 845 2756 διηγήσασθαι
866 2714 929 2748 Ht.
950 2714 1017 2749 Ed.
1082 2714 1140 2749 οὖν
1159 2715 1201 2749 Β.
1221 2716 1256 2749 δέ
1278 2716 1341 2750 Ht.
1363 2716 1429 2750 Ed.
1530 2727 1581 2763 17.
1602 2719 1691 2752 ἐντέ-

105 2752 214 2787 θεικεν
231 2753 337 2788 edidi.
354 2755 529 2799 ἐντέθηκεν
547 2757 589 2792 Β.
608 2757 761 2802 ἐνέθηκεν
779 2760 843 2794 Ht.
865 2760 929 2794 Ed.
1158 2773 1210 2805 19.
1237 2762 1335 2796 ἕσται
1355 2762 1396 2796 Β.
1419 2762 1482 2797 Ht.
1503 2764 1578 2798 ἐστὶ
1596 2765 1690 2800 Aub.

107 2801 272 2879 2Ι.Βπρὸς
288 2801 349 2844 τὴν
365 2809 587 2847 assumptum
606 2817 647 2838 ex
667 2805 696 2839 B
712 2818 783 2852 mg.
803 2807 979 2852 supplevit
997 2813 1030 2840 et
1050 2807 1184 2852 Migne.
1331 2808 1385 2842 26.
1413 2810 1448 2843 δὲ
1468 2818 1691 2856 assumptum

104 2856 145 2879 ex
201 2873 207 2879 .

161 3021 254 3050 voL.
279 3022 307 3049 1.
894 3028 921 3065 4
942 3028 964 3053 T

1762 2050 1809 2080 13,
1829 2050 1877 2082 14.
