2084 3317
165 179 203 204 v.
222 175 290 217 47.
372 166 447 207 IN
489 166 531 206 S.
567 165 904 207 JOANNEM.
968 164 1092 204 LIB.
1127 163 1213 203 III.
1277 162 1411 203 CAP.
1447 162 1531 202 ΙΙΙ.
1673 163 1753 200 395

165 272 261 328 πῶς
288 277 375 329 τοῖς
403 275 522 342 ἐμοῖς
549 276 733 343 ῥήμασιν
760 273 1016 334 πιστεύετες
1057 271 1110 323 τὸ
1137 274 1184 322 ἐν
1212 272 1427 333 ἀμείνοσι
1461 274 1645 321 κεῖσθαι
1675 269 1757 324 τὰς

162 356 334 406 ἐκείνου
371 355 676 424 συγγραφὰς,
716 355 744 421 ἢ
787 358 835 406 ἐν
873 354 941 409 οἷς
986 354 1042 406 ἂν
1080 352 1168 405 εἷεν
1208 357 1249 404 οὶ
1287 354 1395 419 παρ’
1426 354 1568 404 αὐτοῦ
1607 351 1758 416 λόγοι,

164 437 337 487 δίδωσί
365 461 466 492 πως
501 440 687 489 ἐννοεῖν·
731 437 842 489 ἀλλ’
871 436 988 502 αὐτὴ
1023 442 1106 488 τοῦ
1138 435 1418 502 πράγματος
1446 435 1472 498 ἡ
1501 434 1648 503 φύσις
1675 437 1758 496 τῆς

163 517 369 585 ἐσχάτης
413 520 621 584 εὐηθείας
665 520 916 572 ἀνάπλεων
958 519 1044 583 τὴν
1083 520 1229 572 οὕτως
1273 519 1503 569 ἀπίθανον
1542 516 1800 584 ἐπιδείξειε

120 614 142 651 5
165 599 386 653 διάνοιαν.
443 606 545 656 πῶς
583 601 677 669 γὰρ
715 601 773 653 ἂν
812 607 966 653 νοοῖτο
994 600 1054 653 τὰ
1084 601 1332 654 Μωυσέως
1371 599 1628 666 γράμματα
1666 602 1761 648 τῶν

164 688 248 732 τοῦ
276 686 494 749 Σωτῆρος
530 684 826 750 διενεγκόντα
860 682 1096 751 ῥημάτιον,
1124 684 1243 734 ὅπου
1268 682 1406 734 τύποι
1440 681 1525 745 μὲν
1550 680 1676 745 ἦσαν
1704 680 1762 731 τὰ

165 765 219 814 δι’
242 765 415 816 ἐκείνου
442 768 516 816 καὶ
544 768 688 828 σκιαὶ,
710 766 908 830 ἀλήθεια
934 766 981 816 δὲ
1009 765 1068 817 τὰ
1094 764 1169 816 διὰ
1189 769 1406 832 Χριστοῦ
1427 786 1438 825 ;
1480 766 1554 815 καὶ
1580 761 1762 830 μακρὸν

164 847 249 909 μὲν
274 845 332 910 ἧν
358 847 474 901 ἴσως
500 850 553 898 οὐ
581 848 794 916 χαλεπὸν
820 850 893 899 ἐπὶ
926 848 1077 917 τούτῳ
1111 850 1384 911 δαπανῆσαι
1417 847 1581 911 λόγον·
1626 844 1686 895 τὰ
1712 844 1761 895 δὲ

166 928 275 978 λίαν
305 930 478 995 ἐναργῆ
517 932 594 981 καὶ
630 931 684 980 οὐ
720 931 936 996 θύραθεν,
965 929 1077 981 ἀλλ’
1104 929 1161 998 ἐξ
1192 931 1368 980 ἑαυτῶν
1395 928 1502 981 τοὺς
1537 927 1763 994 ἐλέγχους

99 1039 145 1064 10
167 1010 491 1074 λαμβάνοντα,
517 1010 736 1078 περιττὸν
762 1010 889 1076 οἶμαι
921 1012 1092 1078 λέγειν,
1116 1014 1178 1064 ὡς
1214 1012 1298 1062 οὐκ
1331 1010 1388 1061 ἂν
1414 1010 1512 1078 ε”χοι
1548 1014 1698 1062 κακῶς
1735 1007 1763 1072 ἢ

166 1096 338 1146 καλῶς.
381 1094 430 1144 τί
451 1093 545 1159 γὰρ
566 1094 624 1145 ἄν
641 1118 710 1147 τις
731 1099 827 1148 τοῖς
847 1093 1072 1148 τοιούτοις
1092 1094 1416 1161 ἐπιδιατρίψαι
1437 1095 1763 1154 λεπτομυθῶν,

166 1176 242 1225 καὶ
274 1174 334 1225 τὰ
365 1175 634 1240 μηδαμόθεν
662 1179 869 1244 δυσχερῆ
897 1176 1302 1244 κατακερματίζων
1329 1179 1392 1230 εἷς
1418 1176 1501 1226 οὐκ
1527 1174 1765 1240 εὐκαίρους
1785 1195 1806 1218 a
1836 1185 1922 1218 268
1937 1184 1990 1218 A·

166 1258 460 1324 πολυλογίας
484 1281 496 1319 ;

233 1338 371 1408 ’Έχει
396 1342 552 1392 τοίνυν
577 1340 630 1393 τὸ
668 1341 743 1393 διὰ
779 1347 861 1392 τοῦ
891 1344 1112 1408 Σωτῆρος
1140 1340 1397 1407 λεγόμενον
1423 1338 1635 1391 τοιοῦτόν
1663 1362 1766 1389 τινα

100 1445 145 1482 15
169 1428 292 1475 νοῦν.
333 1428 370 1474 εὶ
398 1423 555 1487 νόμον,
576 1426 714 1493 φησι,
734 1424 816 1475 τὸν
838 1423 913 1475 διὰ
942 1426 1190 1478 Μωυσέως
1216 1423 1400 1490 ἔχοντες
1427 1420 1766 1489 γεγραμμένον,

169 1506 266 1556 ἄνω
294 1529 343 1556 τε
370 1509 444 1556 καὶ
471 1506 598 1557 κάτω
624 1505 683 1557 τὰ
711 1507 866 1558 ἐκείνου
892 1511 1182 1571 μελετῶντες
1208 1506 1471 1574 γράμματα
1496 1505 1606 1570 παρ’
1637 1502 1769 1554 οὐδὲν

167 1593 380 1640 ποιεῖσθε
407 1588 493 1653 τὴν
512 1590 580 1640 ἐπ’
604 1590 761 1642 αὐτοῖς
786 1588 1083 1655 παράβασιν,
1104 1587 1285 1658 ἐκτόπῳ
1314 1587 1439 1655 λήθῃ
1465 1586 1771 1653 βαπτίζοντες

167 1669 223 1722 τὸ
248 1670 486 1725 πολλάκις
512 1670 887 1737 ἀνεγνωσμένον,
909 1675 1010 1724 πῶς
1039 1669 1096 1721 ἂν
1124 1671 1339 1735 γένοισθε
1366 1672 1471 1735 περὶ
1499 1668 1606 1722 τοὺς
1634 1667 1770 1732 ἐμοὺς

169 1753 597 1820 εὐγνωμονέστεροι
624 1751 814 1819 λόγους,
845 1751 872 1817 ἢ
900 1757 1001 1806 πῶς
1028 1751 1086 1803 ἂν
1112 1753 1401 1819 ἑτοιμότεροί
1431 1775 1481 1802 τε
1515 1752 1589 1801 καὶ
1624 1751 1770 1800 εὐπει-

102 1867 150 1891 20
170 1836 383 1902 θέστεροι
420 1834 539 1902 πρὸς
577 1835 660 1889 τὰς
702 1835 815 1900 ε’μάς
860 1838 1182 1902 ἀναφανεῖσθε
1227 1833 1403 1903 φωνὰς,
1441 1835 1494 1884 οὐ
1534 1831 1771 1886 πολλάκις
1790 1844 1816 1883 b

172 1918 275 1970 οὐδὲ
317 1921 384 1969 ἀεὶ
422 1918 830 1985 προσεδρεύοντες,
872 1918 984 1967 ἀλλ’
1028 1920 1090 1971 ὡς
1135 1919 1185 1968 ἐκ
1229 1919 1540 1983 παραδρομῆς
1584 1915 1766 1982 ἀκροώ-

170 2024 313 2065 μενοι,
354 2002 430 2051 καὶ
468 1999 614 2064 μόνον
653 1998 790 2069 ἅπαξ
825 1999 934 2050 ἔσθ’
965 1999 1041 2050 ὅτε
1086 2005 1186 2053 ταῖς
1228 2006 1311 2050 τοῦ
1349 2000 1574 2063 σώματος
1613 2000 1773 2051 ἀκοαῖς

171 2084 528 2150 εἰσοικίζοντες;
572 2081 600 2147 ἦ
640 2082 735 2149 γὰρ
773 2081 893 2133 κατὰ
936 2080 990 2132 τὸ
1032 2085 1200 2149 σχῆμα
1238 2082 1344 2133 τόδε
1385 2087 1482 2135 τοῖς
1521 2080 1773 2147 εἰρημένοις

170 2170 480 2232 προσβαλεῖς,
507 2162 536 2228 ὴ
563 2163 727 2230 ἑτέρως
761 2163 1059 2230 ἐπαθρήσεις·
1100 2163 1441 2231 χρηστομαθὴς
1479 2163 1572 2228 γὰρ
1609 2164 1718 2213 λίαν
1746 2163 1772 2225 ἡ

105 2273 153 2313 25
171 2249 219 2298 ἐν
244 2248 424 2300 τούτοις
461 2246 699 2313 περιεργία
740 2248 814 2297 καὶ
849 2244 1056 2311 ζήτησις.
1111 2248 1279 2297 οὐκοῦν
1310 2245 1370 2296 τὰ
1409 2245 1493 2310 μὲν
1522 2243 1772 2297 Μωυσέως

172 2329 445 2397 γράμματα,
482 2328 812 2394 παιδαγωγίαν
857 2327 962 2379 τινὰ
1007 2330 1084 2379 καὶ
1128 2328 1212 2379 τὸν
1256 2328 1332 2379 διὰ
1374 2328 1525 2379 τύπου
1572 2349 1764 2394 σχημα-

172 2411 346 2476 τισμὸν
372 2414 467 2461 τῶν
492 2412 567 2462 ἐπὶ
593 2413 794 2479 Χριστῷ
820 2411 1096 2476 μυστηρίων
1117 2410 1342 2478 εἰσφέρει,
1364 2412 1439 2461 καὶ
1466 2411 1602 2460 οἱονεὶ
1630 2431 1764 2458 στοι-

173 2493 277 2561 χεῖά
314 2515 419 2544 τινα
457 2495 538 2556 τῆς
575 2494 682 2558 περὶ
721 2493 863 2543 αὑτοῦ
903 2493 1139 2558 γνώσεως,
1165 2492 1225 2542 τὰ
1264 2494 1312 2543 ἐν
1338 2492 1494 2560 ἐκείνῳ
1532 2512 1764 2555 σκιαγρα-
1788 2514 1810 2540 c

173 2575 404 2644 φούμενα,
444 2573 475 2624 ἃ
513 2576 588 2625 καὶ
628 2573 702 2624 διὰ
740 2579 836 2625 τῶν
873 2575 962 2640 ἤδη
1001 2572 1435 2644 προεξητασμένων
1473 2571 1770 2637 πλατύτερον

107 2693 156 2728 30
174 2657 486 2726 ἐπεδείξαμεν.
536 2655 676 2710 τέλος
711 2656 759 2707 δὲ
793 2655 1084 2711 παιδεύσεως
1119 2659 1310 2720 νομικῆς
1346 2656 1370 2706 ὁ
1397 2653 1625 2721 Χριστὸς,
1653 2651 1772 2704 κατὰ

229 2802 257 2823 1.
284 2787 463 2823 πιστεύετε
481 2789 536 2830 (ut
554 2789 673 2831 Supra)
695 2787 736 2822 Β.
754 2788 960 2823 πιστεύσετε
981 2788 1046 2822 Ed.
1195 2799 1227 2831 9.
1255 2784 1397 2830 ἑαυτῶν]
1423 2790 1459 2825 -†-
1482 2784 1542 2818 οὐκ
1561 2784 1685 2827 ἔξωθεν
1704 2783 1771 2817 Ed.

178 2836 278 2882 quasi
295 2836 332 2869 in
349 2834 493 2879 θύραθεν
510 2835 640 2879 glossa,
660 2835 770 2868 invito
790 2835 831 2869 B.
967 2847 1020 2869 10.
1047 2837 1157 2869 καλῶς
1174 2841 1207 2867 et
1226 2837 1332 2868 κακῶς
1350 2833 1439 2865 inter
1458 2843 1494 2865 se
1511 2831 1709 2875 transponit
1731 2830 1771 2862 Β.

181 2895 234 2928 19.
261 2897 296 2916 τε
315 2888 539 2926 assumptum
557 2893 598 2914 ex
619 2881 710 2915 B.D.
810 2892 864 2926 23.
891 2883 929 2915 τὸ
948 2883 1066 2926 σχῆμα
1082 2879 1177 2925 τόδε]
1198 2880 1273 2913 τόδε
1293 2881 1330 2912 τὸ
1350 2881 1448 2922 σῶμα
1470 2878 1510 2911 Β.
1618 2888 1672 2919 24.
1701 2877 1772 2910 ἑτέ-

178 2945 249 2974 ροις
270 2929 310 2963 Β.
365 2929 490 2963 Statim
510 2927 712 2971 ἐπαθρὴσεις
732 2927 773 2962 Β.
795 2927 1003 2971 ἐπαθλήσεις
1023 2927 1088 2961 Ed.
1140 2927 1158 2970 ἡ
1177 2939 1247 2961 om.
1271 2926 1310 2959 B.
1409 2936 1465 2969 30.
1494 2924 1711 2969 ἐπεδείξαμεν
1732 2924 1772 2958 Β.

179 2977 399 3020 ὑπεδείξαμεν
419 2974 483 3009 Ed.

923 3043 1041 3085 3E2
