2084 3317
111 181 137 221 i.
163 196 201 236 9,
224 196 287 224 10.
359 183 432 223 IN
474 182 518 224 S.
551 181 887 222 JOANNEM.
950 181 1076 221 LIB.
1111 182 1145 221 Ι.
1208 181 1342 222 CAP.
1377 182 1456 222 IX.
1617 184 1697 223 125

111 288 242 339 ἀλλὰ
266 289 359 354 μήν
384 291 515 341 ἐστιν
541 288 732 355 ἀγαθὸς,
762 288 838 340 διά
871 312 940 340 τοι
976 295 1113 340 τοῦτο
1148 288 1342 353 ποιητὴς
1369 291 1576 355 ἀγαθῶν·
1615 290 1700 340 οὐκ

111 371 200 436 ἄρα
227 371 448 437 τιμωρίας
473 370 606 422 ε”σται
633 370 806 436 τρόπος
832 371 859 434 ἡ
889 370 1148 437 σάρκωσις.

185 475 256 502 κα.
306 474 437 503 ΑΛΛο.
484 457 540 503 Εἰ
586 452 1012 517 πλημμελημάτων
1052 456 1134 517 τῆς
1175 455 1223 503 ἐν
1262 452 1429 522 κόσμῳ
1471 453 1700 518 γενέσεως

112 534 426 600 ἀρχαιοτέρων
453 533 783 600 εἰσπράττεται
820 534 948 587 δίκας
984 534 1011 597 ἡ
1047 541 1130 585 τοῦ
1165 533 1418 600 ἀνθρώπου
1453 533 1588 602 ψυχὴ
1625 533 1700 584 διὰ
1719 544 1744 584 b

70 633 92 671 5
112 618 193 679 τῆς
227 620 288 669 εἷς
323 616 480 681 σάρκα
516 619 813 678 συμπλοκῆς,
842 618 917 666 καὶ
954 617 1177 681 τιμωρίας
1211 615 1363 683 ἐπέχει
1400 615 1549 681 λόγον
1580 616 1698 683 αὐτῇ

111 696 164 748 τὸ
191 701 347 759 σῶμα,
374 697 450 748 διὰ
474 697 614 748 ποίαν
641 698 804 759 αἰτίαν,
833 697 998 766 κόσμῳ
1032 697 1115 759 μὲν
1140 700 1334 758 ἀσεβῶν
1361 696 1700 760 κατακλυσμὸς

110 779 418 843 ἐπενήνεκται,
448 779 652 843 διεσώθη
688 779 735 829 δὲ
772 780 945 832 δίκαιος
981 778 1045 830 ὧν
1078 781 1102 829 ὁ
1135 784 1259 843 Νῶε,
1287 782 1362 830 καὶ
1397 778 1572 844 ταύτην
1608 779 1700 846 ἔχει
1762 775 1845 806 Gen.
1862 776 1916 807 VH·

109 859 239 928 παρὰ
265 864 390 911 Θεοῦ
414 863 496 924 τῆς
523 861 728 915 πίστεως
754 859 839 924 τὴν
864 861 1103 912 ἀντίδοσιν
1124 883 1134 921 ;
1177 860 1204 926 ὴ
1242 861 1334 927 γὰρ
1372 862 1474 928 οὐχὶ
1511 865 1701 922 μᾶλλον

109 944 250 1009 ἐχρῆν
294 941 400 996 τοὺς
443 941 528 1005 μὲν
572 940 790 1011 ἀφόρητα
835 943 1253 1007 δυσσεβήσαντας,
1293 944 1608 1010 μακροτέρους
1654 944 1702 993 ἐν

46 1051 92 1075 10
110 1025 306 1088 σώμασι
340 1024 637 1090 κατατρίβειν
671 1024 884 1091 χρόνους,
916 1025 992 1075 ἵνα
1028 1027 1103 1076 καὶ
1135 1025 1353 1091 μειζόνως
1391 1023 1699 1090 κολάζωνται,

109 1111 298 1171 δεσμῶν
325 1106 373 1157 δὲ
409 1111 502 1157 τῶν
529 1105 623 1157 ἀπὸ
660 1106 838 1173 σαρκὸς
876 1107 1090 1158 ἀνίεσθαι
1125 1106 1232 1161 τοὺς
1267 1106 1485 1172 ἀγαθοὺς,
1513 1108 1588 1157 καὶ
1620 1109 1703 1170 τῆς

108 1187 227 1254 πρὸς
260 1186 384 1239 Θεὸν
409 1189 648 1249 εὐσεβείας
686 1188 1060 1255 ἀντικομίζεσθαι
1098 1190 1238 1255 γε’ρας
1275 1188 1360 1252 τὴν
1395 1191 1444 1239 ἐκ
1479 1189 1741 1251 σώματοςο

110 1271 461 1338 ἀποφοίτησινς
503 1272 613 1321 ἀλλ’
643 1269 770 1332 οἶμαι
811 1272 987 1321 δίκαιον
1022 1270 1137 1321 ὄντα
1171 1270 1254 1321 τὸν
1287 1269 1510 1321 ἁπάντων
1539 1274 1696 1334 Δημι-

110 1351 294 1418 ουργὸν,
332 1350 417 1416 τὴν
461 1351 647 1421 ἑκάστῳ
693 1353 1085 1420 χρεωστουμε’νην
1131 1353 1335 1418 τάγματι
1381 1356 1551 1420 ψῆφον
1591 1354 1698 1403 ἐπε-

46 1452 91 1489 15
112 1439 301 1499 νεγκεῖν.
358 1433 512 1497 ἐπειδὴ
553 1434 602 1485 δὲ
644 1435 817 1488 δίκαιος
856 1433 920 1485 ὧν
955 1433 1142 1503 θανάτῳ
1179 1434 1263 1498 μὲν
1298 1439 1365 1504 τῷ
1403 1437 1485 1498 τῆς
1524 1435 1703 1500 σαρκὸς

111 1515 295 1582 κολάζει
342 1515 423 1566 τὸν
462 1515 753 1582 παράνομον,
793 1517 890 1584 ζωῇ
930 1516 978 1566 δὲ
1019 1517 1167 1567 πάλιν
1209 1521 1267 1583 τῇ
1312 1515 1430 1579 μετὰ
1476 1517 1702 1580 σώματος

110 1599 344 1665 εὐφραίνει
385 1597 466 1648 τὸν
506 1600 695 1650 δίκαιον·
764 1599 818 1649 οὐ
865 1598 1066 1651 κόλασις
1111 1598 1202 1664 ἄρα
1248 1597 1308 1648 τὰ
1354 1597 1557 1660 σώματα
1603 1603 1703 1652 ταῖς

111 1679 371 1745 ἀνθρώπων
397 1683 588 1747 ψυχαῖς,
615 1682 690 1731 ἵνα
726 1678 790 1743 μὴ
828 1681 985 1733 ἄδικος
1022 1680 1245 1748 φαίνηται
1276 1678 1411 1740 Θεὸς,
1438 1679 1592 1746 χάριτι
1619 1680 1702 1743 μὲν

110 1760 321 1827 κολάζων
346 1760 428 1811 τὸν
455 1764 624 1826 ἀσεβῆ,
650 1767 799 1825 τιμῶν
825 1762 872 1812 δὲ
899 1761 1048 1812 πάλιν
1075 1761 1274 1812 κολάσει
1301 1761 1383 1812 τὸν
1411 1761 1603 1812 δίκαιον.

44 1861 92 1886 20
184 1848 259 1903 κβ.
289 1863 420 1893 AAAO.
449 1847 507 1894 Εἰ
533 1845 918 1910 προγενεστέρων
944 1841 1261 1907 πταισμάτων
1287 1844 1544 1894 ἐκτίσουσα
1573 1844 1702 1898 δίκας
1723 1853 1749 1893 d

110 1927 171 1978 εἷς
197 1924 354 1991 σάρκα
379 1928 454 1976 καὶ
481 1929 623 1988 σῶμα
651 1924 976 1989 καταβέβηκεν
1002 1925 1029 1988 ἡ
1057 1925 1208 1993 ψυχὴ,
1235 1929 1335 1978 πῶς
1362 1933 1390 1954 “
1411 1927 1591 1995 ἐφίλει”
1621 1925 1703 1977 τὸν
1766 1927 1870 2010 Ξξῖῑξὸ

110 2006 326 2073 Λάζαρον
359 2007 638 2071 ἀναστήσας
678 2007 820 2058 αὑτὸν
853 2008 877 2057 ὁ
912 2007 1080 2073 Σωτὴρ
1121 2010 1194 2058 καὶ
1230 2006 1313 2058 τὸν
1346 2006 1482 2077 ἅπαξ
1513 2011 1703 2072 δεσμῶν

109 2089 330 2140 ἀνεθέντα
354 2093 691 2156 παλινδρομεῖν
719 2093 781 2143 εἷς
808 2088 974 2143 αὐτοὺς
1003 2088 1312 2155 ἀναγκάσας5
1343 2090 1453 2140 ἀλλ’
1477 2090 1704 2156 ἔπραττεν

110 2172 324 2237 ὠφελῶν,
365 2174 440 2222 καὶ
483 2173 544 2225 ὡς
587 2172 732 2240 φίλον
772 2172 906 2234 ἐτίμα
951 2169 1033 2221 τὸν
1071 2175 1305 2222 τεθνεῶτα
1344 2172 1558 2237 Χριστὸς
1605 2175 1703 2223 &ta-

43 2274 91 2312 25
111 2252 274 2307 νιστάς
316 2255 364 2304 ἐκ
411 2259 598 2320 νεκρῶν.
675 2258 846 2304 εἰκαῖον
887 2254 968 2304 οὖν
1010 2253 1102 2320 ἄρα
1146 2258 1240 2304 τῶν
1287 2255 1342 2304 δι’
1385 2255 1605 2306 ἐναντίων
1649 2255 1703 2306 τὸ

109 2334 385 2401 πρόβλημα.

184 2440 261 2482 κγ.
304 2438 435 2467 ΑΛΛο.
476 2421 548 2480 ΕΞ,
588 2416 798 2484 καθάπερ
841 2420 998 2470 ἐκεῖνοι
1048 2418 1299 2483 ληροῦντές
1347 2423 1514 2487 φασιν,
1555 2421 1616 2473 ὡς
1656 2420 1746 2469 ἐνο

111 2497 240 2567 τάξει
265 2501 486 2566 τιμωρίας
515 2501 698 2551 δέδοται
729 2500 782 2551 τὸ
821 2504 964 2564 σῶμα
999 2504 1056 2569 τῇ
1092 2504 1243 2569 ψυχῇ,
1272 2501 1346 2551 διὰ
1372 2501 1704 2566 πρεσβυτέραν

113 2581 254 2644 αὐτῆς
299 2582 530 2647 ἁμαρτίαν
573 2582 828 2646 ἐπινοηθέν,
874 2584 1079 2649 ἁμαρτία
1128 2582 1213 2646 τὴν
1258 2587 1352 2634 τῶν
1396 2583 1704 2648 ἀνθρωπίνων

46 2688 95 2723 30
114 2661 351 2725 σωμάτων
389 2662 728 2730 παρεισήνεγκε
770 2663 936 2733 φύσιν·
999 2663 1130 2715 ἀλλά
1170 2666 1245 2715 καὶ
1284 2663 1432 2715 πάλιν
1464 2672 1491 2694 “
1511 2667 1704 2729 εἰσῆλθε
1770 2664 1863 2694 Rom.
1883 2674 1913 2694 v.

1773 2716 1821 2738 12.

1314 2764 1447 2796 ’γενέσεως

165 2808 194 2829 1.
220 2794 288 2841 τοι]
308 2810 344 2829 τε
363 2796 456 2831 1).Ε.
593 2808 624 2832 2.
651 2798 748 2833 ἕσται
766 2810 836 2832 om.
858 2798 899 2832 B.
1036 2809 1068 2842 3.
1095 2796 1277 2843 γενέσεως]
1299 2798 1465 2841 συνέξεως
1484 2797 1526 2832 Β.
1578 2797 1705 2832 Statim

113 2842 336 2887 ἀρχαιότερον
354 2843 395 2877 Ε.
588 2853 620 2887 5.
645 2845 755 2890 λόγον
771 2845 853 2888 αὐτῇ
872 2846 910 2879 τὸ
929 2847 1028 2888 σῶμα
1047 2844 1113 2878 hoc
1131 2844 1252 2878 ordine
1269 2844 1309 2878 B.
1327 2845 1365 2879 τὸ
1385 2847 1483 2889 σῶμα
1501 2850 1580 2879 ante
1597 2846 1705 2890 λόγον

113 2894 158 2923 tr.
177 2888 244 2923 Ed.
392 2900 444 2924 10.
470 2891 607 2934 σώμασι
627 2891 668 2925 Β.
687 2893 820 2935 σώματι
838 2891 905 2926 Ed.
970 2892 1024 2924 καὶ
1042 2896 1264 2936 assumptum
1283 2903 1325 2925 ex
1343 2891 1386 2925 Β.
1534 2901 1586 2936 17.
1612 2890 1702 2937 ταῖς]

118 2940 155 2976 -†-
176 2939 242 2969 τῶν
260 2935 326 2969 Ed.
346 2936 454 2970 invito
476 2936 516 2971 B.
643 2948 699 2982 23.
724 2938 882 2973 ἀνεθέντα
903 2938 943 2972 Β.
963 2937 1081 2972 ἀνέντα
1101 2937 1166 2972 Ed.
1301 2947 1355 2983 25.
1382 2937 1523 2984 εἰκαῖον]
1544 2938 1573 2972 εἷ
1591 2939 1644 2973 καὶ
1664 2939 1705 2974 Ε.

116 2982 239 3016 Statim
259 2982 316 3017 οὖν
334 2994 402 3017 om.
426 2982 465 3017 Β,
