2084 3317
159 159 213 200 vi.
232 160 299 201 68.
381 161 456 202 IN
498 161 541 201 S.
575 157 914 201 JOANNEM.
976 156 1101 198 LIB.
1134 156 1213 197 IV.
1275 156 1409 198 CAP.
1445 156 1521 197 IV.
1662 155 1744 195 563

157 271 206 319 ἐν
228 268 372 338 τάξει.
434 271 547 340 Πρὶς
574 271 672 320 τίνα,
695 272 945 335 τοιγαροῦν
963 264 1322 334 ἀπελευσόμεθα,
1344 266 1511 333 φησιν,
1532 265 1634 314 ἀντὶ
1660 268 1744 314 τοῦ

159 353 244 404 Τίς
269 352 391 415 ἡμᾶς
416 350 791 416 μυσταγωγήσει
816 349 875 401 τὰ
909 347 1260 415 παραπλήσια;
1308 345 1337 412 ἢ
1365 348 1440 397 καὶ
1465 348 1553 397 τίνι
1579 368 1740 412 προσ-

158 430 374 486 ελθόντες
405 431 460 483 τὸ
493 437 701 498 κρεῖττον
732 431 1024 498 εὑρήσομεν;
1068 432 1247 501 ῥήματα
1274 428 1383 500 ζωῆς
1412 430 1578 479 αἰωνίου
1605 429 1738 489 ἔχεις·

158 514 212 564 οὐ
236 513 442 579 σκληρὰ,
471 513 682 579 καθάπερ
708 514 874 565 ἐκεῖνοί
900 523 1067 583 φασιν,
1094 512 1204 563 ἀλλ’
1235 514 1296 565 εἰς
1321 509 1375 561 τὸ
1401 509 1593 561 πάντων
1619 508 1743 578 ἐξαί-

113 607 136 645 5
156 619 291 662 ρετον
317 595 625 664 ἀναφέροντα,
651 596 910 657 τουτέστιν,
931 599 993 649 εἷς
1018 593 1345 658 ἀκατάληκτον
1371 595 1446 643 καὶ
1472 591 1744 657 μακραίωνα

157 677 277 740 βίον,
297 679 372 728 καὶ
399 682 582 747 φθορᾶς
607 678 798 742 ἀπάσης
825 677 1144 747 ἐξῳκισμένην
1169 674 1305 743 ζωήν.
1347 677 1494 739 δῆλον
1521 673 1568 724 δὲ
1596 672 1746 737 δήπου

156 758 345 812 πάντως
385 760 494 824 ἡμῖν
530 762 604 811 καὶ
644 759 720 810 διὰ
758 759 936 810 τούτων
967 759 1103 810 ε”σται
1136 763 1231 810 τῶν
1266 758 1438 824 λόγων,
1466 758 1528 810 ὡς
1567 757 1631 807 ἑνὶ
1670 757 1746 805 καὶ

156 840 286 910 μόνῳ
313 840 590 911 διδασκάλῳ
617 845 689 893 δεῖ
707 840 1118 907 προσκαθέζεσθαι
1144 844 1211 910 τῷ
1237 843 1454 909 Χριστῷ,
1481 841 1555 889 καὶ
1581 860 1740 903 προσ-

157 922 356 988 εδρεύειν
381 925 692 977 ἀδιαλείπτως
727 946 778 974 τε
812 925 887 974 καὶ
924 922 1296 989 ἀπερισπάστως
1330 923 1468 990 αὐτῷ,
1497 923 1571 971 καὶ
1604 918 1747 970 αὐτὸν

89 1024 138 1051 10
156 1010 393 1057 ποιεῖσθαι
433 1004 717 1071 καθηγητὴν,
756 1009 979 1071 ποδηγεῖν
1013 1004 1167 1056 εἰδότα
1206 1008 1365 1058 καλῶς
1405 1008 1468 1057 εἷς
1507 1001 1627 1069 ζωὴν
1660 1000 1746 1064 τὴν

159 1088 435 1154 ἀπέραντον.
500 1089 622 1139 οὕτω
666 1087 760 1154 γὰρ
800 1089 923 1139 οὕτω
968 1086 1045 1138 καὶ
1084 1091 1145 1141 εἷς
1190 1084 1276 1150 τὴν
1316 1084 1532 1151 οὐράνιόν
1577 1106 1626 1134 τε
1670 1083 1746 1133 καὶ

159 1171 288 1222 θείαν
331 1169 484 1234 αὐλὴν
530 1169 886 1234 ἀναβησόμεθα,
932 1171 1007 1220 καὶ
1051 1173 1113 1224 εἷς
1164 1168 1250 1233 τὴν
1295 1172 1390 1219 τῶν
1431 1165 1748 1233 πρωτοτόκων

159 1253 418 1317 ἐκκλησίαν
461 1251 827 1315 εἰσελαύνοντες,
872 1256 968 1306 τοῖς
1014 1250 1128 1319 ὑπὲρ
1173 1256 1282 1302 νοῦν
1325 1250 1408 1301 τὸν
1452 1248 1748 1315 ἀνθρώπινον

159 1333 516 1403 ἐντρυφήσομεν
540 1335 750 1400 ἀγαθοῖς.
806 1333 876 1385 ὅτι
903 1334 995 1401 γάρ
1026 1336 1158 1385 ἐστιν
1184 1333 1366 1398 ἀγαθόν
1392 1356 1442 1384 τε
1478 1333 1552 1382 καὶ
1584 1330 1746 1392 σωτή-

91 1438 138 1476 15
160 1440 261 1483 ριον
286 1420 446 1484 χρῆμα
481 1416 536 1467 τὸ
571 1417 700 1486 μόνῳ
735 1416 1001 1477 βούλεσθαι
1035 1419 1400 1467 κατακολουθεῖν
1428 1419 1493 1483 τῷ
1525 1416 1746 1482 Χριστῷ,

161 1502 236 1550 καὶ
262 1501 388 1568 αὐτῷ
414 1504 621 1550 συνεῖναι
657 1498 733 1550 διὰ
762 1499 952 1561 παντὸς,
981 1502 1055 1550 καὶ
1088 1498 1206 1563 αὐτὴ
1240 1497 1326 1562 μὲν
1352 1495 1695 1565 ἀναμφιλόγως
1722 1497 1749 1558 ἡ

160 1588 243 1632 τοῦ
268 1581 550 1646 πράγματος
582 1580 949 1649 πληροφορήσει
983 1581 1144 1648 φύσις.
1198 1579 1332 1632 οὐδὲν
1359 1578 1407 1631 δὲ
1433 1579 1574 1644 ἧττον
1600 1579 1676 1629 καὶ
1701 1579 1751 1628 ἐκ

159 1668 252 1714 τῶν
280 1663 594 1730 ἀρχαιοτέρων
620 1662 913 1729 γραμμάτων
939 1662 1176 1728 εἰσόμεθα.

244 1747 434 1797 Οὐκοῦν
484 1746 560 1797 ὅτε
609 1745 692 1799 τὰς
745 1746 1020 1811 Αἰγυπτίων
1070 1745 1348 1814 πλεονεξίας
1398 1743 1751 1807 ἀποδυσάμενοι

92 1849 142 1874 20
159 1827 278 1893 πρὸς
304 1828 390 1890 τὴν
416 1831 498 1891 τῆς
532 1828 821 1893 ἐπαγγελίας
856 1830 947 1893 γῆν
974 1831 1015 1878 οὶ
1050 1827 1106 1896 ἐξ
1132 1826 1335 1893 Ἰσραὴλ
1368 1827 1637 1892 ἠπείγοντο,
1668 1827 1755 1876 οὐκ

160 1908 389 1963 ἀτάκτους
427 1914 662 1962 ποιεῖσθαι
700 1909 783 1963 τὰς
821 1911 1014 1976 πορείας
1050 1908 1217 1964 αὐτοὺς
1255 1908 1439 1960 ἐκέλευε
1475 1908 1612 1966 Θεὸς,
1647 1906 1752 1959 οὐδὲ

160 1991 356 2058 ὅποιπερ
382 1992 441 2043 ἄν
467 2015 535 2045 τις
562 1991 787 2056 ἐθελήσαι
813 1991 1017 2057 βαδίζειν
1043 1993 1068 2043 ὁ
1096 1991 1347 2056 νομοθέτης
1372 1992 1513 2058 ἠφίει·
1557 1999 1744 2055 πλανη-

161 2073 397 2138 θήσεσθαι
424 2074 518 2141 γάρ
544 2073 731 2128 πάντως
758 2075 841 2126 οὐκ
867 2074 1061 2142 ἔχοντας
1087 2074 1168 2126 τὸν
1195 2073 1455 2140 ἡγούμενον
1482 2074 1565 2124 οὐκ
1594 2074 1746 2141 ἀμφί-

159 2162 313 2217 βολον
351 2156 423 2222 ἧν.
492 2156 568 2207 διὰ
606 2161 744 2208 τοῦτο
784 2155 878 2223 γὰρ
920 2156 1185 2223 γέγραπται
1229 2157 1378 2208 πάλιν
1415 2154 1533 2221 πρὸς
1578 2153 1749 2206 ὑποτύ-

94 2254 143 2295 25
160 2262 318 2291 πωσιν
355 2239 579 2306 ημετέραν
609 2240 657 2289 ἐν
690 2242 757 2308 τῶ
792 2240 971 2309 βιβλίω
1005 2244 1072 2309 τῳ
1107 2240 1382 2308 καλουμενῳ
1417 2242 1512 2288 τῶν
1538 2238 1750 2302 ἀριθμῶν

161 2329 189 2351 “
219 2323 315 2372 Καὶ
339 2325 397 2388 τῇ
424 2321 573 2390 ἡμερα
605 2318 634 2388 ῂ
664 2319 843 2386 ἐστάθη
878 2321 905 2385 ἡ
942 2320 1110 2385 σκηνὴ,
1136 2320 1377 2389 ἐκάλυψεν
1404 2320 1431 2383 ἡ
1459 2317 1637 2385 νεφελη
1664 2341 1749 2382 την

161 2402 410 2467 66σκηνὴν,
437 2401 519 2453 τὸν
545 2400 671 2453 οἰκον
702 2407 785 2453 τοῦ
819 2404 1091 2468 μαρτυρίου·
1136 2406 1211 2454 καὶ
1248 2402 1303 2453 τὸ
1342 2401 1545 2499 ἑσπέρας
1584 2408 1641 2465 ἠν
1675 2401 1748 2451 ἐπὶ

163 2487 300 2548 “τῆς
326 2487 506 2549 σκηνῆς
532 2486 593 2537 ὡς
621 2482 737 2538 εἶδος
763 2483 910 2551 πυρὸς
939 2485 1023 2538 ἕως
1053 2484 1190 2549 πρωΐ.
1249 2485 1395 2537 οὕτως
1429 2484 1639 2548 εγίγνετο
1674 2481 1749 2533 διὰ

163 2573 188 2596 “
214 2564 404 2628 παντὸς,
430 2567 458 2630 ἡ
487 2565 663 2635 νεφέλη
689 2567 951 2618 ἐκάλυπτεν
976 2566 1122 2630 αὐτὴν
1147 2567 1320 2632 ἡμέρας
1346 2567 1422 2616 καὶ
1454 2563 1573 2618 εἶδος
1601 2566 1748 2630 πυρὸς

95 2665 143 2700 30
163 2655 190 2678 “
216 2648 302 2713 τὴν
330 2647 490 2699 νύκτα.
539 2650 614 2699 καὶ
653 2648 788 2713 ἡνίκα
825 2648 972 2713 ἀνέβη
1011 2649 1039 2712 ἡ
1079 2647 1256 2718 νεφέλη
1295 2648 1389 2699 ἀπὸ
1427 2650 1509 2712 τῆς
1548 2650 1745 2712 σκηνῆς,

210 2824 243 2856 ὃ.
261 2821 557 2865 προσκαθέζεσθαι
575 2821 644 2855 δεῖν
662 2822 705 2856 Β.
802 2834 834 2867 9.
858 2823 1082 2858 ἀδιαλείπτως
1103 2822 1143 2856 Β.
1163 2822 1421 2866 ἀπαραλείπτως
1440 2821 1506 2855 Ed.
1608 2832 1660 2855 10.
1682 2821 1745 2866 εἰς]

161 2871 247 2913 πρὸς
266 2868 307 2902 Β.
462 2879 514 2902 11.
543 2869 597 2902 καὶ
614 2869 711 2914 prius
729 2880 798 2903 ΟΠ).
820 2870 860 2904 Β.
1015 2880 1066 2912 15.
1092 2868 1322 2907 βουλεύεσθαι
1344 2869 1382 2902 Β.
1535 2878 1589 2902 21.
1615 2867 1746 2902 ἐκέλευε

163 2922 387 2960 assumptum
405 2927 447 2949 ex
467 2914 560 2949 13.D.
720 2926 773 2960 23.
799 2917 920 2961 ἔχοντα
942 2916 982 2950 B.
1062 2916 1259 2960 ἀμφίβολον
1280 2915 1358 2950 RD
1378 2926 1532 2959 suprasc.
1551 2915 1748 2960 ἀμφίλογον

166 2963 211 2997 D.
233 2963 298 2997 Ed.
445 2973 499 3004 24.
526 2962 591 3007 γὰρ
610 2969 831 3008 assumptum
850 2975 890 2997 ex
912 2963 952 2996 B.
1100 2974 1153 3007 29.
1181 2963 1234 2996 καὶ
1252 2968 1473 3007 assumptum
1491 2973 1533 2996 ex
1554 2961 1594 2996 Β.

895 3030 1012 3068 402

1763 612 1785 637 a
1814 604 1903 639 384
1917 602 1969 638 A.

1812 2317 1839 2345 λ
1852 2327 1914 2345 mn.
1926 2316 1972 2346 ix2

1814 2367 1929 2400 15-17.
