2084 3317
721 675 1039 723 ΚΕΦΑΛΗ
1099 676 1153 723 Ε.

141 866 241 918 Περὶ
281 869 346 916 τῆς
387 867 522 918 ἑορτῆς
562 869 628 917 τῆς
669 867 951 918 σκηνοπηγίας,
988 867 1046 906 ὅτι
1081 868 1146 916 τῆς
1181 865 1443 918 ὀφειλομένης
1484 869 1564 908 τοῖς
1608 866 1733 918 ἁγίοις

254 947 414 988 ἐλπίδος
444 946 514 997 τὴν
543 945 866 986 ἀποκατάστασιν
897 949 1023 996 δηλοῖ,
1054 945 1116 986 καὶ
1148 945 1218 995 τὴν
1247 947 1288 985 ἐκ
1321 949 1468 997 νεκρῶν
1496 945 1730 995 ἀναβίωσιν·

252 1023 507 1076 προκειμένου
533 1026 650 1077 ῥητοῦ
671 1023 756 1066 φΗν
785 1026 828 1065 δὲ
860 1025 978 1077 ἐγγὺς
1007 1025 1030 1076 ἡ
1062 1024 1175 1076 ἑορτὴ
1205 1028 1284 1065 τῶν
1311 1023 1510 1064 Ἰουδαίων
1537 1024 1560 1075 ἡ
1592 1039 1732 1073 σκηνο-
1752 1020 1778 1061 b

96 1118 118 1156 5
252 1104 389 1156 πηγία.

142 1246 217 1288 Καὶ
253 1246 359 1296 μετὰ
398 1250 531 1289 ταῦτα
570 1248 821 1305 Περιεπάτει
858 1249 881 1290 ὀ
912 1248 1081 1290 ἸΗσοῡε
1120 1248 1163 1289 ὲν
1202 1252 1252 1306 τῷ
1294 1246 1513 1305 Γαλιλαίᾳ·
1565 1248 1613 1287 οὐ
1653 1247 1730 1303 τὰρ
1753 1253 1853 1302 Κεφ.
1876 1247 1927 1297 ζ’.

207 1330 360 1371 ἧθελεν
395 1332 440 1372 ἐν
475 1335 526 1389 τῷ
552 1331 742 1390 Ἰουδαία
781 1328 1047 1388 Περιπατεῖν,
1073 1332 1139 1373 ὅτι
1177 1332 1346 1389 ἐζήτουν
1379 1329 1731 1373 αὐτὸνἸουὸαῖοι

206 1410 471 1455 ἀποκτεῖναι.

220 1565 392 1606 ΜΕΤΑ
439 1558 598 1619 τοιῧτοι,
645 1558 787 1625 φησι,
835 1555 895 1607 τὰ
939 1555 1154 1622 εὶρημενα
1193 1579 1242 1607 τε
1285 1559 1361 1607 καὶ
1400 1579 1729 1622 πεπραγμενα,

74 1659 122 1684 10
139 1636 288 1689 παλιν
321 1639 520 1689 ἐποιεῖτο
555 1637 639 1691 τὰς
673 1637 918 1705 διατριβας
950 1637 1301 1705 ἀσμενέστερον
1327 1641 1374 1689 ἐν
1401 1643 1458 1707 τῇ
1494 1641 1732 1690 Γαλιλαια

141 1719 371 1786 Χριστός·
422 1725 562 1771 τοῦτο
595 1718 689 1786 γὰρ
725 1718 852 1783 οἶμαι
887 1719 941 1771 τὸ
977 1721 1230 1788 περιεπάτει
1266 1724 1460 1785 δηλοῦν·
1509 1720 1621 1772 ἀλλ’
1649 1722 1774 1772 οὐκο

141 1801 418 1852 ἐθελούσιον
457 1803 584 1871 αὐτῷ
621 1802 676 1853 τὸ
714 1803 824 1867 παρ’
865 1803 1052 1856 ἐκείνοις
1090 1800 1219 1865 εἰναι,
1257 1807 1449 1866 μᾶλλον
1488 1803 1536 1854 δὲ
1577 1806 1640 1857 ὡς
1680 1804 1737 1873 ἐξ

140 1882 350 1949 ἀνάγκης
395 1889 666 1948 συμβαῖνον
710 1884 981 1936 ἐπιδεικνύει
1032 1885 1380 1951 προστεθεικὼς
1429 1885 1514 1940 τὰς
1565 1888 1728 1941 αἰτίας.

139 1965 313 2029 ἤθελον
338 1964 446 2031 γὰρ,
475 1967 641 2033 φησὶν,
668 1965 796 2017 αὐτ-ἰν
821 1969 1081 2018 ἀποκτεῖναι
1107 1964 1321 2019 Ἰουδαῖοι·
1364 1967 1440 2018 διὰ
1471 1974 1610 2020 τοῦτο
1639 1975 1736 2024 τοῖς

71 2058 118 2096 15
139 2047 428 2112 ἀλλογενέσι
464 2050 538 2098 καὶ
574 2051 637 2101 εἰς
670 2047 880 2115 μακροὺς
915 2048 1080 2099 ἑαυτὸν
1107 2049 1342 2116 ἐχαρίζετο
1376 2050 1588 2118 χρόνους,
1615 2050 1669 2103 τὸ
1697 2054 1736 2104 ἐν

137 2129 190 2199 τῇ
237 2126 434 2200 Ἰουδαίᾳ
481 2133 739 2197 περιπατεῖν
789 2129 1175 2196 παραιτούμενος.
1251 2133 1362 2182 ἀλλ’
1411 2131 1537 2194 οἶμαι
1586 2133 1735 2186 πάλιν

139 2210 272 2262 οὐδὲν
299 2211 442 2276 ἧττον
470 2211 546 2261 διὰ
572 2211 752 2263 τούτων
777 2213 852 2263 ἐπὶ
887 2217 1052 2280 πολλῇ
1087 2214 1196 2264 λίαν
1223 2216 1490 2284 δυστροπίᾳ
1523 2239 1731 2281 κατηγο-

138 2297 325 2360 ρεῖσθαι
352 2293 435 2344 τὸν
460 2292 679 2360 Ἰσραὴλ,
700 2294 743 2345 εἴ
763 2317 817 2360 γε
844 2300 927 2345 τοῦ
953 2298 1223 2346 διαιτᾶσθαι
1247 2296 1355 2363 παρ’
1385 2297 1511 2365 αὐτῷ
1536 2299 1665 2349 πολύ
1690 2321 1735 2349 τι

140 2379 350 2442 κρεῖττον
376 2375 592 2443 ἐφαίνετο
629 2376 684 2426 τὸ
718 2374 850 2441 παρὰ
885 2381 981 2430 τοῖς
1016 2377 1074 2446 ἐξ
1103 2379 1250 2428 ἐθνῶν
1276 2379 1579 2444 εὑρίσκεσθαι
1604 2385 1730 2443 μᾶλ-
1753 2390 1780 2431 d

73 2476 122 2501 20
140 2463 248 2507 λον·
304 2455 362 2521 ἧν
394 2456 442 2507 δὲ
481 2457 574 2523 ἄρα
611 2459 740 2509 τουτὶ
778 2457 833 2508 τὸ
872 2458 949 2509 διὰ
987 2465 1070 2510 τοῦ
1107 2459 1358 2529 προφήτου
1395 2462 1734 2529 πεφωνημένον

139 2539 364 2605 Ἱερεμίου
391 2546 418 2568 “
437 2539 860 2604 Ἐγκαταλέλοιπα
893 2540 976 2592 τὸν
1008 2540 1135 2592 οἶκόν
1168 2565 1273 2605 μου,
1301 2543 1463 2611 ἀφῆκα
1497 2543 1583 2608 τὴν
1608 2552 1729 2610 κλη-
1797 2558 1890 2589 Hier.
1903 2559 1958 2589 xii-

142 2627 169 2650 ‘⁶
192 2620 418 2686 ρονομιάν
467 2643 576 2684 μου,
624 2621 775 2672 ἔδωκα
825 2621 911 2687 τὴν
963 2624 1270 2688 ἠγαπημένην
1315 2623 1480 2692 ψυχήν
1529 2649 1622 2689 μου
1671 2631 1734 2681 εἷς
1800 2608 1826 2640 7”

141 2708 168 2731 “
195 2706 354 2770 χεῖρας
392 2704 575 2769 ἐχθρῶν
610 2703 799 2767 αὐτῆς·”
843 2704 897 2754 τὸ
938 2704 1031 2771 γὰρ
1070 2705 1252 2773 ε”ξοικον
1287 2705 1370 2768 μὲν
1405 2706 1480 2757 διὰ
1519 2707 1605 2771 τὴν
1639 2714 1733 2760 τῶν

192 2877 256 2911 2-5
275 2878 345 2900 om.
368 2865 408 2899 B.
540 2875 570 2910 7.
597 2864 716 2911 αὐτὸν]
741 2870 777 2907 -ὶ-
799 2868 830 2900 οἱ
850 2867 916 2901 Ed.
936 2868 1045 2901 invito
1066 2867 1106 2901 B.
1126 2868 1169 2901 cf.
1191 2880 1297 2912 supra
1316 2878 1384 2913 270
1399 2881 1427 2903 e.
1555 2883 1606 2912 14.
1635 2872 1735 2906 αὐτὸν

143 2913 299 2947 Ἰουδαῖοι
326 2913 518 2947 ἀποκτεῖναι
544 2913 654 2956 φησίν
680 2913 819 2947 inverso
846 2914 968 2948 ordine
994 2914 1035 2948 B.
1101 2916 1131 2947 οἱ
1158 2919 1239 2949 ante
1258 2914 1414 2949 Ἰουδαῖοι
1442 2917 1630 2961 praemittit
1656 2918 1733 2959 Ed„

146 2972 321 3005 suprascr.
343 2959 383 2994 B.
530 2970 583 2993 20.
613 2960 704 2994 τουτὶ
723 2972 791 2994 om.
813 2960 855 2994 B.
1002 2972 1055 3005 23·
1083 2962 1141 3005 τὴν
1158 2973 1228 2995 om.
1247 2962 1287 2996 Β.

878 3027 995 3065 4152
