2084 3317
127 141 196 182 vii.
216 156 283 198 32.
390 147 464 188 IN
505 149 548 190 S.
583 151 922 196 JOANNEM.
985 157 1110 198 LIB.
1134 159 1186 200 V.
1250 162 1382 203 CAP.
1416 165 1451 204 Ι.
1632 171 1712 210 675

123 249 324 306 εἰκότως.
380 256 578 309 ἐποιεῖτο
624 259 672 311 δὲ
712 263 905 326 πολλήν
943 287 1048 315 τινα
1085 266 1172 331 τὴν
1207 270 1448 335 καταβοὴν
1485 277 1591 339 περὶ
1631 283 1713 327 τοῦ

122 332 342 399 Σωτῆρος
380 337 513 400 ἡμῶν
538 343 768 405 Χριστοῦ,
799 345 885 412 οὐχ
919 344 991 396 ὅτι
1025 346 1158 415 ξένος
1192 349 1250 414 ἧν
1282 353 1357 402 καὶ
1393 352 1507 419 ὑπὲρ
1541 356 1712 408 ἐλπίδα

119 414 489 483 θαυματουργὸς,
515 421 628 472 ἀλλ’
656 424 761 475 οὐδὲ
788 425 859 476 ὅτι
884 429 967 490 τῆς
993 432 1183 493 νομικῆς
1210 434 1429 499 λατρείας
1453 434 1513 485 τὰ
1538 438 1709 498 ἀμείνω

116 498 362 560 παρῆλθεν
399 501 532 566 ἐρῶν·
588 505 700 555 ἀλλ’
734 506 804 557 ὅτι
843 513 939 561 τοῖς
977 511 1274 577 ἀρχιερεῦσιν
1312 516 1388 565 καὶ
1429 519 1709 582 Φαρισαίοις

74 576 246 627 5οὕπω
291 581 474 645 γεγόνει
517 586 810 651 παράδεκτος
855 595 952 643 τοῖς
995 591 1126 658 παρὰ
1171 597 1390 660 Χριστοῦ
1435 600 1708 664 λεγομένοις

114 659 475 714 ἰσοστατοῦσαν
521 666 642 733 ἔχων
693 667 779 733 τὴν
824 669 984 740 δόξαν,
1031 676 1106 724 καὶ
1157 677 1258 726 κατ’
1305 678 1437 729 οὐδὲν
1483 680 1608 735 ὅλως
1658 686 1706 734 ἐν

111 738 366 793 ἐλάττοσιν
391 743 509 811 ῶνῆ
549 750 598 799 ἐν
629 749 799 817 οἷσπερ
833 750 893 803 ἀν
926 756 1098 806 ἐκεῖνον
1133 759 1175 807 οἱ
1211 757 1281 809 ἐπ’
1309 760 1434 830 αὐτῷ
1472 765 1699 829 διαγγέλ-

111 826 254 874 λουσι
297 829 477 891 θρῦλοι,
519 828 548 894 ἢ
594 833 669 881 καὶ
716 834 740 883 ὁ
785 838 881 884 τῶν
921 836 1068 902 ἁγίων
1107 839 1398 910 προεκήρυξε
1440 850 1702 913 προφητῶν

108 901 270 966 λόγος.
318 909 380 960 ὡς
419 910 500 960 οὖν
534 911 623 976 ἤδη
663 913 828 984 φθόνῳ
866 920 1235 984 κεκρατημένους
1274 923 1394 990 ἤπερ
1434 925 1580 981 ὅντως
1617 931 1745 993 τῆςᾶ

40 997 88 1022 10
106 989 190 1034 τοῦ
234 992 356 1038 λαοῦ
401 995 640 1058 σωτηρίας
684 998 1058 1064 πεφροντικότας
1111 1009 1440 1057 καταιτιῶνται
1491 1009 1694 1064 δικαίως·

103 1065 255 1121 πολὺς
281 1068 331 1120 δὲ
357 1070 422 1122 ὢν
447 1076 530 1137 τῆς
555 1076 630 1127 ἐπὶ
660 1077 841 1133 τούτοις
877 1082 1025 1134 αἰτίας
1061 1083 1085 1132 ὁ
1121 1084 1267 1150 λόγος
1303 1088 1358 1137 οὐ
1396 1090 1696 1143 διαλανθάνει

101 1145 209 1201 τοὺς
250 1150 548 1219 ἡγουμένους,
589 1160 663 1209 καὶ
704 1162 1096 1228 προσκέκρουκεν,
1136 1167 1198 1219 ὡς
1242 1166 1374 1231 εἰκὸς,
1417 1170 1444 1233 ἦ
1485 1171 1692 1236 πληθὺς,

100 1229 310 1296 εὐλόγως
348 1234 433 1297 μὲν
470 1237 560 1303 ἤδη
599 1244 1031 1309 καταπεπληγμένη
1071 1246 1153 1297 τὸν
1182 1249 1374 1314 Κύριον,
1408 1253 1609 1321 διψῶσα
1647 1256 1696 1307 δὲ

98 1311 210 1362 λίαν
246 1313 301 1365 τὸ
345 1318 584 1371 πιστεύειν
622 1323 749 1392 αὐτῷ
794 1326 870 1375 καὶ
914 1326 1003 1391 ἤδη
1047 1351 1148 1382 πως
1189 1333 1272 1393 τῆς
1312 1337 1407 1382 τῶν
1448 1334 1694 1403 ἀρχόντων

31 1403 78 1441 15
97 1396 374 1465 πλεονεξίας
423 1399 506 1452 τὸν
557 1401 697 1469 ζυγὸν
742 1407 796 1456 οὐ
848 1407 1078 1476 φέρουσα,
1125 1418 1378 1473 μελετῶσα
1429 1415 1479 1467 δὲ
1527 1415 1691 1486 ὥσπερ

95 1475 239 1527 ἐκεῖνο
280 1480 397 1545 δρᾶν
435 1484 489 1533 τὸ
530 1486 579 1535 ἐν
616 1489 833 1553 ψαλμοῖς
873 1490 1115 1555 εἰρημένον
1152 1496 1544 1566 ίίΔιαρῥήξωμεν
1581 1500 1689 1555 τοὺς
1751 1523 1902 1566 Ρε.11.3.

95 1563 123 1585 “
150 1560 352 1622 δεσμοὺς
397 1565 565 1629 αὐτῶν,
605 1570 681 1618 καὶ
728 1571 1073 1640 ἀποῤῥίψωμεν
1119 1575 1201 1642 ἀφ’
1250 1577 1383 1641 ἡμῶν
1424 1579 1506 1630 τὸν
1547 1581 1728 1648 ζυγὸνε

95 1645 122 1668 “
148 1641 341 1695 αὑτῶν.”
395 1647 448 1696 οὐ
474 1646 568 1714 γὰρ
593 1654 689 1704 τοῖς
715 1657 799 1701 τοῦ
827 1652 973 1715 νόμου
1006 1656 1326 1722 διατάγμασιν
1354 1661 1688 1731 ὑποζεύξαντες

91 1724 187 1772 τῶν
212 1725 450 1788 ἀγελαίων
475 1727 558 1780 τὸν
585 1736 707 1794 νοῦν,
725 1733 858 1784 ἀλλὰ
883 1740 979 1788 τοῖς
1006 1737 1135 1791 ἰδίοις
1163 1740 1412 1796 ὑποθέντες
1439 1743 1684 1810 εὑρήμασι,

23 1817 74 1844 20
90 1804 165 1853 καὶ
217 1805 521 1864 διδάσκοντες
577 1815 889 1869 διδασκαλίας
940 1817 1214 1883 ἐντάλματα
1265 1824 1545 1889 ἀνθρώπων,
1599 1826 1685 1891 τὴν
1745 1826 1907 1913 Ξέἷζῗώ*

88 1885 266 1937 εὐθεῖαν
306 1890 504 1958 ἀφέντες
542 1895 617 1944 καὶ
664 1895 935 1959 ἱππήλατον
976 1900 1050 1950 ἐπὶ
1090 1903 1323 1967 κρημνοὺς
1362 1908 1437 1956 καὶ
1476 1906 1683 1975 βόθρους

87 1966 349 2035 ἐξέπεμπον
375 1972 482 2027 τοὺς
514 1974 683 2042 οἷσπερ
719 1976 778 2041 ἦν
804 1978 894 2044 ἤδη
931 1982 1007 2031 καὶ
1042 1983 1091 2032 ἐν
1117 1985 1286 2055 ἑτοίμῳ
1321 1985 1376 2037 τὸ
1414 1988 1675 2056 σώζεσθαι,

85 2051 161 2100 καὶ
188 2050 369 2104 οἴκοθεν
391 2059 839 2123 χειραγωγουμένοις
865 2060 985 2128 πρὸς
1011 2064 1241 2129 εὐθύτητα
1268 2073 1535 2134 λογισμῶν.

1695 2174 1716 2198 a
1756 2167 1904 2203 461A.

123 2197 198 2240 Καὶ
235 2201 494 2246 ἀπέστειλαν
531 2204 570 2247 οἷ
607 2206 821 2265 ἀρχιερεῖς
860 2211 929 2252 καὶ
966 2210 1005 2253 οἱ
1043 2213 1274 2271 Φαρισαῖοι
1312 2218 1528 2275 ὐΠΗρὲι-αε
1566 2222 1634 2263 ἵνα

16 2278 64 2317 25
681 2293 891 2334 Πιάσωσιν
929 2294 1071 2338 αὐτόν.

157 2391 184 2413 “
210 2383 396 2455 Ἀθῷον
421 2391 497 2440 καὶ
524 2391 702 2443 δίκαιον
728 2394 811 2445 οὐκ
837 2397 1136 2452 ἀποκτενεῖς”
1164 2405 1248 2451 τοῦ
1280 2400 1426 2464 νόμου
1452 2407 1673 2473 διηγγελ-
1734 2421 1840 2472 Εξφῤ.

80 2463 237 2529 κότος,
271 2467 368 2519 ἄνω
407 2493 456 2520 τε
496 2474 571 2522 καὶ
612 2473 739 2525 κάτω
774 2475 828 2527 τό
855 2484 883 2506 “
904 2479 1010 2529 Οὐκ
1045 2479 1134 2548 ε”σῃ
1171 2481 1291 2545 μετὰ
1326 2484 1560 2538 πλειόνων
1596 2491 1672 2541 ἐπὶ
1733 2473 1874 2546 ᾗᾚῖ.7’

80 2552 108 2575 “
134 2549 302 2617 κακίᾳ”
344 2557 518 2620 σαφῶς
555 2555 943 2623 ἀνακεκραγότος,
984 2564 1200 2627 φονῶσιν
1239 2566 1280 2614 οἱ
1320 2568 1666 2635 νομοφύλακες,

79 2629 156 2679 καὶ
181 2632 256 2681 ἐπὶ
282 2635 348 2701 τῷ
373 2633 432 2683 τὰ
461 2636 709 2689 Μωυσέως
735 2638 955 2704 ἡγεῖσθαι
987 2642 1144 2693 σεπτά
1178 2648 1665 2714 καταφρυαττόμενοι,

123 2782 158 2818 5.
186 2777 278 2808 οὔπω
297 2781 388 2810 recte
405 2783 445 2811 ut
463 2777 533 2813 vid.
554 2779 671 2815 Holst.
691 2780 758 2816 Ed.
777 2770 869 2816 οὕῖι-ῗο
890 2783 929 2817 Β.
1096 2796 1149 2820 10.
1174 2789 1234 2821 τοῦ
1251 2788 1338 2822 λαοῦ
1356 2800 1386 2823 a.
1404 2793 1471 2824 τῶν
1487 2792 1581 2826 λαῶν
1599 2792 1666 2828 Ed.

80 2829 135 2853 11.
162 2820 294 2856 τούτοις
314 2822 357 2856 Β.
379 2823 442 2857 Ht.
460 2824 600 2861 τούτους
617 2826 710 2880 Aub3
848 2840 904 2874 27.
932 2829 1004 2876 ἐπὶ]
1026 2831 1060 2864 ἐν
1078 2843 1109 2865 a.
1248 2843 1304 2879 29.
1330 2837 1667 2882 καταφρυαττόμενοι

76 2887 272 2967 εᾰίόἱᾞοξῒ
282 2889 425 2970 l{Vlignen
444 2882 785 2941 κατωφρυοτογᾜενοι
805 2897 885 2942 (sic)
906 2898 948 2932 B.
966 2901 1307 2945 κατωφρυαττόμενοι
1325 2903 1419 2938 Aub.
1482 2905 1580 2941 Haec
1605 2906 1665 2942 de-

77 2940 160 2969 sunt
178 2947 214 2969 1n
232 2935 279 2970 Ni
309 2962 316 2971 .

807 3010 929 3048 4R2
