<?xml version="1.0" encoding="UTF-8"?>
<!DOCTYPE html PUBLIC "-//W3C//DTD XHTML 1.0 Transitional//EN"
    "http://www.w3.org/TR/xhtml1/DTD/xhtml1-transitional.dtd">
<html xmlns="http://www.w3.org/1999/xhtml" xml:lang="en" lang="en">
 <head>
  <title>
</title>
<meta http-equiv="Content-Type" content="text/html;charset=utf-8" />
  <meta name='ocr-system' content='tesseract 3.04.00' />
  <meta name='ocr-capabilities' content='ocr_page ocr_carea ocr_par ocr_line ocrx_word'/>
</head>
<body>
  <div class='ocr_page' id='page_1' title='image "./operacyrilli03cyriuoft_0599.png"; bbox 0 0 2084 3317; ppageno 0'>
   <div class='ocr_carea' id='block_1_1' title="bbox 114 122 1710 189">
    <p class='ocr_par' dir='ltr' id='par_1_1' title="bbox 114 122 1710 189">
     <span class='ocr_line' id='line_1_1' title="bbox 114 122 1710 189; baseline -0.009 -14"><span class='ocrx_word' id='word_1_1' title='bbox 114 134 176 177; x_wconf 77' lang='lat' dir='ltr'>vi.</span> <span class='ocrx_word' id='word_1_2' title='bbox 192 134 346 189; x_wconf 86' lang='lat'><strong>48—50.</strong></span> <span class='ocrx_word' id='word_1_3' title='bbox 392 133 466 174; x_wconf 93' lang='lat' dir='ltr'>IN</span> <span class='ocrx_word' id='word_1_4' title='bbox 508 133 551 174; x_wconf 82' lang='lat' dir='ltr'>S.</span> <span class='ocrx_word' id='word_1_5' title='bbox 584 128 920 173; x_wconf 89' lang='lat' dir='ltr'><strong>JOANNEM.</strong></span> <span class='ocrx_word' id='word_1_6' title='bbox 983 126 1109 168; x_wconf 87' lang='lat' dir='ltr'><strong>LIB.</strong></span> <span class='ocrx_word' id='word_1_7' title='bbox 1141 125 1220 166; x_wconf 90' lang='lat' dir='ltr'>IV.</span> <span class='ocrx_word' id='word_1_8' title='bbox 1282 123 1418 165; x_wconf 87' lang='lat' dir='ltr'><strong>CAP.</strong></span> <span class='ocrx_word' id='word_1_9' title='bbox 1450 122 1513 163; x_wconf 93' lang='grc' dir='ltr'><strong>ΙΙ.</strong></span> <span class='ocrx_word' id='word_1_10' title='bbox 1628 122 1710 162; x_wconf 85' lang='grc'>515</span> 
     </span>
    </p>
   </div>
   <div class='ocr_carea' id='block_1_2' title="bbox 63 232 1947 1627">
    <p class='ocr_par' dir='ltr' id='par_1_2' title="bbox 63 232 1947 1627">
     <span class='ocr_line' id='line_1_2' title="bbox 124 232 1714 312; baseline -0.009 -15"><span class='ocrx_word' id='word_1_11' title='bbox 124 247 273 297; x_wconf 84' lang='grc' dir='ltr'>τύπου</span> <span class='ocrx_word' id='word_1_12' title='bbox 317 268 436 312; x_wconf 92' lang='grc' dir='ltr'>προς</span> <span class='ocrx_word' id='word_1_13' title='bbox 479 267 533 295; x_wconf 93' lang='grc' dir='ltr'>το</span> <span class='ocrx_word' id='word_1_14' title='bbox 577 241 750 308; x_wconf 76' lang='grc' dir='ltr'>ἀληθὲς</span> <span class='ocrx_word' id='word_1_15' title='bbox 789 244 987 292; x_wconf 84' lang='grc' dir='ltr'>ποιεῖται</span> <span class='ocrx_word' id='word_1_16' title='bbox 1031 236 1116 301; x_wconf 87' lang='grc' dir='ltr'>τὴν</span> <span class='ocrx_word' id='word_1_17' title='bbox 1161 233 1432 300; x_wconf 82' lang='grc' dir='ltr'>σύγκρισιν,</span> <span class='ocrx_word' id='word_1_18' title='bbox 1471 232 1525 282; x_wconf 84' lang='grc' dir='ltr'>ἵν’</span> <span class='ocrx_word' id='word_1_19' title='bbox 1568 233 1714 283; x_wconf 80' lang='grc' dir='ltr'>οὕτως</span> 
     </span>
     <span class='ocr_line' id='line_1_3' title="bbox 126 311 1713 387; baseline -0.011 -8"><span class='ocrx_word' id='word_1_20' title='bbox 126 331 280 379; x_wconf 76' lang='grc' dir='ltr'>εἰδεῖεν</span> <span class='ocrx_word' id='word_1_21' title='bbox 308 328 390 378; x_wconf 82' lang='grc' dir='ltr'>οὐκ</span> <span class='ocrx_word' id='word_1_22' title='bbox 414 327 587 377; x_wconf 84' lang='grc' dir='ltr'>ἐκεῖνον</span> <span class='ocrx_word' id='word_1_23' title='bbox 612 324 726 376; x_wconf 82' lang='grc' dir='ltr'>ὅντα</span> <span class='ocrx_word' id='word_1_24' title='bbox 756 322 838 374; x_wconf 81' lang='grc' dir='ltr'>τὸν</span> <span class='ocrx_word' id='word_1_25' title='bbox 866 321 1010 387; x_wconf 80' lang='grc' dir='ltr'>ἄρτον</span> <span class='ocrx_word' id='word_1_26' title='bbox 1037 341 1119 370; x_wconf 91' lang='grc' dir='ltr'>τον</span> <span class='ocrx_word' id='word_1_27' title='bbox 1145 317 1202 386; x_wconf 75' lang='grc' dir='ltr'>ἐξ</span> <span class='ocrx_word' id='word_1_28' title='bbox 1226 317 1438 382; x_wconf 78' lang='grc' dir='ltr'>οὐρανοῦ,</span> <span class='ocrx_word' id='word_1_29' title='bbox 1465 313 1576 364; x_wconf 79' lang='grc' dir='ltr'>ἀλλ’</span> <span class='ocrx_word' id='word_1_30' title='bbox 1607 311 1660 363; x_wconf 78' lang='grc' dir='ltr'>’ὸν</span> <span class='ocrx_word' id='word_1_31' title='bbox 1685 312 1713 376; x_wconf 84' lang='grc' dir='ltr'><strong><em>ἡ</em></strong></span> 
     </span>
     <span class='ocr_line' id='line_1_4' title="bbox 125 395 1715 475; baseline -0.011 -15"><span class='ocrx_word' id='word_1_32' title='bbox 125 415 207 460; x_wconf 83' lang='grc' dir='ltr'>τοῦ</span> <span class='ocrx_word' id='word_1_33' title='bbox 232 407 509 475; x_wconf 81' lang='grc' dir='ltr'>πράγματος</span> <span class='ocrx_word' id='word_1_34' title='bbox 542 412 681 474; x_wconf 82' lang='grc' dir='ltr'>πεῖρα</span> <span class='ocrx_word' id='word_1_35' title='bbox 715 410 926 457; x_wconf 85' lang='grc' dir='ltr'>τοιοῦτον</span> <span class='ocrx_word' id='word_1_36' title='bbox 952 400 1072 454; x_wconf 80' lang='grc' dir='ltr'>κατὰ</span> <span class='ocrx_word' id='word_1_37' title='bbox 1103 399 1253 470; x_wconf 90' lang='grc' dir='ltr'>φύσιν</span> <span class='ocrx_word' id='word_1_38' title='bbox 1279 397 1392 449; x_wconf 79' lang='grc' dir='ltr'>ὄντα</span> <span class='ocrx_word' id='word_1_39' title='bbox 1419 395 1627 447; x_wconf 82' lang='grc' dir='ltr'>δεικνύει</span> <span class='ocrx_word' id='word_1_40' title='bbox 1672 397 1715 444; x_wconf 78' lang='grc' dir='ltr'>οἱ</span> 
     </span>
     <span class='ocr_line' id='line_1_5' title="bbox 125 476 1715 558; baseline -0.009 -16"><span class='ocrx_word' id='word_1_41' title='bbox 125 490 209 554; x_wconf 76' lang='grc' dir='ltr'>μὲν</span> <span class='ocrx_word' id='word_1_42' title='bbox 236 489 329 556; x_wconf 77' lang='grc' dir='ltr'>γὰρ</span> <span class='ocrx_word' id='word_1_43' title='bbox 367 490 586 557; x_wconf 77' lang='grc' dir='ltr'>ὑμέτεροι,</span> <span class='ocrx_word' id='word_1_44' title='bbox 615 491 752 558; x_wconf 75' lang='grc' dir='ltr'>φησὶ,</span> <span class='ocrx_word' id='word_1_45' title='bbox 778 486 974 553; x_wconf 76' lang='grc' dir='ltr'>πατέρες</span> <span class='ocrx_word' id='word_1_46' title='bbox 1013 507 1061 535; x_wconf 93' lang='grc' dir='ltr'>τε</span> <span class='ocrx_word' id='word_1_47' title='bbox 1101 484 1176 534; x_wconf 79' lang='grc' dir='ltr'>καὶ</span> <span class='ocrx_word' id='word_1_48' title='bbox 1215 479 1441 547; x_wconf 88' lang='grc' dir='ltr'>πρόγονοι</span> <span class='ocrx_word' id='word_1_49' title='bbox 1480 476 1715 547; x_wconf 77' lang='grc' dir='ltr'>φαγόντες</span> 
     </span>
     <span class='ocr_line' id='line_1_6' title="bbox 84 559 1711 639; baseline -0.01 -14"><span class='ocrx_word' id='word_1_50' title='bbox 84 573 180 626; x_wconf 81' lang='grc' dir='ltr'>5τὸ</span> <span class='ocrx_word' id='word_1_51' title='bbox 220 596 386 637; x_wconf 89' lang='grc' dir='ltr'>μαννα,</span> <span class='ocrx_word' id='word_1_52' title='bbox 426 576 483 639; x_wconf 83' lang='grc' dir='ltr'>τῇ</span> <span class='ocrx_word' id='word_1_53' title='bbox 521 578 603 623; x_wconf 86' lang='grc' dir='ltr'>τοῦ</span> <span class='ocrx_word' id='word_1_54' title='bbox 648 571 870 634; x_wconf 81' lang='grc' dir='ltr'>σώματος</span> <span class='ocrx_word' id='word_1_55' title='bbox 911 567 1055 635; x_wconf 88' lang='grc' dir='ltr'>φύσει</span> <span class='ocrx_word' id='word_1_56' title='bbox 1095 565 1149 616; x_wconf 84' lang='grc' dir='ltr'>τὸ</span> <span class='ocrx_word' id='word_1_57' title='bbox 1188 563 1323 631; x_wconf 87' lang='grc' dir='ltr'>χρεός</span> <span class='ocrx_word' id='word_1_58' title='bbox 1362 559 1711 619; x_wconf 80' lang='grc' dir='ltr'>ἀποδεδώκασι,</span> 
     </span>
     <span class='ocr_line' id='line_1_7' title="bbox 126 639 1758 751; baseline -0.01 -45"><span class='ocrx_word' id='word_1_59' title='bbox 126 655 421 751; x_wconf 83' lang='grc' dir='ltr'>πρόσκαιρον</span> <span class='ocrx_word' id='word_1_60' title='bbox 460 655 513 705; x_wconf 86' lang='grc' dir='ltr'>δι’</span> <span class='ocrx_word' id='word_1_61' title='bbox 546 654 718 705; x_wconf 88' lang='grc' dir='ltr'>ἐκείνου</span> <span class='ocrx_word' id='word_1_62' title='bbox 757 651 843 716; x_wconf 85' lang='grc' dir='ltr'>τὴν</span> <span class='ocrx_word' id='word_1_63' title='bbox 878 649 999 716; x_wconf 76' lang='grc' dir='ltr'>ζωὴν</span> <span class='ocrx_word' id='word_1_64' title='bbox 1031 645 1446 714; x_wconf 81' lang='grc' dir='ltr'>ἀποκερδάναντες,</span> <span class='ocrx_word' id='word_1_65' title='bbox 1479 665 1554 693; x_wconf 90' lang='grc' dir='ltr'>και</span> <span class='ocrx_word' id='word_1_66' title='bbox 1593 639 1710 709; x_wconf 87' lang='grc' dir='ltr'>ἐφή-</span> <span class='ocrx_word' id='word_1_67' title='bbox 1736 658 1758 685; x_wconf 76' lang='lat' dir='ltr'>e</span> 
     </span>
     <span class='ocr_line' id='line_1_8' title="bbox 127 721 1718 806; baseline -0.01 -17"><span class='ocrx_word' id='word_1_68' title='bbox 127 761 270 804; x_wconf 88' lang='grc' dir='ltr'>μερον</span> <span class='ocrx_word' id='word_1_69' title='bbox 297 761 382 801; x_wconf 86' lang='grc' dir='ltr'>την</span> <span class='ocrx_word' id='word_1_70' title='bbox 410 737 466 806; x_wconf 77' lang='grc' dir='ltr'>ἐξ</span> <span class='ocrx_word' id='word_1_71' title='bbox 488 736 630 786; x_wconf 82' lang='grc' dir='ltr'>αὐτοῦ</span> <span class='ocrx_word' id='word_1_72' title='bbox 658 733 842 801; x_wconf 87' lang='grc' dir='ltr'>τροφὴν</span> <span class='ocrx_word' id='word_1_73' title='bbox 866 756 925 800; x_wconf 88' lang='grc' dir='ltr'>τη</span> <span class='ocrx_word' id='word_1_74' title='bbox 952 754 1097 798; x_wconf 87' lang='grc' dir='ltr'>σαρκι</span> <span class='ocrx_word' id='word_1_75' title='bbox 1126 726 1537 796; x_wconf 75' lang='grc' dir='ltr'>προσκομίζοντες,</span> <span class='ocrx_word' id='word_1_76' title='bbox 1564 722 1617 774; x_wconf 83' lang='grc' dir='ltr'>τὸ</span> <span class='ocrx_word' id='word_1_77' title='bbox 1653 721 1718 787; x_wconf 88' lang='grc' dir='ltr'>μὴ</span> 
     </span>
     <span class='ocr_line' id='line_1_9' title="bbox 127 805 1717 886; baseline -0.011 -14"><span class='ocrx_word' id='word_1_78' title='bbox 127 821 392 886; x_wconf 81' lang='grc' dir='ltr'>παραυτίκα</span> <span class='ocrx_word' id='word_1_79' title='bbox 418 818 635 870; x_wconf 83' lang='grc' dir='ltr'>τεθνάναι</span> <span class='ocrx_word' id='word_1_80' title='bbox 669 815 810 880; x_wconf 91' lang='grc' dir='ltr'>μόλις</span> <span class='ocrx_word' id='word_1_81' title='bbox 846 812 1273 881; x_wconf 87' lang='grc' dir='ltr'>επραγματεύοντο.</span> <span class='ocrx_word' id='word_1_82' title='bbox 1330 808 1397 873; x_wconf 81' lang='grc' dir='ltr'>ε’ίη</span> <span class='ocrx_word' id='word_1_83' title='bbox 1425 806 1467 859; x_wconf 90' lang='grc' dir='ltr'>δ’</span> <span class='ocrx_word' id='word_1_84' title='bbox 1496 805 1554 857; x_wconf 79' lang='grc' dir='ltr'>ἂν</span> <span class='ocrx_word' id='word_1_85' title='bbox 1579 808 1717 871; x_wconf 87' lang='grc' dir='ltr'>ἐναρ-</span> 
     </span>
     <span class='ocr_line' id='line_1_10' title="bbox 128 889 1722 969; baseline -0.011 -16"><span class='ocrx_word' id='word_1_86' title='bbox 128 900 354 969; x_wconf 79' lang='grc' dir='ltr'>γεστάτη,</span> <span class='ocrx_word' id='word_1_87' title='bbox 376 902 542 969; x_wconf 76' lang='grc' dir='ltr'>φησὶν,</span> <span class='ocrx_word' id='word_1_88' title='bbox 563 898 799 967; x_wconf 74' lang='grc' dir='ltr'>ἀπόδειξις</span> <span class='ocrx_word' id='word_1_89' title='bbox 825 902 909 948; x_wconf 81' lang='grc' dir='ltr'>τοῦ</span> <span class='ocrx_word' id='word_1_90' title='bbox 935 894 999 960; x_wconf 84' lang='grc' dir='ltr'>μὴ</span> <span class='ocrx_word' id='word_1_91' title='bbox 1028 894 1172 961; x_wconf 76' lang='grc' dir='ltr'>ἄρτον</span> <span class='ocrx_word' id='word_1_92' title='bbox 1196 890 1310 943; x_wconf 74' lang='grc' dir='ltr'>εἶναι</span> <span class='ocrx_word' id='word_1_93' title='bbox 1336 913 1419 942; x_wconf 88' lang='grc' dir='ltr'>τον</span> <span class='ocrx_word' id='word_1_94' title='bbox 1445 889 1501 958; x_wconf 76' lang='grc' dir='ltr'>ἐξ</span> <span class='ocrx_word' id='word_1_95' title='bbox 1523 889 1722 954; x_wconf 82' lang='grc' dir='ltr'>οὐρανοῦ</span> 
     </span>
     <span class='ocr_line' id='line_1_11' title="bbox 63 972 1719 1048; baseline -0.011 -12"><span class='ocrx_word' id='word_1_96' title='bbox 63 1011 109 1036; x_wconf 93' lang='lat'>10</span> <span class='ocrx_word' id='word_1_97' title='bbox 129 982 249 1035; x_wconf 77' lang='grc' dir='ltr'>κατὰ</span> <span class='ocrx_word' id='word_1_98' title='bbox 284 983 338 1035; x_wconf 85' lang='grc' dir='ltr'>τὸ</span> <span class='ocrx_word' id='word_1_99' title='bbox 373 982 711 1048; x_wconf 77' lang='grc' dir='ltr'>ἀληθέστερον,</span> <span class='ocrx_word' id='word_1_100' title='bbox 736 979 790 1032; x_wconf 83' lang='grc' dir='ltr'>τὸ</span> <span class='ocrx_word' id='word_1_101' title='bbox 817 976 1089 1043; x_wconf 86' lang='grc' dir='ltr'>μηδαμόθεν</span> <span class='ocrx_word' id='word_1_102' title='bbox 1116 977 1178 1029; x_wconf 78' lang='grc' dir='ltr'>εἷς</span> <span class='ocrx_word' id='word_1_103' title='bbox 1213 972 1491 1042; x_wconf 83' lang='grc' dir='ltr'>ἀφθαρσίαν</span> <span class='ocrx_word' id='word_1_104' title='bbox 1517 972 1719 1036; x_wconf 81' lang='grc' dir='ltr'>ὠφελεῖ-</span> 
     </span>
     <span class='ocr_line' id='line_1_12' title="bbox 129 1051 1724 1129; baseline -0.009 -11"><span class='ocrx_word' id='word_1_105' title='bbox 129 1070 246 1118; x_wconf 90' lang='grc' dir='ltr'>σθαι</span> <span class='ocrx_word' id='word_1_106' title='bbox 272 1067 326 1117; x_wconf 89' lang='grc' dir='ltr'>δι’</span> <span class='ocrx_word' id='word_1_107' title='bbox 357 1066 500 1116; x_wconf 81' lang='grc' dir='ltr'>αὐτοῦ</span> <span class='ocrx_word' id='word_1_108' title='bbox 525 1062 634 1118; x_wconf 74' lang='grc' dir='ltr'>τοὺς</span> <span class='ocrx_word' id='word_1_109' title='bbox 659 1059 1027 1129; x_wconf 84' lang='grc' dir='ltr'>μετεσχηκότας·</span> <span class='ocrx_word' id='word_1_110' title='bbox 1079 1061 1277 1121; x_wconf 80' lang='grc' dir='ltr'>σημεῖον</span> <span class='ocrx_word' id='word_1_111' title='bbox 1304 1054 1352 1106; x_wconf 82' lang='grc' dir='ltr'>δὲ</span> <span class='ocrx_word' id='word_1_112' title='bbox 1377 1052 1526 1106; x_wconf 80' lang='grc' dir='ltr'>πάλιν</span> <span class='ocrx_word' id='word_1_113' title='bbox 1554 1051 1724 1115; x_wconf 84' lang='grc' dir='ltr'>ὁμοίως</span> 
     </span>
     <span class='ocr_line' id='line_1_13' title="bbox 128 1133 1725 1215; baseline -0.011 -15"><span class='ocrx_word' id='word_1_114' title='bbox 128 1154 212 1200; x_wconf 85' lang='grc' dir='ltr'>τοῦ</span> <span class='ocrx_word' id='word_1_115' title='bbox 238 1149 405 1215; x_wconf 87' lang='grc' dir='ltr'>κυρίως</span> <span class='ocrx_word' id='word_1_116' title='bbox 429 1170 479 1198; x_wconf 90' lang='grc' dir='ltr'>τε</span> <span class='ocrx_word' id='word_1_117' title='bbox 507 1148 584 1198; x_wconf 75' lang='grc' dir='ltr'>καὶ</span> <span class='ocrx_word' id='word_1_118' title='bbox 610 1148 801 1210; x_wconf 78' lang='grc' dir='ltr'>ἀληθῶς</span> <span class='ocrx_word' id='word_1_119' title='bbox 829 1143 973 1210; x_wconf 77' lang='grc' dir='ltr'>ἄρτον</span> <span class='ocrx_word' id='word_1_120' title='bbox 1001 1138 1115 1192; x_wconf 75' lang='grc' dir='ltr'>εἶναι</span> <span class='ocrx_word' id='word_1_121' title='bbox 1148 1139 1264 1205; x_wconf 75' lang='grc' dir='ltr'>ζωῆς</span> <span class='ocrx_word' id='word_1_122' title='bbox 1299 1137 1381 1189; x_wconf 81' lang='grc' dir='ltr'>τὸν</span> <span class='ocrx_word' id='word_1_123' title='bbox 1405 1134 1537 1198; x_wconf 78' lang='grc' dir='ltr'>Υἱὸν,</span> <span class='ocrx_word' id='word_1_124' title='bbox 1564 1133 1618 1185; x_wconf 82' lang='grc' dir='ltr'>τὸ</span> <span class='ocrx_word' id='word_1_125' title='bbox 1649 1134 1725 1184; x_wconf 79' lang='grc' dir='ltr'>καὶ</span> 
     </span>
     <span class='ocr_line' id='line_1_14' title="bbox 131 1219 1725 1295; baseline -0.011 -12"><span class='ocrx_word' id='word_1_126' title='bbox 131 1233 286 1283; x_wconf 80' lang='grc' dir='ltr'>αὐτῶν</span> <span class='ocrx_word' id='word_1_127' title='bbox 327 1231 689 1282; x_wconf 83' lang='grc' dir='ltr'>ἀναδείκνυσθαι</span> <span class='ocrx_word' id='word_1_128' title='bbox 735 1226 1002 1295; x_wconf 89' lang='grc' dir='ltr'>κρείττονας</span> <span class='ocrx_word' id='word_1_129' title='bbox 1049 1227 1143 1274; x_wconf 82' lang='grc' dir='ltr'>τῶν</span> <span class='ocrx_word' id='word_1_130' title='bbox 1189 1223 1238 1272; x_wconf 87' lang='grc' dir='ltr'>ἐκ</span> <span class='ocrx_word' id='word_1_131' title='bbox 1285 1219 1490 1272; x_wconf 84' lang='grc' dir='ltr'>θανάτου</span> <span class='ocrx_word' id='word_1_132' title='bbox 1535 1219 1725 1280; x_wconf 85' lang='grc' dir='ltr'>δεσμῶν</span> 
     </span>
     <span class='ocr_line' id='line_1_15' title="bbox 131 1296 1947 1382; baseline -0.01 -17"><span class='ocrx_word' id='word_1_133' title='bbox 131 1337 239 1367; x_wconf 90' lang='grc' dir='ltr'>τους</span> <span class='ocrx_word' id='word_1_134' title='bbox 279 1312 413 1382; x_wconf 73' lang='grc' dir='ltr'>ἅπαξ</span> <span class='ocrx_word' id='word_1_135' title='bbox 448 1309 815 1379; x_wconf 84' lang='grc' dir='ltr'>μετεσχηκότας,</span> <span class='ocrx_word' id='word_1_136' title='bbox 853 1331 928 1359; x_wconf 92' lang='grc' dir='ltr'>και</span> <span class='ocrx_word' id='word_1_137' title='bbox 967 1303 1370 1371; x_wconf 85' lang='grc' dir='ltr'>ἀνακεκραμενους</span> <span class='ocrx_word' id='word_1_138' title='bbox 1406 1299 1584 1367; x_wconf 85' lang='grc' dir='ltr'>τρόπον</span> <span class='ocrx_word' id='word_1_139' title='bbox 1621 1296 1767 1348; x_wconf 70' lang='grc' dir='ltr'>τινάεῑ</span> <span class='ocrx_word' id='word_1_140' title='bbox 1804 1313 1883 1349; x_wconf 86' lang='grc'>351</span> <span class='ocrx_word' id='word_1_141' title='bbox 1896 1311 1947 1346; x_wconf 87' lang='lat' dir='ltr'>A.</span> 
     </span>
     <span class='ocr_line' id='line_1_16' title="bbox 66 1379 1725 1463; baseline -0.011 -15"><span class='ocrx_word' id='word_1_142' title='bbox 66 1415 113 1453; x_wconf 91' lang='lat'>15</span> <span class='ocrx_word' id='word_1_143' title='bbox 134 1396 208 1448; x_wconf 77' lang='grc' dir='ltr'>διὰ</span> <span class='ocrx_word' id='word_1_144' title='bbox 235 1399 318 1460; x_wconf 84' lang='grc' dir='ltr'>τῆς</span> <span class='ocrx_word' id='word_1_145' title='bbox 345 1418 585 1449; x_wconf 91' lang='grc' dir='ltr'>κοινωνιας</span> <span class='ocrx_word' id='word_1_146' title='bbox 612 1394 755 1463; x_wconf 71' lang='grc' dir='ltr'>αὐτῷ.</span> <span class='ocrx_word' id='word_1_147' title='bbox 813 1391 884 1442; x_wconf 89' lang='grc' dir='ltr'>ότι</span> <span class='ocrx_word' id='word_1_148' title='bbox 910 1412 1005 1456; x_wconf 89' lang='grc' dir='ltr'>γαρ</span> <span class='ocrx_word' id='word_1_149' title='bbox 1031 1386 1179 1440; x_wconf 82' lang='grc' dir='ltr'>πάλιν</span> <span class='ocrx_word' id='word_1_150' title='bbox 1206 1390 1268 1440; x_wconf 79' lang='grc' dir='ltr'>εἰς</span> <span class='ocrx_word' id='word_1_151' title='bbox 1294 1383 1447 1436; x_wconf 77' lang='grc' dir='ltr'>εἰκόνα</span> <span class='ocrx_word' id='word_1_152' title='bbox 1471 1386 1711 1447; x_wconf 79' lang='grc' dir='ltr'>μᾶλλον,</span> <span class='ocrx_word' id='word_1_153' title='bbox 1698 1379 1725 1445; x_wconf 86' lang='grc' dir='ltr'>ὴ</span> 
     </span>
     <span class='ocr_line' id='line_1_17' title="bbox 133 1464 1728 1544; baseline -0.011 -13"><span class='ocrx_word' id='word_1_154' title='bbox 133 1478 289 1541; x_wconf 79' lang='grc' dir='ltr'>σκιὰν,</span> <span class='ocrx_word' id='word_1_155' title='bbox 329 1484 411 1530; x_wconf 83' lang='grc' dir='ltr'>τοῦ</span> <span class='ocrx_word' id='word_1_156' title='bbox 449 1482 668 1544; x_wconf 82' lang='grc' dir='ltr'>Χριστοῦ</span> <span class='ocrx_word' id='word_1_157' title='bbox 709 1499 763 1527; x_wconf 93' lang='grc' dir='ltr'>το</span> <span class='ocrx_word' id='word_1_158' title='bbox 806 1472 960 1538; x_wconf 82' lang='grc' dir='ltr'>μάννα</span> <span class='ocrx_word' id='word_1_159' title='bbox 999 1468 1309 1534; x_wconf 79' lang='grc' dir='ltr'>λαμβάνεται,</span> <span class='ocrx_word' id='word_1_160' title='bbox 1349 1471 1425 1518; x_wconf 85' lang='grc' dir='ltr'>καὶ</span> <span class='ocrx_word' id='word_1_161' title='bbox 1462 1464 1545 1516; x_wconf 82' lang='grc' dir='ltr'>τὸν</span> <span class='ocrx_word' id='word_1_162' title='bbox 1584 1464 1728 1530; x_wconf 76' lang='grc' dir='ltr'>ἄρτον</span> 
     </span>
     <span class='ocr_line' id='line_1_18' title="bbox 135 1546 1730 1627; baseline -0.012 -13"><span class='ocrx_word' id='word_1_163' title='bbox 135 1560 371 1626; x_wconf 84' lang='grc' dir='ltr'>ὑπεδήλου</span> <span class='ocrx_word' id='word_1_164' title='bbox 406 1563 489 1625; x_wconf 87' lang='grc' dir='ltr'>τῆς</span> <span class='ocrx_word' id='word_1_165' title='bbox 525 1560 655 1627; x_wconf 77' lang='grc' dir='ltr'>ζωῆς,</span> <span class='ocrx_word' id='word_1_166' title='bbox 682 1556 794 1609; x_wconf 77' lang='grc' dir='ltr'>αὐτὸ</span> <span class='ocrx_word' id='word_1_167' title='bbox 826 1555 874 1606; x_wconf 81' lang='grc' dir='ltr'>δὲ</span> <span class='ocrx_word' id='word_1_168' title='bbox 910 1555 993 1606; x_wconf 80' lang='grc' dir='ltr'>οὐκ</span> <span class='ocrx_word' id='word_1_169' title='bbox 1017 1552 1075 1618; x_wconf 77' lang='grc' dir='ltr'>ἦν</span> <span class='ocrx_word' id='word_1_170' title='bbox 1102 1559 1119 1605; x_wconf 82' lang='lat' dir='ltr'>o‘</span> <span class='ocrx_word' id='word_1_171' title='bbox 1147 1551 1222 1612; x_wconf 67' lang='grc' dir='ltr'>τῆς</span> <span class='ocrx_word' id='word_1_172' title='bbox 1249 1549 1357 1621; x_wconf 60' lang='grc' dir='ltr'>ζωῆς</span> <span class='ocrx_word' id='word_1_173' title='bbox 1385 1547 1526 1619; x_wconf 62' lang='grc' dir='ltr'>ἄρτος,</span> <span class='ocrx_word' id='word_1_174' title='bbox 1553 1546 1730 1612; x_wconf 78' lang='grc' dir='ltr'>εἴρηται</span> 
     </span>
    </p>
   </div>
   <div class='ocr_carea' id='block_1_3' title="bbox 135 1629 1904 1786">
    <p class='ocr_par' dir='ltr' id='par_1_3' title="bbox 135 1629 1904 1786">
     <span class='ocr_line' id='line_1_19' title="bbox 135 1629 1730 1709; baseline -0.011 -14"><span class='ocrx_word' id='word_1_175' title='bbox 135 1643 222 1709; x_wconf 76' lang='grc' dir='ltr'>μὲν</span> <span class='ocrx_word' id='word_1_176' title='bbox 248 1644 357 1709; x_wconf 82' lang='grc' dir='ltr'>ἡμῖν</span> <span class='ocrx_word' id='word_1_177' title='bbox 383 1642 459 1694; x_wconf 77' lang='grc' dir='ltr'>διὰ</span> <span class='ocrx_word' id='word_1_178' title='bbox 484 1646 703 1694; x_wconf 81' lang='grc' dir='ltr'>πολλῶν·</span> <span class='ocrx_word' id='word_1_179' title='bbox 747 1642 970 1705; x_wconf 83' lang='grc' dir='ltr'>συνεργεῖ</span> <span class='ocrx_word' id='word_1_180' title='bbox 1001 1635 1054 1686; x_wconf 81' lang='grc' dir='ltr'>δέ</span> <span class='ocrx_word' id='word_1_181' title='bbox 1082 1658 1182 1689; x_wconf 90' lang='grc' dir='ltr'>πως</span> <span class='ocrx_word' id='word_1_182' title='bbox 1217 1635 1293 1685; x_wconf 77' lang='grc' dir='ltr'>καὶ</span> <span class='ocrx_word' id='word_1_183' title='bbox 1327 1633 1352 1683; x_wconf 84' lang='grc' dir='ltr'>ὁ</span> <span class='ocrx_word' id='word_1_184' title='bbox 1386 1629 1655 1701; x_wconf 78' lang='grc' dir='ltr'>ψαλμῳδὸς</span> <span class='ocrx_word' id='word_1_185' title='bbox 1681 1629 1730 1678; x_wconf 86' lang='grc' dir='ltr'>ἐν</span> 
     </span>
     <span class='ocr_line' id='line_1_20' title="bbox 1791 1711 1846 1742; baseline -0.018 0"><span class='ocrx_word' id='word_1_186' title='bbox 1791 1711 1846 1742; x_wconf 77' lang='lat' dir='ltr'>Ps.</span> 
     </span>
     <span class='ocr_line' id='line_1_21' title="bbox 1789 1754 1904 1786; baseline -0.017 0"><span class='ocrx_word' id='word_1_187' title='bbox 1789 1754 1904 1786; x_wconf 84' lang='lat' dir='ltr'>lxxvii.</span> 
     </span>
    </p>
   </div>
   <div class='ocr_carea' id='block_1_4' title="bbox 95 1792 1911 1892">
    <p class='ocr_par' dir='ltr' id='par_1_4' title="bbox 95 1792 1911 1892">
     <span class='ocr_line' id='line_1_22' title="bbox 95 1792 1911 1892; baseline -0.013 -29.442"><span class='ocrx_word' id='word_1_188' title='bbox 95 1817 165 1859; x_wconf 71' lang='lat'>0⁴⁶</span> <span class='ocrx_word' id='word_1_189' title='bbox 192 1808 351 1876; x_wconf 80' lang='grc' dir='ltr'>γε’λων</span> <span class='ocrx_word' id='word_1_190' title='bbox 390 1809 567 1877; x_wconf 85' lang='grc' dir='ltr'>ἐφαγεν</span> <span class='ocrx_word' id='word_1_191' title='bbox 607 1803 902 1872; x_wconf 77' lang='grc' dir='ltr'>ἄνθρωπος.”</span> <span class='ocrx_word' id='word_1_192' title='bbox 970 1804 1098 1852; x_wconf 83' lang='grc' dir='ltr'>δοκεῖ</span> <span class='ocrx_word' id='word_1_193' title='bbox 1131 1822 1215 1863; x_wconf 87' lang='grc' dir='ltr'>μεν</span> <span class='ocrx_word' id='word_1_194' title='bbox 1254 1797 1346 1864; x_wconf 79' lang='grc' dir='ltr'>γάρ</span> <span class='ocrx_word' id='word_1_195' title='bbox 1384 1819 1485 1850; x_wconf 90' lang='grc' dir='ltr'>πως</span> <span class='ocrx_word' id='word_1_196' title='bbox 1520 1796 1544 1844; x_wconf 89' lang='grc' dir='ltr'>ὁ</span> <span class='ocrx_word' id='word_1_197' title='bbox 1583 1792 1731 1892; x_wconf 81' lang='grc' dir='ltr'>λόγος</span> <span class='ocrx_word' id='word_1_198' title='bbox 1796 1808 1845 1840; x_wconf 70' lang='lat'>²42</span> <span class='ocrx_word' id='word_1_199' title='bbox 1861 1805 1911 1837; x_wconf 83' lang='lat'>²5·</span> 
     </span>
    </p>
   </div>
   <div class='ocr_carea' id='block_1_5' title="bbox 135 1712 1729 1790">
    <p class='ocr_par' dir='ltr' id='par_1_5' title="bbox 135 1712 1729 1790">
     <span class='ocr_line' id='line_1_23' title="bbox 135 1712 1729 1790; baseline -0.012 -11"><span class='ocrx_word' id='word_1_200' title='bbox 135 1726 365 1790; x_wconf 88' lang='grc' dir='ltr'>πνεύματι</span> <span class='ocrx_word' id='word_1_201' title='bbox 405 1730 535 1788; x_wconf 80' lang='grc' dir='ltr'>βοῶν</span> <span class='ocrx_word' id='word_1_202' title='bbox 563 1723 790 1790; x_wconf 78' lang='grc' dir='ltr'>“”Αρτον</span> <span class='ocrx_word' id='word_1_203' title='bbox 826 1722 1026 1787; x_wconf 81' lang='grc' dir='ltr'>οὐρανοῦ</span> <span class='ocrx_word' id='word_1_204' title='bbox 1065 1718 1234 1769; x_wconf 78' lang='grc' dir='ltr'>ἔδωκεν</span> <span class='ocrx_word' id='word_1_205' title='bbox 1266 1716 1434 1777; x_wconf 79' lang='grc' dir='ltr'>αὐτοῖς,</span> <span class='ocrx_word' id='word_1_206' title='bbox 1468 1714 1611 1780; x_wconf 80' lang='grc' dir='ltr'>ἄρτον</span> <span class='ocrx_word' id='word_1_207' title='bbox 1643 1712 1729 1775; x_wconf 85' lang='grc' dir='ltr'>ἀγ-</span> 
     </span>
    </p>
   </div>
   <div class='ocr_carea' id='block_1_6' title="bbox 73 1874 1779 2786">
    <p class='ocr_par' dir='ltr' id='par_1_6' title="bbox 73 1874 1779 2786">
     <span class='ocr_line' id='line_1_24' title="bbox 137 1874 1777 1960; baseline -0.012 -16"><span class='ocrx_word' id='word_1_208' title='bbox 137 1895 212 1945; x_wconf 83' lang='grc' dir='ltr'>ἐπὶ</span> <span class='ocrx_word' id='word_1_209' title='bbox 237 1898 332 1946; x_wconf 83' lang='grc' dir='ltr'>τοῖς</span> <span class='ocrx_word' id='word_1_210' title='bbox 360 1892 447 1960; x_wconf 76' lang='grc' dir='ltr'>ἐξ’</span> <span class='ocrx_word' id='word_1_211' title='bbox 455 1889 643 1957; x_wconf 89' lang='grc' dir='ltr'>Ισραὴλ</span> <span class='ocrx_word' id='word_1_212' title='bbox 670 1890 887 1954; x_wconf 81' lang='grc' dir='ltr'>εἰρῆσθαι</span> <span class='ocrx_word' id='word_1_213' title='bbox 923 1907 1054 1950; x_wconf 90' lang='grc' dir='ltr'>παρα</span> <span class='ocrx_word' id='word_1_214' title='bbox 1088 1888 1171 1933; x_wconf 84' lang='grc' dir='ltr'>τοῦ</span> <span class='ocrx_word' id='word_1_215' title='bbox 1204 1877 1613 1947; x_wconf 87' lang='grc' dir='ltr'>πνευματοφόρου,</span> <span class='ocrx_word' id='word_1_216' title='bbox 1640 1874 1732 1942; x_wconf 87' lang='grc' dir='ltr'>ἐχει</span> <span class='ocrx_word' id='word_1_217' title='bbox 1750 1883 1777 1924; x_wconf 93' lang='lat' dir='ltr'>b</span> 
     </span>
     <span class='ocr_line' id='line_1_25' title="bbox 138 1956 1736 2043; baseline -0.013 -16"><span class='ocrx_word' id='word_1_218' title='bbox 138 1975 187 2027; x_wconf 87' lang='grc' dir='ltr'>δε</span> <span class='ocrx_word' id='word_1_219' title='bbox 214 1977 301 2043; x_wconf 81' lang='grc' dir='ltr'>οὐχ</span> <span class='ocrx_word' id='word_1_220' title='bbox 325 1976 446 2026; x_wconf 87' lang='grc' dir='ltr'>ούτω</span> <span class='ocrx_word' id='word_1_221' title='bbox 473 1996 527 2024; x_wconf 92' lang='grc' dir='ltr'>το</span> <span class='ocrx_word' id='word_1_222' title='bbox 564 1968 749 2036; x_wconf 82' lang='grc' dir='ltr'>ἀληθες,</span> <span class='ocrx_word' id='word_1_223' title='bbox 775 1969 846 2038; x_wconf 82' lang='grc' dir='ltr'>ἐφ’</span> <span class='ocrx_word' id='word_1_224' title='bbox 881 1969 991 2032; x_wconf 81' lang='grc' dir='ltr'>ἡμῖν</span> <span class='ocrx_word' id='word_1_225' title='bbox 1018 1965 1066 2018; x_wconf 92' lang='grc' dir='ltr'>δε</span> <span class='ocrx_word' id='word_1_226' title='bbox 1092 1969 1284 2029; x_wconf 83' lang='grc' dir='ltr'>μᾶλλον</span> <span class='ocrx_word' id='word_1_227' title='bbox 1311 1965 1335 2014; x_wconf 85' lang='grc' dir='ltr'>ὁ</span> <span class='ocrx_word' id='word_1_228' title='bbox 1362 1966 1457 2013; x_wconf 82' lang='grc' dir='ltr'>τῶν</span> <span class='ocrx_word' id='word_1_229' title='bbox 1483 1956 1736 2026; x_wconf 80' lang='grc' dir='ltr'>εἶρημενων</span> 
     </span>
     <span class='ocr_line' id='line_1_26' title="bbox 138 2041 1736 2148; baseline -0.014 -37"><span class='ocrx_word' id='word_1_230' title='bbox 138 2082 321 2113; x_wconf 88' lang='grc' dir='ltr'>σκοπος</span> <span class='ocrx_word' id='word_1_231' title='bbox 357 2057 662 2109; x_wconf 89' lang='grc' dir='ltr'>συντείνεται.</span> <span class='ocrx_word' id='word_1_232' title='bbox 718 2052 746 2119; x_wconf 78' lang='grc' dir='ltr'>ἢ</span> <span class='ocrx_word' id='word_1_233' title='bbox 785 2051 878 2148; x_wconf 80' lang='grc' dir='ltr'>γὰρ</span> <span class='ocrx_word' id='word_1_234' title='bbox 915 2051 998 2101; x_wconf 82' lang='grc' dir='ltr'>οὐκ</span> <span class='ocrx_word' id='word_1_235' title='bbox 1033 2050 1191 2113; x_wconf 79' lang='grc' dir='ltr'>εὔηθες</span> <span class='ocrx_word' id='word_1_236' title='bbox 1226 2048 1302 2098; x_wconf 78' lang='grc' dir='ltr'>καὶ</span> <span class='ocrx_word' id='word_1_237' title='bbox 1337 2043 1536 2109; x_wconf 84' lang='grc' dir='ltr'>ἀνόητον</span> <span class='ocrx_word' id='word_1_238' title='bbox 1568 2041 1736 2107; x_wconf 85' lang='grc' dir='ltr'>κομιδῇ</span> 
     </span>
     <span class='ocr_line' id='line_1_27' title="bbox 139 2121 1736 2201; baseline -0.014 -7"><span class='ocrx_word' id='word_1_239' title='bbox 139 2141 248 2196; x_wconf 79' lang='grc' dir='ltr'>τοὺς</span> <span class='ocrx_word' id='word_1_240' title='bbox 274 2140 411 2194; x_wconf 80' lang='grc' dir='ltr'>ὄντας</span> <span class='ocrx_word' id='word_1_241' title='bbox 439 2161 559 2190; x_wconf 91' lang='grc' dir='ltr'>κατα</span> <span class='ocrx_word' id='word_1_242' title='bbox 590 2137 673 2188; x_wconf 85' lang='grc' dir='ltr'>τὸν</span> <span class='ocrx_word' id='word_1_243' title='bbox 700 2134 900 2201; x_wconf 82' lang='grc' dir='ltr'>οὐρανὸν</span> <span class='ocrx_word' id='word_1_244' title='bbox 927 2134 1088 2199; x_wconf 87' lang='grc' dir='ltr'>ἁγίους</span> <span class='ocrx_word' id='word_1_245' title='bbox 1121 2128 1372 2196; x_wconf 79' lang='grc' dir='ltr'>ἀγγέλους,</span> <span class='ocrx_word' id='word_1_246' title='bbox 1401 2127 1550 2177; x_wconf 90' lang='grc' dir='ltr'>καίτοι</span> <span class='ocrx_word' id='word_1_247' title='bbox 1585 2121 1736 2191; x_wconf 88' lang='grc' dir='ltr'>φύσιν</span> 
     </span>
     <span class='ocr_line' id='line_1_28' title="bbox 73 2208 1733 2292; baseline -0.016 -11"><span class='ocrx_word' id='word_1_248' title='bbox 73 2243 122 2281; x_wconf 86' lang='grc'>25</span> <span class='ocrx_word' id='word_1_249' title='bbox 141 2222 380 2292; x_wconf 89' lang='grc' dir='ltr'>λαχόντας</span> <span class='ocrx_word' id='word_1_250' title='bbox 413 2221 499 2286; x_wconf 85' lang='grc' dir='ltr'>τὴν</span> <span class='ocrx_word' id='word_1_251' title='bbox 531 2219 802 2284; x_wconf 82' lang='grc' dir='ltr'>ἀσώματον,</span> <span class='ocrx_word' id='word_1_252' title='bbox 829 2237 1097 2283; x_wconf 89' lang='grc' dir='ltr'>παχυτερας</span> <span class='ocrx_word' id='word_1_253' title='bbox 1133 2234 1374 2279; x_wconf 88' lang='grc' dir='ltr'>μετισχειν</span> <span class='ocrx_word' id='word_1_254' title='bbox 1405 2208 1586 2260; x_wconf 73' lang='grc' dir='ltr'>οἴεσθαι</span> <span class='ocrx_word' id='word_1_255' title='bbox 1619 2227 1733 2271; x_wconf 89' lang='grc' dir='ltr'>τρο-</span> 
     </span>
     <span class='ocr_line' id='line_1_29' title="bbox 142 2286 1736 2377; baseline -0.013 -17"><span class='ocrx_word' id='word_1_256' title='bbox 142 2310 252 2377; x_wconf 82' lang='grc' dir='ltr'>φῆς,</span> <span class='ocrx_word' id='word_1_257' title='bbox 295 2307 372 2357; x_wconf 81' lang='grc' dir='ltr'>καὶ</span> <span class='ocrx_word' id='word_1_258' title='bbox 417 2307 602 2356; x_wconf 82' lang='grc' dir='ltr'>δεῖσθαι</span> <span class='ocrx_word' id='word_1_259' title='bbox 646 2297 966 2365; x_wconf 78' lang='grc' dir='ltr'>βοηθημάτων</span> <span class='ocrx_word' id='word_1_260' title='bbox 1009 2301 1071 2351; x_wconf 82' lang='grc' dir='ltr'>εἰς</span> <span class='ocrx_word' id='word_1_261' title='bbox 1121 2319 1176 2347; x_wconf 92' lang='grc' dir='ltr'>το</span> <span class='ocrx_word' id='word_1_262' title='bbox 1222 2293 1573 2360; x_wconf 80' lang='grc' dir='ltr'>διακρατεῖσθαι</span> <span class='ocrx_word' id='word_1_263' title='bbox 1617 2286 1736 2353; x_wconf 84' lang='grc' dir='ltr'>πρὸς</span> 
     </span>
     <span class='ocr_line' id='line_1_30' title="bbox 143 2373 1730 2457; baseline -0.014 -16"><span class='ocrx_word' id='word_1_264' title='bbox 143 2389 324 2457; x_wconf 76' lang='grc' dir='ltr'>ζωὴν,</span> <span class='ocrx_word' id='word_1_265' title='bbox 306 2387 481 2439; x_wconf 88' lang='grc' dir='ltr'>οποίων</span> <span class='ocrx_word' id='word_1_266' title='bbox 506 2408 595 2451; x_wconf 92' lang='grc' dir='ltr'>περ</span> <span class='ocrx_word' id='word_1_267' title='bbox 622 2383 679 2434; x_wconf 79' lang='grc' dir='ltr'>ἂν</span> <span class='ocrx_word' id='word_1_268' title='bbox 707 2386 782 2434; x_wconf 84' lang='grc' dir='ltr'>καὶ</span> <span class='ocrx_word' id='word_1_269' title='bbox 807 2383 936 2433; x_wconf 81' lang='grc' dir='ltr'>τουτὶ</span> <span class='ocrx_word' id='word_1_270' title='bbox 963 2403 1016 2431; x_wconf 90' lang='grc' dir='ltr'>το</span> <span class='ocrx_word' id='word_1_271' title='bbox 1043 2381 1093 2430; x_wconf 87' lang='grc' dir='ltr'>ἐκ</span> <span class='ocrx_word' id='word_1_272' title='bbox 1120 2381 1208 2444; x_wconf 84' lang='grc' dir='ltr'>γῆς</span> <span class='ocrx_word' id='word_1_273' title='bbox 1233 2373 1522 2437; x_wconf 86' lang='grc' dir='ltr'>ἐπιθυμήσαι</span> <span class='ocrx_word' id='word_1_274' title='bbox 1553 2375 1730 2434; x_wconf 69' lang='grc' dir='ltr'>σῶμα,</span> 
     </span>
     <span class='ocr_line' id='line_1_31' title="bbox 144 2451 1733 2534; baseline -0.014 -11"><span class='ocrx_word' id='word_1_275' title='bbox 144 2472 254 2523; x_wconf 85' lang='grc' dir='ltr'>ἀλλ’</span> <span class='ocrx_word' id='word_1_276' title='bbox 285 2468 418 2521; x_wconf 80' lang='grc' dir='ltr'>οὐδὲν</span> <span class='ocrx_word' id='word_1_277' title='bbox 445 2467 571 2530; x_wconf 77' lang='grc' dir='ltr'>οἶμαι</span> <span class='ocrx_word' id='word_1_278' title='bbox 597 2463 813 2534; x_wconf 89' lang='grc' dir='ltr'>χαλεπον</span> <span class='ocrx_word' id='word_1_279' title='bbox 839 2466 1024 2524; x_wconf 82' lang='grc' dir='ltr'>ἐννοεῖν,</span> <span class='ocrx_word' id='word_1_280' title='bbox 1052 2463 1114 2515; x_wconf 86' lang='grc' dir='ltr'>ὡς</span> <span class='ocrx_word' id='word_1_281' title='bbox 1141 2460 1328 2524; x_wconf 83' lang='grc' dir='ltr'>ἐπείπερ</span> <span class='ocrx_word' id='word_1_282' title='bbox 1354 2456 1445 2507; x_wconf 80' lang='grc' dir='ltr'>εἰσὶ</span> <span class='ocrx_word' id='word_1_283' title='bbox 1471 2451 1733 2516; x_wconf 89' lang='grc' dir='ltr'>πνεύματα,</span> 
     </span>
     <span class='ocr_line' id='line_1_32' title="bbox 145 2535 1779 2618; baseline -0.015 -13"><span class='ocrx_word' id='word_1_284' title='bbox 145 2553 362 2618; x_wconf 84' lang='grc' dir='ltr'>τοιαύτης</span> <span class='ocrx_word' id='word_1_285' title='bbox 400 2550 458 2602; x_wconf 76' lang='grc' dir='ltr'>ἂν</span> <span class='ocrx_word' id='word_1_286' title='bbox 492 2550 670 2602; x_wconf 88' lang='grc' dir='ltr'>δεοιντο</span> <span class='ocrx_word' id='word_1_287' title='bbox 708 2571 785 2599; x_wconf 87' lang='grc' dir='ltr'>και</span> <span class='ocrx_word' id='word_1_288' title='bbox 822 2548 1018 2614; x_wconf 80' lang='grc' dir='ltr'>τροφῆς,</span> <span class='ocrx_word' id='word_1_289' title='bbox 1052 2542 1366 2606; x_wconf 79' lang='grc' dir='ltr'>πνευματικῆς</span> <span class='ocrx_word' id='word_1_290' title='bbox 1406 2535 1624 2602; x_wconf 90' lang='grc' dir='ltr'>δηλονότι</span> <span class='ocrx_word' id='word_1_291' title='bbox 1664 2553 1779 2584; x_wconf 80' lang='grc' dir='ltr'>καιο</span> 
     </span>
     <span class='ocr_line' id='line_1_33' title="bbox 78 2619 1734 2701; baseline -0.014 -11"><span class='ocrx_word' id='word_1_292' title='bbox 78 2661 128 2697; x_wconf 86' lang='grc' dir='ltr'>3ο</span> <span class='ocrx_word' id='word_1_293' title='bbox 147 2638 328 2701; x_wconf 80' lang='grc' dir='ltr'>νοητῆς.</span> <span class='ocrx_word' id='word_1_294' title='bbox 384 2638 485 2686; x_wconf 82' lang='grc' dir='ltr'>πῶς</span> <span class='ocrx_word' id='word_1_295' title='bbox 525 2633 606 2683; x_wconf 86' lang='grc' dir='ltr'>οὐν</span> <span class='ocrx_word' id='word_1_296' title='bbox 642 2630 782 2697; x_wconf 81' lang='grc' dir='ltr'>ἄρτος</span> <span class='ocrx_word' id='word_1_297' title='bbox 821 2627 1043 2694; x_wconf 84' lang='grc' dir='ltr'>ἀγγελων</span> <span class='ocrx_word' id='word_1_298' title='bbox 1076 2629 1172 2678; x_wconf 80' lang='grc' dir='ltr'>τοῖς</span> <span class='ocrx_word' id='word_1_299' title='bbox 1210 2628 1304 2674; x_wconf 82' lang='grc' dir='ltr'>τῶν</span> <span class='ocrx_word' id='word_1_300' title='bbox 1337 2619 1576 2671; x_wconf 86' lang='grc' dir='ltr'>Ἰουδαίων</span> <span class='ocrx_word' id='word_1_301' title='bbox 1614 2639 1734 2682; x_wconf 89' lang='grc' dir='ltr'>προ-</span> 
     </span>
     <span class='ocr_line' id='line_1_34' title="bbox 146 2699 1740 2786; baseline -0.014 -16"><span class='ocrx_word' id='word_1_302' title='bbox 146 2718 304 2786; x_wconf 90' lang='grc' dir='ltr'>γόνοις</span> <span class='ocrx_word' id='word_1_303' title='bbox 330 2717 684 2784; x_wconf 84' lang='grc' dir='ltr'>κεχορηγῆσθαι</span> <span class='ocrx_word' id='word_1_304' title='bbox 711 2712 912 2779; x_wconf 89' lang='grc' dir='ltr'>λεγεται,</span> <span class='ocrx_word' id='word_1_305' title='bbox 942 2713 979 2760; x_wconf 81' lang='grc' dir='ltr'>εἰ</span> <span class='ocrx_word' id='word_1_306' title='bbox 1006 2706 1230 2773; x_wconf 84' lang='grc' dir='ltr'>ἀληθεύοι</span> <span class='ocrx_word' id='word_1_307' title='bbox 1256 2727 1315 2755; x_wconf 91' lang='grc' dir='ltr'>τα</span> <span class='ocrx_word' id='word_1_308' title='bbox 1341 2707 1533 2754; x_wconf 80' lang='grc' dir='ltr'>τοιαῦτα</span> <span class='ocrx_word' id='word_1_309' title='bbox 1559 2703 1688 2761; x_wconf 80' lang='grc' dir='ltr'>βοῶν</span> <span class='ocrx_word' id='word_1_310' title='bbox 1715 2699 1740 2748; x_wconf 82' lang='grc' dir='ltr'>ὁ</span> 
     </span>
    </p>
   </div>
   <div class='ocr_carea' id='block_1_7' title="bbox 150 2843 1743 2999">
    <p class='ocr_par' dir='ltr' id='par_1_7' title="bbox 150 2843 1743 2999">
     <span class='ocr_line' id='line_1_35' title="bbox 201 2843 1742 2907; baseline -0.014 -9"><span class='ocrx_word' id='word_1_311' title='bbox 201 2875 230 2898; x_wconf 91' lang='grc' dir='ltr'><strong>ῐ.</strong></span> <span class='ocrx_word' id='word_1_312' title='bbox 256 2861 410 2907; x_wconf 75' lang='grc' dir='ltr'>ουτως]’</span> <span class='ocrx_word' id='word_1_313' title='bbox 398 2861 502 2896; x_wconf 83' lang='grc' dir='ltr'>όντως</span> <span class='ocrx_word' id='word_1_314' title='bbox 521 2860 563 2894; x_wconf 83' lang='grc' dir='ltr'><strong>Β.</strong></span> <span class='ocrx_word' id='word_1_315' title='bbox 729 2870 761 2903; x_wconf 85' lang='grc'><strong>3.</strong></span> <span class='ocrx_word' id='word_1_316' title='bbox 788 2855 959 2901; x_wconf 78' lang='grc' dir='ltr'>τοιοῦτον]</span> <span class='ocrx_word' id='word_1_317' title='bbox 979 2856 1099 2889; x_wconf 79' lang='grc' dir='ltr'>τοῦτον</span> <span class='ocrx_word' id='word_1_318' title='bbox 1119 2852 1160 2886; x_wconf 82' lang='grc' dir='ltr'><strong>Β.</strong></span> <span class='ocrx_word' id='word_1_319' title='bbox 1320 2848 1353 2882; x_wconf 86' lang='grc'><strong>6.</strong></span> <span class='ocrx_word' id='word_1_320' title='bbox 1380 2845 1679 2891; x_wconf 81' lang='grc' dir='ltr'>ἀποκερδαίνοντες</span> <span class='ocrx_word' id='word_1_321' title='bbox 1699 2843 1742 2878; x_wconf 88' lang='grc' dir='ltr'>Β.</span> 
     </span>
     <span class='ocr_line' id='line_1_36' title="bbox 152 2891 1743 2956; baseline -0.013 -11"><span class='ocrx_word' id='word_1_322' title='bbox 152 2921 184 2956; x_wconf 91' lang='lat'>7.</span> <span class='ocrx_word' id='word_1_323' title='bbox 209 2909 330 2955; x_wconf 78' lang='grc' dir='ltr'>αυτοῦ]</span> <span class='ocrx_word' id='word_1_324' title='bbox 352 2909 478 2943; x_wconf 81' lang='grc' dir='ltr'>ἐκείνου</span> <span class='ocrx_word' id='word_1_325' title='bbox 498 2907 538 2940; x_wconf 82' lang='grc' dir='ltr'><strong>Β.</strong></span> <span class='ocrx_word' id='word_1_326' title='bbox 671 2905 724 2939; x_wconf 85' lang='grc'><strong>18.</strong></span> <span class='ocrx_word' id='word_1_327' title='bbox 752 2902 928 2949; x_wconf 79' lang='grc' dir='ltr'>συνεργεῖ]</span> <span class='ocrx_word' id='word_1_328' title='bbox 950 2916 1065 2946; x_wconf 88' lang='grc' dir='ltr'>συνερι</span> <span class='ocrx_word' id='word_1_329' title='bbox 1085 2903 1139 2943; x_wconf 70' lang='lat' dir='ltr'>(z</span> <span class='ocrx_word' id='word_1_330' title='bbox 1158 2897 1307 2941; x_wconf 81' lang='grc' dir='ltr'>συνερεῖ)</span> <span class='ocrx_word' id='word_1_331' title='bbox 1330 2895 1370 2930; x_wconf 83' lang='grc' dir='ltr'><strong>Β.</strong></span> <span class='ocrx_word' id='word_1_332' title='bbox 1500 2905 1556 2938; x_wconf 79' lang='grc' dir='ltr'><strong>3ῐ.</strong></span> <span class='ocrx_word' id='word_1_333' title='bbox 1581 2891 1743 2936; x_wconf 80' lang='grc' dir='ltr'>ἀληθεὺοι</span> 
     </span>
     <span class='ocr_line' id='line_1_37' title="bbox 150 2951 793 2999; baseline -0.014 -5"><span class='ocrx_word' id='word_1_334' title='bbox 150 2960 191 2994; x_wconf 83' lang='grc' dir='ltr'>τὰ</span> <span class='ocrx_word' id='word_1_335' title='bbox 209 2973 346 2992; x_wconf 83' lang='grc' dir='ltr'>τυιαυτιι</span> <span class='ocrx_word' id='word_1_336' title='bbox 367 2957 407 2990; x_wconf 84' lang='lat' dir='ltr'>B.</span> <span class='ocrx_word' id='word_1_337' title='bbox 430 2953 586 2999; x_wconf 76' lang='grc' dir='ltr'>ἀληθεύει</span> <span class='ocrx_word' id='word_1_338' title='bbox 604 2955 707 2987; x_wconf 77' lang='grc' dir='ltr'>ταῦτα</span> <span class='ocrx_word' id='word_1_339' title='bbox 728 2953 755 2986; x_wconf 78' lang='grc' dir='ltr'>Ε</span> <span class='ocrx_word' id='word_1_340' title='bbox 759 2951 793 2986; x_wconf 83' lang='lat' dir='ltr'>d.</span> 
     </span>
    </p>
   </div>
   <div class='ocr_carea' id='block_1_8' title="bbox 889 3017 1006 3057">
    <p class='ocr_par' dir='ltr' id='par_1_8' title="bbox 889 3017 1006 3057">
     <span class='ocr_line' id='line_1_38' title="bbox 889 3017 1006 3057; baseline -0.009 0"><span class='ocrx_word' id='word_1_341' title='bbox 889 3017 1006 3057; x_wconf 50' lang='lat'>3112</span> 
     </span>
    </p>
   </div>
  </div>
 </body>
</html>
