2084 3317
121 434 176 465 Es.
188 434 282 475 5119.

121 1581 280 1623 Ps.ci.19.

122 1736 284 1767 S.Matth.

121 1780 188 1811 xxi.
209 1790 240 1822 9.

342 158 426 197 592
740 157 790 197 Β.
825 156 1102 197 CYRILLI
1144 156 1520 197 ALEXANDR.
1711 156 1781 196 vii.
1801 169 1840 210 9,
1864 168 1926 196 10.

342 268 597 325 βεβαιοῦτο
624 263 800 331 καιρόν·
853 265 1005 315 ἄνεισι
1031 265 1127 328 μετ’
1158 264 1340 327 αὐτοὺς,
1368 266 1454 331 οὐχ
1480 265 1613 329 ἕτερα
1639 263 1724 326 μὲν
1750 263 1926 328 λέγων,

342 344 565 411 πράττων
589 345 637 397 δὲ
674 345 741 400 οῖς
778 345 835 397 ἂν
860 346 992 410 λέγοι
1027 345 1086 396 τὰ
1120 345 1320 397 ἐναντίω
1364 352 1503 397 τοῦτο
1537 345 1631 411 γὰρ
1657 343 1714 408 ἧν
1740 345 1827 409 ἤδη
1855 347 1930 395 καὶ

343 427 624 495 ψεύδεσθαι,
651 428 800 478 καίτοι
827 427 985 489 δόλου,
1013 426 1232 478 τουτέστι
1258 426 1555 496 ψεύσματος,
1580 427 1667 494 οὐχ
1692 427 1931 492 ηὑρῆσθαι

344 507 602 574 λεγομένου
651 512 898 562 παντελῶς
940 510 988 558 ἐν
1034 512 1100 577 τῷ
1151 507 1356 571 στόματι
1407 509 1565 560 αὐτοῦ·
1628 508 1738 558 ἀλλ’
1785 506 1932 560 ὅντως

343 590 486 639 ἐκεῖνο
531 592 648 655 δρᾶν
690 589 805 655 ὅπερ
848 589 1082 656 ὑπέσχετο
1124 589 1522 655 προθυμούμενος.
1585 589 1639 639 οὐ
1681 587 1775 654 γὰρ
1820 590 1972 644 ἀνα-5

342 671 494 729 βαίνει
520 671 874 736 συνεορτάσων,
905 669 1205 734 νουθετήσων
1235 670 1283 722 δὲ
1309 675 1513 734 μᾶλλον,
1539 672 1615 722 καὶ
1650 670 1838 735 ἐπείπερ
1870 673 1933 723 εἷς

343 750 398 802 τὸ
441 750 609 817 σώζειν
653 753 864 820 ἀφίκετο,
903 750 962 802 τὰ
1006 755 1069 804 εἷς
1114 750 1234 818 ζωὴν
1274 752 1572 821 ἀναφέροντα
1616 750 1701 815 τὴν
1747 750 1933 801 αἰώνιον

303 835 461 899 οέρῶν
486 856 535 884 τε
570 836 646 884 καὶ
680 832 1067 899 εἰσηγησόμενος.
1122 833 1193 884 ὅτι
1228 833 1322 899 γὰρ
1353 833 1487 887 οὗτος
1522 832 1580 896 ἧν
1606 834 1632 883 ὁ
1668 832 1851 885 σκοπὸς
1885 834 1934 882 ἐν

343 915 484 983 αὐτῷ,
542 914 718 984 διδάξει
771 919 944 983 σαφῶς
998 914 1052 965 τὸ
1111 915 1228 979 μηδὲ
1288 920 1384 968 τοῖς
1443 916 1657 966 ἀνιοῦσιν
1707 915 1933 977 ἐθελῆσαι

343 996 650 1062 συμβαδίζειν
707 996 862 1060 αὑτὸν,
925 998 1141 1048 ἀνελθεῖν
1197 995 1247 1048 δὲ
1305 996 1443 1059 μόλις
1507 998 1583 1048 καὶ
1645 994 1932 1060 λεληθότως,
1956 1020 2003 1044 10

344 1079 399 1128 οὐ
454 1079 700 1147 παρῥησίᾳ
762 1081 838 1129 καὶ
895 1077 1137 1144 ἱλαρότητι
1197 1078 1439 1147 χρώμενον
1489 1083 1584 1130 τῶν
1643 1077 1808 1129 ἰόντων
1858 1079 1933 1129 ἐπὶ

344 1159 623 1226 πανήγυριν.

421 1243 515 1291 Καὶ
553 1246 682 1307 γοῦν,
715 1240 792 1292 ὅτε
830 1240 1001 1292 λοιπὸν
1035 1244 1110 1293 ἐπὶ
1146 1240 1200 1293 τὸ
1240 1242 1477 1308 σωτήριον
1509 1242 1723 1302 ἀνέβαινε
1757 1238 1930 1301 πάθος,

344 1324 550 1386 ἀνῆλθεν
585 1324 639 1373 οὐ
678 1322 1014 1389 κεκρυμμένως,
1045 1323 1178 1375 ἀλλὰ
1215 1323 1365 1393 πώλῳ
1403 1323 1488 1387 μὲν
1519 1322 1833 1391 ἐποχούμενος
1871 1325 1934 1375 εὶς

344 1403 494 1454 τύπον
533 1410 617 1455 τοῦ
657 1404 760 1456 νέου
799 1411 934 1467 λαοῦ,
971 1406 1151 1470 νηπίων
1189 1403 1236 1455 δὲ
1273 1405 1627 1472 προελαύνοντα
1665 1407 1814 1468 δῆμον
1852 1404 1935 1453 οὐκ
1957 1424 2003 1462 15

298 1495 326 1536 <1
346 1486 657 1552 εὐαρίθμητον
690 1486 824 1554 ἔχων,
850 1490 1020 1554 σχῆμα
1051 1487 1200 1539 πάλιν
1232 1488 1604 1554 ἀποπληροῦντα
1638 1491 1722 1538 τοῦ
1757 1488 1931 1552 τεχθη-

347 1567 550 1631 σομένου
582 1575 718 1627 λαοῦ,
746 1571 852 1635 περὶ
893 1569 947 1620 οὗ
981 1569 1244 1636 γέγραπται
1273 1577 1299 1599 “
1322 1571 1416 1620 Καὶ
1452 1568 1570 1623 λαὸς
1607 1569 1632 1618 ὁ
1671 1567 1935 1633 κτιζόμενος

347 1656 374 1678 “
400 1650 575 1701 αἰνέσει
618 1650 701 1702 τὸν
742 1650 960 1717 Κύριον.”
1013 1652 1242 1721 ἀνεφώνει
1283 1651 1331 1702 δὲ
1370 1655 1446 1703 καὶ
1487 1650 1547 1702 τὰ
1586 1649 1935 1717 προβαδίζοντα

345 1731 503 1800 βρέφη
519 1739 547 1762 “
565 1732 900 1798 Εὐλογημένος
926 1734 951 1783 ὁ
977 1733 1224 1801 ἐρχόμενος
1251 1736 1300 1784 ἐν
1321 1732 1515 1797 ὀνόματι
1534 1732 1722 1799 Κυρίου,
1742 1729 1935 1782 ὡσαννὰ

347 1815 449 1864 “ε’ν
487 1818 583 1868 τοῖς
622 1816 886 1882 ὑψίστοις.”
947 1817 1113 1866 οὐκοῦν
1152 1815 1228 1866 διὰ
1265 1820 1349 1866 τοῦ
1388 1813 1660 1878 λεληθότως
1698 1815 1930 1875 ἀνελθεῖν,
1957 1837 2006 1862 20

347 1896 699 1947 ἀποδεικνύει
675 1920 746 1947 οτι
785 1897 1121 1964 συνεορτάσων
1159 1920 1244 1960 μεν
1282 1899 1511 1960 οὐδαμῶς,
1549 1899 1934 1962 προσδιαλεχθη-

347 1977 548 2040 σόμενος
587 1977 635 2029 δε
673 1983 865 2042 μᾶλλον
903 1981 1058 2033 αὐτοῖς
1097 1983 1158 2033 εἷς
1195 1978 1510 2045 Ιεροσόλυμα
1547 1976 1871 2079 παραγέγονεν
1909 1978 1935 2027 ὁ

349 2059 578 2125 Χριστος·
625 2063 688 2114 ὡς
728 2059 820 2126 γὰρ
858 2061 947 2125 ἠδη
985 2059 1312 2127 προλαβόντες
1351 2060 1610 2126 εἰρήκαμεν,
1649 2061 1778 2111 οὔπω
1816 2082 1936 2110 παν-

347 2146 496 2195 τελῶς
521 2147 605 2193 τοῦ
632 2141 835 2208 Ἰσραὴλ
861 2143 1194 2205 ἀπανίσταται,
1211 2144 1323 2209 πρὶν
1349 2141 1406 2193 ἂν
1426 2141 1615 2211 θανάτῳ
1640 2142 1934 2207 παραδοθεὶς,

308 2244 330 2270 e
348 2224 492 2292 ἀξίως
518 2224 607 2288 ἤδη
634 2225 858 2292 φαίνηται
884 2230 1025 2275 τοῦτο
1050 2229 1214 2275 ποιῶν.
1958 2246 2006 2284 25

422 2310 522 2357 Τοῦ
550 2305 599 2357 δὲ
625 2310 767 2358 εἰπεῖν
790 2305 888 2370 μὲν,
914 2309 976 2361 ὡς
1008 2307 1091 2358 οὐκ
1125 2305 1432 2370 ἀναβήσεται,
1460 2304 1579 2370 μετὰ
1614 2303 1663 2355 δὲ
1696 2309 1837 2355 τοῦτο
1870 2303 1935 2368 μὴ

346 2392 678 2453 παραιτεῖσθαι
723 2388 778 2439 τὸ
823 2391 1051 2450 ἀνελθεῖν,
1092 2388 1304 2453 εὑρήσεις
1349 2390 1424 2438 καὶ
1468 2385 1621 2439 πάλαι
1666 2385 1750 2437 τὸν
1788 2386 1937 2437 τύπον

347 2469 772 2536 ἀποπληρούμενον
791 2472 839 2522 ἐν
859 2472 1037 2540 βιβλίῳ
1063 2474 1129 2540 τῷ
1154 2471 1352 2534 ἐπίκλην
1368 2468 1571 2539 Ἐξόδῳ.
1609 2471 1827 2533 Μωυσῆς
1852 2467 1937 2531 μὲν

346 2552 440 2618 γὰρ
467 2553 491 2603 ὁ
519 2551 803 2606 θεοσπέσιός
836 2575 884 2604 τε
919 2555 992 2603 καὶ
1022 2553 1269 2618 ἱερώτατος
1292 2550 1376 2606 τὰς
1402 2554 1450 2602 ἐν
1477 2555 1544 2621 τῷ
1571 2550 1665 2617 ὄρει
1692 2548 1937 2616 διατριβὰς

346 2635 542 2685 ἐποιεῖτο
576 2634 694 2699 μετὰ
730 2638 871 2698 Θεοῦ,
898 2633 982 2685 τὸν
1008 2634 1333 2698 δοθησόμενον
1363 2632 1472 2699 παρ’
1501 2634 1644 2684 αὐτοῦ
1677 2631 1937 2698 περιμένων
1959 2651 2008 2686 30

347 2714 503 2779 νόμον.
588 2717 890 2784 ἐμοσχοποίει
941 2715 989 2767 δὲ
1040 2715 1160 2767 κατὰ
1210 2715 1297 2780 τὴν
1347 2715 1520 2782 ἔρημον
1570 2717 1653 2778 τῆς
1704 2718 1765 2767 εἰς
1811 2713 1936 2765 Θεὸν

398 2874 428 2896 1.
454 2861 620 2907 ἄνεισι]’
601 2878 660 2907 ανη
659 2854 723 2896 B.
930 2860 1191 2906 φλεγομένου]
1212 2860 1359 2906 λέγομεν
1375 2875 1414 2895 ου
1435 2860 1476 2894 Β.
1561 2858 1665 2894 ουτως
1683 2858 1726 2894 Β.
1744 2857 1849 2893 οὕτως
1868 2857 1934 2892 Ed.

353 2920 406 2943 10.
426 2909 550 2952 ἀνῆλθε
571 2910 612 2943 Β.
713 2920 767 2952 14.
785 2907 948 2954 ἀνῆλθεν]
970 2913 1005 2964 -Ῐ-
1023 2923 1084 2953 μεν
1102 2907 1168 2941 Ed.
1187 2915 1297 2941 mV1to
1318 2908 1358 2942 Β.
1408 2906 1632 2951 κεκρυμμένος
1651 2906 1692 2939 Β.
1789 2916 1844 2939 21.
1864 2905 1934 2938 ε’πι-

348 2955 518 2990 δείκνυσιν
534 2956 575 2990 Β.
674 2966 729 3001 25.
757 2956 917 3001 φαινηται
935 2957 1035 2990 τοῦτο
1054 2956 1120 2989 hoc
1139 2954 1260 2988 ordine
1281 2954 1322 2988 B.
1421 2954 1475 2988 26.
1503 2956 1568 2987 Τοῦ
1588 2953 1634 2987 D.
1653 2954 1752 2986 τοῦτο
1773 2951 1837 2985 Ed.
