2084 3317
113 118 184 160 vii.
203 133 271 173 24.
331 122 408 164 IN
449 124 490 165 S.
526 125 861 167 JOANNEM.
925 126 1049 168 LIB.
1082 127 1161 168 IV.
1224 129 1488 170 CARVII.
1621 131 1703 171 637

111 229 338 295 ἐσομένης
388 233 701 290 ἀναστάσεως
751 238 1107 290 ἀποκαλύπτων
1151 239 1435 306 μυστήριον,
1482 241 1703 308 ἀπαρχὴν

109 309 196 372 μὲν
238 311 321 364 τὸν
365 314 583 381 Χριστὸν
627 318 992 384 ἀναστήσεσθαι
1043 319 1186 387 λέγει.
1262 324 1338 372 καὶ
1383 321 1478 388 γὰρ
1525 322 1581 387 δὴ
1626 325 1701 374 καὶ

110 391 358 460 ἐγήγερται
394 401 582 463 πρῶτος
619 400 669 450 ἐκ
708 405 898 467 νεκρῶν,
928 401 1040 453 ἀλλ’
1079 410 1105 433 “
1125 403 1296 466 ἔπειτα,
1333 407 1502 472 φησὶν,
1538 408 1580 455 οἱ
1619 399 1928 481 rofid{§0r·xv·

1043 485 1069 501 99

111 481 139 504 “
165 478 382 541 Χριστοῦ
419 479 468 529 ἐν
505 484 564 547 τῇ
601 484 843 552 παρουσία
883 485 1026 535 αὐτοῦ
1121 484 1216 552 πρὸ
1257 484 1352 551 γὰρ
1397 490 1492 537 τῶν
1532 486 1701 538 ἄλλων

66 563 89 603 5
110 555 334 609 ἁπάντων
367 582 476 615 τους
510 564 828 619 οἷκειωθεντας
861 566 987 635 αὐτῷ
1021 527 1098 617 διὰ
1135 568 1343 621 πίστεως
1379 571 1452 619 δεῖ
1481 568 1697 633 ἀναστή-

108 642 285 690 σεσθαι
322 642 468 707 λέγει,
497 646 887 712 χρεωστουμένην
913 649 1069 703 αὐτοῖς
1104 648 1160 714 δὴ
1191 649 1409 713 μάλιστα
1445 651 1614 716 κυρίως
1651 674 1701 702 τε

107 722 183 771 καὶ
235 726 390 777 ἱδικῶς
440 726 740 779 ἐπιδεικνύων
789 728 876 793 τὴν
927 728 1209 794 ἀνάστασιν,
1255 736 1292 782 εἰ
1342 734 1417 783 καὶ
1468 736 1532 787 εἰς
1580 732 1700 798 ὅλην

107 806 341 856 διικνεῖται
379 805 465 871 τὴν
504 808 669 875 φύσιν,
708 810 766 879 ἐξ
804 810 1097 877 ἀγαθότητος
1142 812 1362 878 δηλονότι
1407 817 1481 866 καὶ
1525 820 1699 885 φιλαν-

107 887 316 951 θρωπιάς
367 894 452 939 τοῦ
499 895 745 945 παντελῶς
796 897 1097 960 καταργῆσαι
1147 894 1230 947 τὸν
1281 894 1485 948 θάνατον
1536 898 1698 962 ἐθελή-

38 990 87 1015 10
106 990 282 1023 σαντος
318 973 458 1024 Θεοῦ.

178 1050 418 1118 Ἐπιτήρει
463 1053 512 1106 δὲ
557 1079 684 1110 οπως
728 1059 781 1109 οὐ
822 1058 1005 1129 σιδήρω
1046 1061 1305 1126 περιτέμνει
1348 1060 1402 1112 τὸ
1443 1062 1630 1113 παιδιον
1668 1062 1696 1126 ἡ

105 1125 362 1201 Σεπφῶρα·
401 1137 644 1202 κολαστὴς
671 1139 765 1207 γὰρ
802 1141 826 1191 ὁ
862 1142 1072 1206 σίδηρος,
1097 1165 1174 1193 και
1200 1148 1297 1197 τοῖς
1324 1143 1414 1195 ὑπὸ
1443 1142 1587 1207 νόμον
1613 1168 1696 1195 τον

104 1215 366 1282 κολάζοντα
389 1239 598 1284 πρεπων·
641 1221 773 1272 ἀλλὰ
808 1222 979 1292 ψήφῳ,
1006 1222 1129 1275 καθὰ
1162 1247 1440 1291 γεγραπται,
1467 1228 1694 1296 νοουμένῃ
1713 1258 1734 1284 e
1758 1237 1921 1312 {3³10d-1V·

103 1300 167 1350 εἶς
201 1297 350 1350 τύπον
377 1303 610 1366 Χριστοῦ.
666 1302 720 1354 τὸ
760 1327 852 1371 γαρ
892 1306 1166 1372 ἄθραυστόν
1197 1329 1247 1358 τε
1282 1309 1358 1358 καὶ
1397 1308 1592 1374 στερεὸν
1618 1311 1692 1379 ἐφ’
1782 1299 1812 1321 ⁰

37 1392 83 1431 15
104 1378 257 1430 ἅπασι
289 1384 371 1445 τῆς
400 1389 483 1434 τοῦ
513 1388 817 1452 Μονογενοῦς
853 1387 1043 1455 φύσεως
1079 1387 1155 1438 διὰ
1190 1390 1358 1441 τούτου
1393 1413 1689 1455 σημαι.νεται

101 1462 339 1529 τοιγάρτοι
374 1487 451 1515 και
485 1466 732 1531 ἀδάμαντα
766 1467 849 1519 τὸν
874 1469 1139 1536 Χριστὸν
1120 1494 1144 1521 ο
1178 1471 1298 1525 Θεὸς
1333 1496 1407 1523 και
1442 1473 1610 1540 Πατὴρ
1643 1477 1693 1525 ἐν

102 1545 250 1610 ἁγίοις
299 1547 566 1615 προφήταις
616 1550 843 1602 ἀπεκάλει
893 1552 1050 1617 λέγων
1099 1560 1127 1582 “
1152 1552 1275 1604 Ἰδοὺ
1324 1554 1416 1620 ἐγὼ
1466 1555 1689 1608 ἐντάσσω
1752 1556 1859 1632 ἒῇωξ

99 1633 128 1656 “
153 1626 399 1690 ἀδάμαντα
438 1634 500 1684 εἷς
537 1631 689 1694 μέσον
727 1639 847 1684 λαοῦ
886 1657 978 1697 μου
1015 1635 1259 1701 Ἰσραήλ.”
1312 1635 1366 1687 τὸ
1406 1636 1500 1704 γὰρ
1540 1642 1690 1703 μηδα-

97 1708 243 1772 μόθεν
281 1710 414 1762 ε’ίκειν
453 1718 549 1767 τοῖς
590 1715 924 1767 ἀντιπίπτουσι
964 1716 1197 1769 δυ’νασθαι
1235 1718 1320 1779 τὴν
1360 1719 1488 1770 θείαν
1526 1743 1576 1771 τε
1615 1723 1691 1772 καὶ

30 1810 80 1835 20
99 1791 302 1858 ἄῤῥητον
334 1800 416 1844 τοῦ
449 1794 612 1861 Λόγου
647 1797 811 1864 φύσιν,
840 1800 901 1852 ὡς
936 1800 985 1849 ἐν
1017 1798 1233 1866 σχήματι
1267 1800 1417 1852 πάλιν
1448 1803 1472 1852 ὁ
1508 1802 1692 1866 ἀδάμας

98 1874 207 1937 ἡμῖν
233 1876 467 1939 σημαίνει·
509 1879 632 1929 οὕτω
669 1878 716 1930 δὲ
757 1880 866 1944 ἡμῖν
899 1884 974 1932 καὶ
1010 1882 1034 1931 ὁ
1063 1882 1318 1937 θεσπέσιος
1344 1884 1546 1947 Ἰησοῦς,
1573 1885 1690 1949 μετὰ

97 1955 183 2020 τὴν
233 1958 481 2013 Μωυσέως
529 1961 824 2028 στρατηγίαν
868 1965 944 2014 καὶ
996 1961 1081 2027 τὴν
1134 1966 1306 2016 ἐκείνου
1355 1966 1578 2031 τελευτὴν
1627 1972 1728 2022 elya
1758 1983 1843 2018 436
1859 1984 1911 2018 A.

95 2038 348 2104 ἡγεμονίαν
392 2043 692 2106 κεκλημένος,
737 2043 893 2114 ψήφῳ
944 2049 1003 2114 τῇ
1051 2047 1152 2116 θείᾳ
1195 2047 1427 2114 καθαροὺς
1472 2048 1689 2101 ἀπετέλει

95 2119 202 2175 τοῦς
243 2121 365 2177 υἱοὺς
400 2124 617 2190 Ἰσραὴλ,
657 2128 732 2177 καὶ
770 2128 958 2193 ἐπείπερ
997 2131 1080 2192 τῆς
1118 2134 1212 2180 τῶν
1251 2131 1493 2194 πολεμίων
1530 2131 1687 2199 χειρὸς

27 2219 76 2256 25
95 2205 531 2273 κατεξανίστασθαι
575 2211 710 2275 χρῆν,
754 2210 1186 2279 προεξοπλίζεσθαι
1236 2212 1415 2278 τρόπον
1459 2213 1563 2265 τινὰ
1610 2214 1687 2266 διὰ

93 2288 177 2350 τῆς
201 2291 453 2353 περιτομῆς
478 2290 528 2339 εὖ
554 2288 688 2353 μάλα
723 2292 1021 2355 διεκελεύετο,
1049 2295 1135 2362 οὐχ
1169 2294 1335 2360 ἑτέρως
1369 2295 1567 2347 ε”σεσθαι
1602 2303 1686 2348 τοῦ

92 2368 279 2420 πίπτειν
305 2371 520 2432 ἀμείνους
556 2374 631 2423 καὶ
667 2372 872 2425 θανάτου
908 2376 1175 2443 κρείττονας
1209 2375 1316 2430 τοῦς
1355 2377 1473 2429 ὅσον
1503 2379 1683 2431 οὐδέπω

91 2451 386 2518 μαχομένους
420 2454 564 2507 εἰδώς.

1016 2546 1036 2555 Α
1660 2548 1679 2556 Α

167 2534 437 2600 Γεγραπται
479 2534 526 2586 δε
566 2559 712 2591 ουτως
749 2561 855 2605 περι
894 2541 1037 2591 αὐτου
1078 2548 1103 2570 “
1131 2543 1225 2591 Και
1264 2539 1361 2593 εἶπε
1403 2542 1578 2609 Κύριος
1615 2566 1682 2613 τῳ
1741 2545 1860 2629 {03³2

23 2624 73 2660 30
93 2623 120 2645 “
145 2617 308 2680 Ἰησοῦ
357 2618 574 2681 Ποιησον
619 2625 805 2690 σεαυτῷ
851 2644 1086 2689 μαχαιρας
1137 2645 1355 2689 πετρινας
1408 2627 1456 2675 ἐκ
1507 2648 1681 2691 πετρας

91 2705 118 2728 “
145 2699 425 2765 ἀκροτόμου,
453 2701 528 2751 καὶ
556 2702 756 2756 καθίσας
785 2705 1001 2770 περίτεμε
1035 2703 1145 2758 τοὺς
1183 2705 1304 2760 υἱοὺς
1331 2707 1550 2773 Ἰσραήλ.
1604 2711 1679 2760 καὶ
1699 2718 1725 2759 b

138 2848 170 2882 5.
197 2837 248 2871 δεῖ
265 2837 524 2881 ἀναστήσεσθαι
543 2839 619 2874 Cat.
640 2841 696 2876 cit.
715 2842 1007 2887 διαναστήσεσθαι
1025 2843 1092 2878 Ed.
1197 2856 1251 2887 14.
1278 2860 1314 2880 τε
1332 2854 1558 2892 assumptum
1575 2861 1616 2883 ex
1636 2849 1680 2885 B.

94 2885 147 2918 18.
175 2885 222 2919 εἷς
238 2883 363 2930 μέσον]
384 2885 419 2919 ἐν
436 2885 531 2931 μέσῳ
552 2886 593 2920 Β.
614 2888 726 2931 (vat.)
930 2901 985 2935 23.
1013 2890 1137 2936 θει’ᾳ](
1122 2892 1200 2936 αγίᾳ
1222 2892 1263 2926 Β.
1466 2906 1522 2939 27.
1548 2896 1614 2940 χρὴ
1635 2896 1678 2932 Β.

90 2942 147 2975 30.
172 2932 339 2977 μαχαίρας
358 2935 491 2978 σεαυτῷ
510 2933 648 2969 inverso
666 2935 787 2970 ordine
808 2936 849 2971 B.
916 2938 951 2971 ἐκ
968 2938 1092 2981 πέτρας
1109 2938 1355 2985 ἀκροτόμου]’
1337 2944 1535 2986 ακροτόμοις
1554 2943 1596 2978 Β.
