2084 3317
126 147 181 188 iv.
202 161 268 203 35.
371 149 443 189 IN
487 150 528 190 S.
564 150 904 192 JOANNEM.
968 153 1093 194 LIB.
1129 155 1189 197 Π.
1253 157 1386 199 CAP.
1414 160 1465 200 V.
1635 164 1715 203 295

124 254 210 319 τὴν
241 257 435 322 καρδίαν
470 257 630 323 ἑτέραν
663 258 889 328 ὑπάρχειν
924 262 1054 329 παρὰ
1092 262 1176 314 τὸν
1210 266 1259 316 ἐν
1294 264 1422 336 ᾧπερ
1462 270 1598 332 ἐστι;
1644 272 1718 320 καὶ

122 341 221 390 πῶς
256 339 438 392 ἁπλοῦς
474 339 583 403 ἡμῖν
610 340 676 391 ἔτι
711 342 994 407 νοηθήσεται
1023 345 1175 407 Θεός;
1219 348 1386 399 οὐκοῦν
1412 351 1719 417 ἀνθρωπίνως

120 418 206 482 μὲν
231 425 447 471 λαλεῖται
474 420 532 471 τὰ
558 424 664 488 περὶ
687 426 825 474 Θεοῦ·
867 430 1036 477 νοεῖται
1063 427 1112 477 δὲ
1138 429 1298 490 οὕτως,
1322 433 1384 485 ὡς
1411 430 1468 482 ἂν
1495 433 1717 499 ἁρμόττοι
1739 445 1763 484 d

123 504 246 570 Θεῷ,
276 504 353 552 καὶ
387 501 441 553 τὸ
475 503 647 570 μέτρον
678 508 761 569 τῆς
796 506 1022 574 ἡμετέρας
1057 509 1277 575 γλώττης
1310 513 1396 577 τὴν
1426 516 1501 566 ἐπὶ
1538 514 1718 570 πάντας

80 592 101 630 5
123 583 205 633 οὐκ
245 583 457 648 ἀδικήσει
497 585 662 654 φύσιν.
719 588 806 638 κᾶν
842 590 1114 655 εὑρίσκηται
1153 601 1405 660 τοιγαροῦν
1438 597 1463 646 ὁ
1495 597 1622 660 Υἱὸς,
1657 601 1719 651 ὡς

121 665 232 731 περί
261 688 385 719 τινος
419 667 577 733 ἑτέρου
611 668 769 734 λε’γων
803 676 886 721 τοῦ
923 672 1190 737 θελήματος
1225 682 1308 727 τοῦ
1347 678 1551 744 Πατρὸς,
1580 681 1712 731 ἀδια-

123 745 352 814 φορήσεις
390 752 690 812 οἰκονομικῶς
726 755 784 818 τῇ
819 757 913 803 τῶν
939 753 1101 819 λόγων
1127 757 1350 827 ἀσθενείᾳ
1384 764 1630 826 περιτιθεὶς
1664 761 1718 812 τὸ

120 827 186 891 μὴ
223 827 461 881 δύνασθαί
490 853 534 881 τι
569 830 724 897 μεῖῷν
751 837 907 897 εἰπεῖν,
933 835 1049 899 μήτε
1076 835 1171 900 μὴν
1197 839 1361 904 ἑτέρως
1388 846 1719 906 κατασημῆναι

120 909 174 959 τὸ
203 911 508 975 δηλούμενον.
564 935 639 964 και
676 919 824 965 ταῦτα
856 915 940 979 μὲν
967 917 1173 983 εἰρήσθω
1210 921 1359 972 πάλιν
1385 926 1447 976 εἰς
1480 923 1720 994 ἀπόδειξιν

55 1013 101 1037 10
120 998 203 1043 τοῦ
230 997 439 1044 νοεῖσθαι
465 1017 541 1045 και
569 994 757 1060 θελημα
784 1003 867 1048 τοῦ
896 999 1089 1066 Πατρος
1124 1000 1208 1052 τὸν
1234 1002 1364 1054 Υιόν·
1405 1007 1453 1056 ἐν
1478 1008 1537 1056 δε
1564 1029 1617 1071 γε
1654 1012 1721 1058 τῶ

120 1096 407 1144 προκειμενω
442 1077 583 1145 ῥητῷ,
618 1076 764 1144 λόγος
796 1079 882 1142 μὲν
914 1082 1060 1135 οὐδεις
1096 1085 1356 1150 ἀναγκάσει
1394 1086 1569 1156 θελημα.
1605 1094 1760 1140 νοεῖ-0

120 1161 236 1207 σθαι
280 1163 364 1208 τοῦ
409 1158 598 1225 Πατρος
643 1159 726 1211 τὸν
759 1161 890 1224 Υιὸν,
931 1164 1200 1233 ἀδιαφόρως
1240 1167 1289 1218 δὲ
1327 1173 1521 1232 μᾶλλον
1558 1194 1714 1238 παρα-

121 1237 353 1307 δεξόμεθα
377 1238 463 1304 τὴν
489 1242 563 1292 ἐπι
589 1247 685 1296 τοῖς
711 1244 998 1296 ἀπολωλόσι
1026 1247 1212 1312 βουλην
1239 1250 1435 1316 ἀγαθήν.

184 1370 270 1427 Οὐχ
307 1369 426 1421 ὑμεῖς
464 1374 610 1421 λὲΓετε
649 1377 713 1417 ὅτι
751 1376 814 1418 ε’τι
851 1380 1121 1435 τετράμΗνὸε
1161 1381 1249 1423 ἐστι
1288 1383 1356 1423 καὶ
1394 1384 1416 1425 ὁ
1455 1386 1656 1442 Θερισμὸε
1739 1394 1787 1431 35

56 1462 100 1499 15
819 1460 1016 1517 ἔρχεται;

195 1552 398 1621 Δέχεται
430 1554 580 1607 πάλιν
615 1560 698 1607 τοῦ
737 1557 888 1623 λόγου
926 1558 1008 1614 τὰς
1049 1561 1271 1629 ἀφορμὰς
1308 1563 1403 1615 ἀπὸ
1442 1570 1603 1632 καιροῦ
1642 1568 1718 1617 καὶ

120 1635 414 1702 πράγματος,
442 1639 517 1688 καὶ
550 1636 644 1689 ἀπὸ
675 1643 770 1689 τῶν
796 1641 844 1691 ἐν
870 1641 1094 1706 αἰσθήσει
1131 1647 1188 1711 τῇ
1222 1646 1465 1715 παχυτέρα
1501 1670 1712 1711 πνευμα-

121 1722 261 1768 τικῶν
294 1717 610 1784 θεωρημάτων
645 1721 938 1774 ἀναπλάττει
977 1723 1216 1790 διήγησιν.
1273 1725 1370 1793 ὥρα
1408 1729 1494 1792 μὲν
1527 1729 1621 1795 γὰρ
1660 1729 1755 1794 ἧνιι
1788 1746 1871 1782 199
1889 1746 1943 1781 Α.

122 1804 345 1867 χειμῶνος
385 1800 450 1852 ἔτι
487 1801 585 1852 κατ’
613 1803 755 1854 ἐκεῖνο
792 1810 967 1871 καιροῦ,
995 1806 1255 1872 ἀρτιθαλὴς
1292 1808 1342 1859 δὲ
1377 1812 1452 1861 καὶ
1487 1812 1587 1865 νεός
1622 1816 1718 1863 τῶν

53 1902 101 1926 20
122 1881 411 1948 σπερμάτων
451 1884 476 1934 ὁ
521 1883 735 1945 κάλαμος
778 1885 915 1952 μόγις
960 1887 1046 1951 μὲν
1083 1892 1165 1953 τῆς
1211 1891 1413 1957 ἀρούρας
1459 1892 1715 1962 ἐξέφριττε·

122 1969 283 2029 καιροῦ
318 1964 366 2015 δὲ
400 1965 652 2032 τεσσάρων
686 1972 850 2032 μηνῶν
885 1969 1215 2026 διιπεύσαντος
1250 1977 1312 2027 εἰς
1347 1972 1433 2039 τὴν
1467 1981 1551 2026 τοῦ
1589 1977 1716 2043 θερί··

121 2045 278 2112 ζοντος
310 2052 443 2114 χεῖρα
480 2054 733 2101 πεσεῖσθαι
767 2055 1109 2117 προσεδοκᾶτο.
1163 2058 1271 2118 Οὐχ
1301 2059 1425 2124 ὑμεις
1459 2058 1539 2108 οὖν
1567 2063 1720 2127 φησιν

121 2150 164 2178 οι
210 2128 455 2194 ἄνθρωποι
497 2137 618 2197 φατε
668 2131 728 2183 ότι
777 2133 837 2184 ἐτι
881 2133 1139 2204 τετράμηνος
1186 2138 1279 2188 ἐστι
1329 2162 1407 2190 και
1455 2145 1472 2191 o‘
1520 2139 1719 2209 θερισμσς

124 2208 327 2280 ἕρχετοιις

53 2334 100 2371 ²5
130 2335 243 2377 Ἰδοὺ
281 2337 395 2384 λὲΓω
433 2335 527 2386 ὑμῖν
565 2339 756 2396 ἐπάρατε
795 2342 894 2383 τοὺς
932 2343 1186 2400 ὀφθαλμοὺς
1225 2347 1344 2396 ὑμῶν
1384 2348 1453 2389 καὶ
1492 2350 1704 2391 θεάσασθε

383 2420 460 2461 τὰς
497 2421 654 2479 χώρας,
692 2424 757 2466 ὅτι
795 2425 944 2467 λευκαί
982 2425 1063 2469 εἰσι
1100 2429 1208 2485 Πρὸς
1248 2432 1462 2487 θερισμόν.
1737 2436 1765 2477 b

197 2521 460 2574 Τουτέστιν
494 2525 662 2591 ὀλίγον
692 2531 788 2578 τῶν
823 2530 898 2580 ἐπὶ
933 2533 1019 2596 γῆς
1055 2531 1351 2598 πραγμάτων
1382 2532 1464 2584 τὸν
1496 2536 1579 2598 τῆς
1613 2537 1714 2585 δια-

123 2603 247 2658 volas
293 2605 551 2672 ὀφθαλμὸν
595 2608 956 2677 ἀνοχλίσαντες,
995 2612 1078 2663 τὸν
1119 2613 1433 2678 πνευματικὸν
1476 2617 1718 2682 ἐπαθρεῖτε

172 2744 204 2768 2.
229 2733 306 2777 ἡμῖν
323 2741 546 2780 assumptum
565 2748 605 2770 ex
626 2737 667 2772 B.
776 2751 810 2784 3.
836 2741 991 2775 λαλεῖται
1009 2748 1044 2776 et
1062 2742 1279 2785 ἀνθρωπίνως
1295 2743 1386 2777 inter
1404 2755 1440 2777 se
1458 2746 1656 2789 transponit
1675 2746 1718 2781 B.

128 2791 251 2815 10—12.
270 2781 326 2814 Ab
345 2782 424 2815 Υἱὸν
441 2782 482 2815 ad
502 2783 582 2817 Υἶὸν
599 2785 749 2820 transilit
768 2786 809 2820 B.
950 2799 1003 2823 12.
1030 2788 1228 2833 ἀδιαφόρως
1248 2789 1289 2823 Β.
1307 2796 1340 2824 et
1358 2790 1407 2824 sic
1426 2791 1573 2836 conjecit
1592 2792 1625 2826 D
1645 2805 1718 2837 mg.

126 2827 193 2861 Ed.
208 2839 281 2871 mg.
303 2827 477 2873 διαφόρως
496 2828 543 2864 D.
563 2830 629 2864 Ed.
767 2844 820 2875 14.
847 2834 897 2868 ἔτι
914 2842 1136 2880 assumptum
1155 2848 1196 2869 ex
1216 2835 1258 2870 B.
1323 2836 1420 2878 ἐστι;
1448 2838 1501 2871 καὶ
1520 2838 1560 2871 τὰ
1578 2839 1653 2884 εξῆς
1673 2840 1720 2876 D.

130 2886 183 2920 19.
211 2874 336 2908 ἐκείνου
356 2874 398 2908 Β.
589 2888 644 2922 23.
670 2879 760 2924 φατε
780 2880 822 2915 Β.
841 2881 960 2927 λέγετε
980 2881 1046 2916 Ed.
1112 2883 1159 2916 ε’τι
1177 2888 1401 2928 assumptum
1419 2895 1458 2917 ex
1480 2883 1521 2919 B.
1541 2891 1580 2920 ut
1599 2898 1717 2931 supra.

1028 2937 1096 2959 ηΕΤσ

130 2964 184 2998 25.
203 2954 280 2999 ὑμῖν
298 2966 366 2989 om.
385 2954 425 2988 Β.
527 2957 581 2992 28.
600 2957 776 3004 ἐπαθρεῖτε
795 2960 899 2995 edidi.
918 2938 1109 3007 ε’παθρεῖτεε
1115 2962 1157 2996 Β.
1176 2961 1348 3006 ἅνοθρεῖτε
1368 2963 1414 2997 D.
1433 2963 1606 3009 ἅναθρεῖτε
1627 2966 1694 3001 Ed.
