2084 3317
343 159 427 200 602
744 161 795 202 Β.
828 161 1108 203 CYRILLI
1147 162 1531 203 ALEXANDR.
1775 158 1845 198 vii.
1868 156 1932 196 16.

122 267 259 351 {2529
343 264 405 334 μῆ
451 267 738 335 μέμαθηκῶς·
799 270 1046 331 ἐπαιδεύθη
1092 270 1140 321 δὲ
1194 274 1426 334 Μωυσῆς,
1473 269 1595 321 καθὰ
1645 268 1929 333 γέγραπται,

121 352 177 385 vii.
199 361 250 385 ²²·
346 349 532 416 6ίποὶσῃ
577 354 634 416 τῇ
678 354 772 400 τῶν
813 352 1085 415 Αἰγυπτίων
1130 351 1334 420 σοφίᾳ,”
1375 353 1486 402 ἀλλ’
1529 353 1590 404 ὡς
1633 348 1764 400 οὐδὲν
1809 347 1934 399 ὅλως

345 428 488 492 εἰδὼς,
521 432 668 481 καίτοι
708 432 816 481 λίαν
847 430 912 481 ῶν
945 434 994 482 ἐν
1026 434 1212 486 ἐκείνοις
1251 431 1420 501 σοφὸς,
1447 437 1542 485 τοῖς
1581 430 1738 483 θεόθεν
1773 427 1933 493 λόγοις

306 513 408 564 οεὶς
453 511 671 573 ἀμείνονα
711 516 893 577 γνῶσιν
932 513 1209 576 ἐπαιδεύετο,
1248 515 1559 581 ἐλεγχομένης
1600 515 1662 565 ὡς
1704 512 1934 576 ἀδρανοῦς

345 592 564 655 δηλονότι
606 595 688 656 τῆς
731 599 815 643 τοῦ
867 592 1052 657 κόσμου
1096 595 1286 664 σοφίας,
1332 594 1408 645 διὰ
1453 598 1535 658 τῆς
1581 592 1814 658 θειοτέρας
1857 591 1976 642 καὶ5

344 674 618 737 κρείττονος,
659 675 766 725 καθ’
807 673 864 738 ἢν
903 675 1006 739 ἤτοι
1045 676 1101 726 δι’
1136 676 1191 740 ἧς
1229 675 1288 726 τὰ
1326 678 1400 728 ἐπὶ
1438 679 1640 744 Χριστῷ
1676 694 1933 737 μυσταγω-

342 753 567 818 γούμεθα,
612 752 698 818 τὴν
747 755 926 806 ἄνωθεν
977 755 1123 810 ὅντως
1172 759 1249 807 καὶ
1298 757 1428 823 παρὰ
1478 761 1604 808 Θεοῦ
1653 752 1934 820 κομιζόμεθα

342 834 556 885 σύνεσιν.
612 835 827 902 Χριστὸς
862 838 944 888 οὖν
979 838 1071 904 οἷ’ρα
1109 836 1163 889 τὸ
1202 841 1250 889 ἐν
1282 843 1404 890 πᾶσι
1439 840 1627 892 τελείως
1662 835 1857 902 ἀγαθὸν,
1885 834 1934 886 ἓν

343 916 391 967 δὲ
442 921 536 968 τῶν
580 915 773 968 πάντων
817 920 894 969 καὶ
945 919 973 983 ἡ
1024 921 1178 987 σοφία
1229 923 1304 971 καὶ
1354 922 1382 985 ἡ
1434 920 1642 983 σύνεσις,
1686 919 1758 987 ἐφ’
1805 915 1835 985 ᾗ
1878 915 1934 967 τὸ

342 997 567 1065 λαμπρὸν
592 1000 646 1049 οὐ
681 1002 922 1062 διδακτῶς,
951 1000 1063 1051 ἀλλ’
1092 1002 1304 1071 ἔμφυτον
1330 1002 1450 1069 ἔχων
1478 1007 1660 1053 νοεῖται.
1711 1002 1786 1051 καὶ
1816 1003 1933 1064 γοῦν
1957 1017 2006 1043 10

120 1085 246 1159 {362aess
343 1081 368 1130 ὁ
405 1080 656 1148 προφήτης
692 1104 785 1132 που
823 1084 928 1148 περὶ
968 1083 1110 1134 αὐτοῦ
1147 1087 1300 1152 φησιν
1325 1083 1534 1138 Ἠσαίας
1560 1082 1721 1133 “”Ὀτι
1758 1083 1869 1147 πρὶν
1903 1078 1933 1143 ἢ

164 1152 170 1159 ⁸
343 1168 371 1191 ‘⁴
395 1166 571 1227 γνῶναι
613 1161 668 1213 τὸ
709 1165 896 1214 παιδίον
935 1163 1086 1215 καλὸν
1124 1163 1152 1229 ἦ
1197 1164 1355 1228 κακὸν,
1394 1167 1577 1216 ἀπειθεῖ
1610 1163 1811 1231 πονηρίᾳ
1849 1164 1933 1211 τοῦ

344 1251 370 1272 “
396 1243 686 1311 ἐκλέξασθαι
723 1242 777 1295 τὸ
817 1244 1045 1310 ἀγαθόν.”
1087 1248 1161 1296 καὶ
1201 1248 1255 1297 οὐ
1294 1246 1444 1311 δήπου
1483 1250 1730 1311 νομιοῦμεν
1762 1242 1934 1312 ἀφραί-

297 1338 514 1387 ᾶνοντες,
567 1327 628 1380 ὡς
683 1326 731 1376 ἐν
783 1328 1013 1393 διακρίσει
1069 1332 1335 1393 λογισμῶν,
1386 1328 1489 1392 ἤτοι
1546 1326 1666 1379 κατὰ
1715 1325 1801 1390 τὴν
1850 1329 1934 1375 τοῦ

341 1406 586 1467 βελτίονος
617 1407 798 1472 αἵρεσιν
826 1406 880 1458 τὸ
917 1407 1004 1471 μὲν
1029 1412 1218 1477 φαῦλον
1246 1409 1597 1475 ἀποτρέπεσθαι
1631 1406 1683 1459 τὸ
1718 1406 1775 1472 δὴ
1809 1403 1933 1457 θεῖόν
1957 1422 2005 1461 15

341 1509 391 1538 τε
422 1489 499 1538 καὶ
525 1487 739 1554 οὐράνιον
765 1490 990 1553 γέννημα,
1018 1491 1307 1557 προσίεσθαι
1343 1489 1393 1541 δὲ
1427 1496 1617 1554 μᾶλλον
1641 1489 1695 1540 τὸ
1731 1487 1930 1554 ἀγαθόν·

341 1569 451 1619 ἀλλ’
481 1567 644 1636 ὥσπερ
681 1569 738 1620 ἂν
765 1571 808 1621 εἴ
835 1594 905 1625 τις
940 1571 1070 1638 λε’γοι
1106 1574 1211 1640 περὶ
1246 1578 1329 1623 τοῦ
1364 1571 1525 1638 πυρὸς,
1552 1572 1624 1624 ὅτι
1658 1574 1840 1623 ἀπειθεῖ
1868 1572 1935 1639 τῷ

340 1654 531 1720 ψυχρῷ,
559 1652 613 1702 τὸ
653 1650 767 1703 εἶναι
807 1656 1011 1721 ψυχρῶν
1041 1654 1095 1705 οὐ
1130 1654 1517 1722 καταδεχόμενον,
1545 1655 1632 1721 οὐχ
1672 1654 1855 1719 αἵρεσιν
1885 1654 1935 1703 ἐν

341 1733 468 1802 αὐτῷ
492 1732 578 1797 τὴν
602 1735 652 1784 ἐκ
679 1734 960 1798 θελημάτων
986 1736 1221 1800 σημαίνει,
1242 1736 1433 1806 φύσεως
1461 1736 1508 1787 δὲ
1531 1741 1722 1800 μᾶλλον
1748 1737 1928 1801 ἑδραιο-

340 1813 487 1879 τάτην
513 1819 575 1869 εἷς
614 1814 668 1867 τὸ
707 1816 824 1867 ’ίδιον
855 1816 1051 1868 στάσιν·
1096 1818 1218 1869 οὕτω
1257 1819 1333 1868 καὶ
1367 1819 1442 1869 ἐπὶ
1468 1821 1698 1884 Χριστοῦ.
1750 1815 1933 1885 φυσικὰ
1954 1838 2006 1863 20

341 1894 436 1960 γὰρ
462 1897 510 1946 ἐν
537 1900 644 1966 Θεῷ
670 1897 828 1948 πάντα
856 1897 915 1949 τὰ
947 1898 1117 1965 ἀγαθὰ,
1146 1901 1222 1950 καὶ
1259 1900 1342 1950 οὐκ
1377 1899 1549 1968 ἔξωθεν
1574 1899 1930 1965 ἐπεισκρίνεται·

303 1978 464 2028 θοῧτω
503 1978 552 2029 δὲ
590 1978 648 2043 ἧν
686 1981 734 2030 ἐν
772 1981 898 2049 αὐτῷ
937 1982 1012 2032 καὶ
1051 1981 1080 2044 ἡ
1119 1982 1286 2049 σοφία,
1319 1986 1512 2044 μᾶλλον
1548 1981 1597 2032 δὲ
1636 1980 1774 2035 αὐτὸς
1813 1980 1870 2046 ἦν
1904 1980 1933 2044 ἡ

341 2058 473 2124 πηγὴ
500 2061 667 2126 κυρίως
693 2083 743 2112 τε
779 2064 854 2112 καὶ
887 2064 1041 2116 ἱδικῶς
1074 2063 1241 2130 σοφία,
1270 2064 1324 2113 δι’
1353 2063 1407 2127 ἧς
1431 2063 1491 2113 τὰ
1517 2065 1566 2114 ἐν
1589 2062 1771 2132 μεθέξει
1796 2060 1935 2131 σοφὰ

343 2140 465 2192 κατὰ
489 2143 643 2209 μερος,
671 2141 864 2210 οὐράνιά
889 2165 938 2194 τε
964 2146 1041 2194 καὶ
1065 2145 1244 2210 ἐπίγεια
1269 2143 1443 2211 λογικὰ
1469 2145 1721 2208 κτίσματα.

280 2303 327 2340 16
359 2301 595 2360 ἈΠεκρίθΗ
628 2303 797 2346 ἸΗσοῡο
836 2302 900 2345 καὶ
939 2299 1058 2346 εἶπεν
1096 2301 1242 2346 αὐτοῖς
1272 2304 1327 2346 Ἠ
1367 2305 1446 2354 ἐμὲ
1487 2304 1636 2362 διδαχή
1675 2305 1751 2347 οὐκ
1787 2303 1902 2347 ἔστιν
1954 2322 2003 2362 25

759 2386 855 2438 ἐμὲ,
892 2386 1005 2429 ἀλλὰ
1044 2390 1117 2429 τοῦ
1156 2388 1406 2439 Πέμψαντόε
1443 2403 1511 2438 με.

417 2492 623 2557 Ἀληθές
659 2492 806 2548 ὅντως
845 2493 1059 2562 ὑπάρχον
1090 2493 1144 2546 τὸ
1183 2494 1274 2547 ὑπό
1309 2519 1392 2547 του
1426 2500 1522 2548 τῶν
1551 2500 1724 2566 σοφῶν
1755 2497 1926 2562 ἀναγε-

121 2575 197 2650 {gp
215 2575 235 2607 i·
253 2581 281 2616 7·
343 2574 616 2641 γραμμένον
643 2574 904 2643 εὑρήσομεν
931 2583 957 2607 “
976 2575 1093 2628 “On
1122 2582 1306 2642 πνεῦμα
1334 2578 1511 2645 Κυρίου
1536 2577 1818 2644 πεπλήρωκε
1847 2576 1934 2642 τὴν

392 2729 426 2763 3.
452 2719 559 2753 καίτοι
575 2719 654 2754 λίαν
671 2719 733 2766 ὢν]
754 2721 807 2755 καὶ
824 2722 863 2755 τὸ
879 2721 958 2757 λίαν
975 2721 1019 2757 ὣς
1038 2721 1080 2756 Β.
1290 2734 1322 2768 7.
1350 2723 1553 2768 κομιζόμεθα
1572 2723 1613 2757 Β.
1633 2724 1844 2767 κομιζόμενοι
1863 2722 1931 2757 Ed.

348 2776 401 2800 11.
427 2780 493 2800 που
511 2772 736 2812 assumptum
752 2779 794 2802 ex
813 2767 856 2803 Β.
991 2779 1045 2804 12.
1070 2769 1200 2813 πονηρὰ
1218 2769 1259 2804 Β.
1400 2781 1453 2815 13.
1479 2771 1517 2804 τὸ
1534 2776 1757 2814 assumptum
1775 2781 1817 2804 ex
1838 2769 1930 2803 B.D.

346 2820 401 2856 15.
428 2812 468 2856 δὴ
487 2823 557 2846 om.
577 2813 620 2846 B.
748 2814 801 2848 16.
828 2829 863 2848 τε
882 2826 952 2849 orn.
973 2814 1016 2849 B.
1141 2824 1193 2860 17.
1219 2815 1357 2861 λέγοιτο
1378 2817 1419 2851 Β.
1544 2817 1598 2851 18.
1623 2817 1765 2862 ψυχρὸν
1783 2817 1933 2850 correxit

342 2864 434 2892 recte
452 2865 492 2892 ut
509 2858 580 2894 vid.
599 2859 735 2905 Migne.
798 2861 833 2895 ἐν
850 2872 921 2895 om.
942 2861 984 2895 B.
1128 2872 1183 2896 22.
1210 2862 1244 2897 ἐν
1261 2875 1332 2899 om.
1353 2863 1396 2898 B.
1541 2874 1597 2908 23.
1623 2862 1739 2907 crotpcz]
1759 2864 1869 2906 σοφοῖ
1887 2862 1931 2896 Β.

345 2912 401 2948 27.
427 2906 465 2938 τὸ
483 2905 548 2940 ὑπό
565 2920 625 2941 του
642 2910 707 2942 τῶν
725 2906 864 2953 σοφῶν]
885 2909 984 2942 τοῦτό
1001 2922 1067 2942 που
1085 2909 1206 2954 σοφῶς
1225 2909 1267 2944 Β.
1458 2910 1515 2945 28.
1540 2905 1744 2955 εὑρήσομεν]
1765 2908 1932 2953 νοήσωμεν

344 2951 398 2985 καὶ
415 2950 604 2996 εὑρήσομεν
622 2952 664 2989 Β.
730 2953 874 3000 Κυρίου]
895 2956 1048 2999 Χριστοῦ
1067 2954 1109 2990 Β.
