2084 3317
118 1067 223 1098 Amos
240 1078 270 1098 v.

121 1119 178 1140 21-
188 1120 237 1150 23·

118 1477 226 1516 Supra
237 1475 280 1505 iv.

120 1529 157 1558 24
164 1543 171 1551 .

342 144 425 182 588
745 142 795 182 B.
829 141 1103 182 CYRILLI
1144 141 1524 182 ALEXANDR.
1795 137 1867 178 vii.
1887 137 1924 176 8.

343 249 495 318 θέξων
524 250 708 304 ἐκείνοις
742 253 825 314 τῆς
859 252 906 301 ἐν
942 254 1097 304 σκιαῖς
1132 250 1362 312 εὐθυμίας.
1417 247 1471 300 τὸ
1506 247 1599 315 γὰρ
1633 247 1768 316 ἅπαξ
1797 251 1921 313 εἰρη-

342 332 497 395 μένον,
537 334 599 386 ὡς
637 331 756 399 πρὸς
793 333 1004 397 ὀλίγους,
1043 333 1193 382 καίτοι
1232 330 1541 395 νομισθέντας
1580 328 1830 398 ἀδελφοὺς,
1865 332 1928 382 εἰς

343 413 460 465 ὅλον
487 413 676 478 δυνάμει
710 416 1029 480 διαδραμεῖται
1061 412 1116 464 τὸ
1152 413 1286 479 γένος
1322 411 1376 464 τὸ
1409 413 1467 481 ἐξ
1487 411 1704 478 Ἰσραήλ.
1756 412 1809 461 οὐ
1835 409 1928 476 γὰρ

343 494 400 559 δή
435 519 505 550 τις
540 498 636 562 ἐρεῖ
669 495 723 546 τὸ
759 500 968 547 συνεῖναι
1003 500 1099 548 τοῖς
1131 497 1359 564 ἀδελφοῖς
1394 495 1448 545 δι’
1477 493 1644 547 αὐτούς
1677 515 1731 557 γε
1762 492 1929 558 κυρίως

341 581 675 644 παραιτεῖσθαι
709 576 793 628 τὸν
815 578 1020 642 Ἰησοῦν,
1048 579 1111 631 ὡς
1146 575 1194 627 δὲ
1229 579 1305 627 καὶ
1340 576 1499 627 συνὼν
1525 577 1574 627 ἐν
1599 579 1658 642 τῇ
1691 573 1929 642 Γαλιλαίᾳ
1949 589 1972 628 5

343 659 577 727 φαίνεται·
620 660 941 724 ὑποτοπητεόν
965 657 1027 721 δὲ,
1056 658 1127 709 ὅτι
1164 661 1238 709 καὶ
1274 659 1357 709 οὐκ
1392 657 1485 709 ἀπὸ
1519 663 1704 709 σκοποῦ
1737 656 1813 707 διὰ
1843 654 1930 720 τὴν

342 747 426 791 τοῦ
468 741 628 807 γε’νους
669 747 752 792 τοῦ
797 740 918 792 κατὰ
965 740 1124 807 σάρκα
1167 740 1299 807 παρὰ
1343 745 1547 793 πολλοῖς
1592 739 1813 790 ὑπόνοιαν
1853 739 1931 788 καὶ

343 822 561 885 ὁμέστιος
613 822 684 887 ἧν.
755 823 998 890 πρόδηλον
1042 823 1142 885 οὖν,
1193 821 1264 873 ὅτι
1310 821 1520 888 καθάπερ
1563 823 1611 871 ἐν
1654 821 1787 890 τύπῳ
1834 825 1930 873 τοῖς

343 906 571 973 ἀδελφοῖς
623 905 739 970 ὅλης
790 909 873 970 τῆς
923 904 1162 956 Ἰουδαίων
1212 904 1428 969 πληθύος
1480 903 1830 973 εἶσφερομένης,
1875 901 1930 953 τὸ

343 986 667 1054 συνεορτάζειν
698 988 854 1040 αὐτοῖς
891 987 1152 1054 ἀποφεύγει
1187 986 1414 1052 Χριστὸς,
1442 985 1561 1037 κατὰ
1599 986 1652 1037 τὸ
1692 984 1932 1052 εἰρημένον

344 1070 398 1120 δι’
440 1067 541 1122 ἑνὸς
580 1073 674 1119 τῶν
713 1070 863 1134 ἁγίων
902 1073 1167 1138 προφητῶν
1208 1069 1534 1132 ι(Μεμίσηκα,
1574 1070 1802 1130 ἀπῶσμαι
1847 1065 1932 1119 τὰς

344 1157 370 1180 “
397 1150 562 1216 ἑορτὰς
599 1152 741 1215 ὑμῶν,
776 1153 851 1202 καὶ
891 1152 945 1201 οὐ
983 1150 1048 1215 μὴ
1087 1152 1352 1219 ὀσφρανθῶ
1391 1152 1439 1200 ἐν
1473 1154 1573 1203 ταῖς
1607 1148 1933 1214 πανηγύρεσιν

343 1239 369 1262 “
397 1234 542 1296 ὑμῶν·
611 1233 728 1283 διότι
779 1235 854 1284 καὶ
907 1232 987 1283 ἐὰν
1037 1233 1258 1298 ἐνέγκητέ
1301 1255 1381 1296 μοι
1433 1231 1807 1293 ὁλοκαυτώματα
1856 1232 1933 1280 καὶ

344 1322 371 1344 “
395 1315 578 1377 θυσίας,
624 1316 678 1365 οὐ
717 1314 1046 1383 προσδέξομαι
1090 1314 1223 1377 αὐτὰ,
1265 1316 1340 1365 καὶ
1386 1314 1623 1380 σωτηρίου
1663 1313 1933 1381 ἐπιφανείας

344 1404 370 1426 “
396 1398 526 1461 ὑμῶν
552 1398 635 1448 οὐκ
669 1397 1012 1464 ἐπιβλέψομαι·
1056 1396 1364 1459 μετάστησον
1397 1397 1475 1447 ἀπ’
1503 1397 1615 1459 ἐμοῦ
1650 1394 1768 1462 ἦχον
1799 1393 1933 1464 ᾠδῶν

343 1486 371 1508 “
398 1501 505 1542 σου,
531 1480 607 1529 καὶ
634 1478 838 1548 ψαλμὸν
865 1477 1081 1545 ὀργάνων
1107 1501 1199 1530 σου
1225 1479 1309 1529 οὐκ
1336 1477 1646 1541 ἀκούσομαι·”
1689 1483 1715 1505 “
1735 1479 1934 1539 Πνεῦμα

302 1568 370 1601 θ“
397 1559 490 1627 γὰρ
530 1562 555 1611 ὁ
593 1560 729 1624 Θεὸς,
765 1563 840 1611 καὶ
880 1559 987 1613 τοὺς
1025 1566 1413 1627 προσκυνοῦντας
1451 1559 1593 1611 αὐτὸν
1625 1560 1673 1610 ἐν
1704 1557 1936 1622 πνεύματι

343 1652 370 1674 “
397 1645 472 1694 καὶ
500 1644 702 1712 ἀληθείᾳ
728 1646 800 1694 δεῖ
821 1643 1146 1710 προσκυνεῖν,”
1177 1641 1298 1693 κατὰ
1324 1640 1410 1706 τὴν
1436 1642 1577 1693 αὐτοῦ
1604 1646 1687 1692 τοῦ
1713 1642 1934 1706 Σωτῆρος

343 1724 525 1793 φωνήν.
575 1724 802 1793 ὑπάρχων
826 1724 874 1776 δὲ
899 1730 1099 1789 πνεῦμα,
1124 1728 1458 1788 πνευματικαῖς
1484 1722 1542 1774 ἂν
1569 1722 1755 1776 εἰκότως
1781 1726 1935 1785 τιμαῖς

343 1809 419 1858 καὶ
452 1807 766 1874 δωροφορίαις
798 1806 1032 1877 ἐφήδοιτο,
1059 1805 1124 1857 ῶν
1150 1809 1225 1857 καὶ
1253 1810 1315 1859 εὶς
1339 1805 1489 1857 τύπον
1516 1803 1592 1855 διὰ
1625 1807 1707 1869 τῆς
1743 1807 1934 1868 νομικῆς

343 1890 538 1953 ἐντολῆς
578 1890 834 1950 βουθυσίαι
873 1912 922 1940 τε
962 1891 1038 1940 καὶ
1077 1889 1428 1957 μηλοσφαγίαι,
1463 1889 1540 1939 καὶ
1578 1887 1780 1949 λιβάνου
1816 1885 1937 1953 πρὸς

344 1969 540 2033 τούτοις,
579 1971 875 2034 σεμιδάλεώς
920 1993 969 2021 τε
1014 1973 1089 2021 καὶ
1132 1969 1259 2021 οἴνου
1301 1972 1378 2020 καὶ
1418 1970 1579 2020 ἐλαίου
1618 1969 1937 2035 προσκομιδαὶ

345 2053 640 2119 τεταγμένως
680 2053 904 2118 ἐγίνοντο,
942 2051 996 2103 τὸ
1035 2050 1278 2105 πολυειδὲς
1320 2054 1404 2115 τῆς
1443 2052 1610 2117 ἀρετῆς
1650 2055 1744 2102 τῶν
1782 2072 1937 2115 προσ-

347 2134 611 2185 κυνούντων
648 2136 697 2185 ἐν
731 2134 963 2198 πνεύματι
1002 2135 1056 2184 δι’
1091 2132 1456 2202 ἐμφανεστέρων
1490 2131 1753 2200 σχημάτων
1790 2155 1934 2183 κατα-

346 2215 627 2281 μηνύουσαι.
668 2219 791 2284 ὑμεῖς
821 2221 1086 2283 τοιγαροῦν,
1116 2219 1280 2283 φησὶν,
1309 2218 1350 2265 οἱ
1382 2213 1468 2279 τὴν
1495 2215 1637 2265 σκίαν
1661 2217 1938 2280 ἀγαπῶντες

347 2298 427 2361 ἔτι,
466 2296 734 2365 παχύτερόν
771 2320 821 2348 τε
861 2300 936 2349 καὶ
973 2299 1239 2351 Ἰουδαϊκῶς
1277 2298 1554 2360 διακείμενοι
1591 2297 1697 2363 περὶ
1736 2295 1934 2359 τούτων,

125 2398 214 2432 402
229 2397 281 2431 A.
309 2379 545 2441 ἃάνάβητε
579 2378 699 2447 πρὸς
732 2378 819 2444 τὴν
849 2380 898 2430 ἐν
927 2384 1082 2433 σκιαῖς
1120 2381 1195 2430 καὶ
1230 2379 1393 2433 τύποις
1426 2377 1706 2445 πανήγυριν·
1756 2379 1857 2442 ἐμοὶ
1890 2375 1938 2428 δὲ

349 2463 437 2530 οὐχ
472 2464 619 2516 οὕτως
652 2461 882 2529 ἑορτάζειν
909 2461 1011 2525 ἡδύ·
1056 2460 1175 2527 πρὸς
1200 2462 1358 2522 ταύτην
1384 2461 1467 2512 οὐκ
1501 2460 1651 2524 ἄνειμι
1688 2458 1755 2520 τὴν
1782 2457 1936 2526 ἑορτὴν,

348 2543 435 2608 τὴν
473 2545 520 2595 ἐν
558 2543 692 2614 τύπῳ
731 2543 951 2608 δηλονότι
989 2545 1063 2595 καὶ
1103 2542 1331 2611 σχήματι·
1380 2542 1472 2611 ε”χω
1511 2541 1604 2609 γὰρ
1642 2543 1691 2593 ἐν
1729 2542 1846 2609 αὐτῇ
1883 2538 1939 2592 τὸ

399 2754 431 2784 4.
457 2740 605 2776 συνιέναι
626 2741 667 2775 Β.
741 2740 862 2776 αὐτούς
879 2739 936 2787 γε]
957 2741 1059 2775 αὐτοῦ
1077 2742 1115 2774 τό
1133 2755 1172 2785 γε
1193 2739 1234 2773 Β.
1521 2748 1553 2782 5.
1580 2739 1623 2774 ὡς
1641 2738 1677 2771 δέ
1697 2737 1739 2772 Β.
1758 2736 1795 2773 ὅς
1812 2751 1851 2783 γε
1870 2735 1938 2771 Ed.

351 2817 384 2850 9.
409 2798 574 2840 Ἰουδαίῗίἕ
594 2805 635 2839 Β.
703 2804 828 2839 Statim
846 2803 998 2848 πληθύος
1016 2809 1239 2848 assumptum
1257 2816 1298 2837 ex
1320 2802 1361 2837 B.
1536 2813 1589 2844 14.
1616 2801 1738 2836 θυσίας
1756 2800 1798 2834 Β.
1817 2800 1940 2834 θυσίαν

352 2852 417 2885 Ed.
438 2851 651 2897 (Complut.)
766 2851 818 2886 16.
845 2852 989 2896 ψαλμὸν
1010 2851 1050 2887 Β.
1068 2851 1220 2896 ψαλμῶν
1239 2850 1304 2884 Ed.
1325 2849 1414 2893 (26.)
1525 2859 1582 2883 20.
1607 2847 1836 2892 δωροφορίαις
1853 2845 1938 2891 ἐφή-

351 2897 461 2943 δοιτο]
482 2898 705 2943 δορυφορίαις
723 2898 888 2955 ἐφῂλοιτο
908 2898 949 2932 Β.
1086 2908 1140 2932 21.
1167 2896 1350 2939 βουθυσίαι
1368 2911 1403 2931 τε
1422 2897 1474 2930 καὶ
1491 2895 1732 2941 μηλοσφαγίαι
1753 2894 1794 2928 Β.
1812 2893 1938 2935 βουθυ-

352 2946 429 2980 σίας
446 2961 481 2979 τε
500 2947 551 2979 καὶ
570 2947 817 2991 μηλοσφαγιας
836 2945 902 2980 Ed.

1955 1004 2002 1029 10

1958 1824 2006 1850 20

1959 2233 2007 2272 25
