2084 3317
135 499 195 529 Sir.
215 498 260 529 iii.

138 551 188 578 21,
205 552 253 573 22.

135 672 222 707 447
236 672 287 706 A.

134 739 222 770 Heb.
242 740 286 770 xi.

133 1068 189 1099 ΕΒ.
206 1067 264 1098 liii.

133 1968 186 1999 Es.
200 1968 255 1999 vii.

137 2021 186 2051 14.

134 2056 215 2086 Mic.
228 2065 259 2086 v.

318 681 339 705 a

310 1327 336 1367 b

359 145 442 184 654
762 146 812 186 B.
846 145 1123 186 CYRILLI
1165 144 1544 185 ALEXANDR.
1791 142 1860 183 vii.
1881 152 1945 193 27.

360 255 509 313 Υἱοῦ;
549 252 735 318 ἢποῖος
761 254 851 320 ἄρα
889 258 995 307 νοῦς
1030 254 1113 304 οὐκ
1147 253 1367 315 ἀτονήσει
1403 252 1522 317 πρὸς
1554 257 1723 312 τοῦτο;
1769 250 1840 300 ὅτι
1864 249 1950 312 μὲν

361 333 455 400 γὰρ
493 335 717 401 ἐγεννήθη
755 334 886 401 παρὰ
925 339 1051 386 Θεοῦ
1090 336 1165 385 καὶ
1208 334 1399 400 Πατρὸς
1438 334 1578 397 ἴσμεν
1612 355 1661 384 τε
1700 333 1776 383 καὶ
1813 353 1950 383 πεπι-

359 415 638 480 στεύκαμεν·
685 417 739 468 τὸ
778 416 827 467 δὲ
864 421 979 479 πῶς,
1015 416 1197 475 ἄβατον
1232 414 1350 466 εἶναι’
1387 420 1545 484 φαμεν
1582 415 1723 466 παντὶ
1762 417 1840 482 νῷ,
1874 416 1950 464 καὶ

359 497 742 566 σφαλερωτάτην
787 499 878 565 ἔχει
923 497 1008 561 τὴν
1052 497 1286 558 βάσανον.
1354 500 1424 547 δεῖ
1463 495 1556 562 γὰρ
1601 495 1840 560 βαθύτερα
1882 492 1949 559 μὴ

360 579 522 645 ζητεῖν,
544 581 660 645 μηδὲ
686 578 914 649 ἐξετάζειν
940 579 999 630 τὰ
1024 579 1348 646 χαλεπώτερα,
1371 581 1658 629 διανοεῖσθαι
1684 576 1733 628 δὲ
1759 581 1950 640 μᾶλλον
1968 589 1990 628 5

360 660 391 712 ἃ
422 661 833 727 προστετάγμεθα,
862 663 937 712 καὶ
971 660 1210 712 πιστεύειν
1240 659 1325 722 μὲν
1356 661 1410 710 οὐ
1445 659 1808 722 σεσαλευμένως
1845 660 1951 724 περὶ

361 747 486 793 Θεοῦ
513 750 541 773 “
561 743 631 794 ὅτι
658 767 707 794 τε
738 743 841 793 ε”στι
868 742 965 793 κατ’
996 741 1221 806 ἀλήθειαν
1248 743 1324 792 καὶ
1356 747 1452 795 τοῖς
1486 741 1731 807 ἐκζητοῦσι
1766 744 1947 802 μισθα-

360 831 388 853 “
414 823 618 889 ποδότης
644 824 861 890 γίνεται·”
916 823 1065 889 ζητεῖν
1092 823 1139 875 δὲ
1166 823 1329 886 οὐκέτι,
1357 822 1476 874 κατὰ
1512 821 1567 873 τὸ
1602 820 1947 888 γεγραμμένον,

359 905 417 956 τὰ
444 906 559 973 ὑπὲρ
585 912 694 957 νοῦν
720 910 795 957 καὶ
831 906 1081 975 φρόνησιν,
1109 907 1162 956 οὐ
1197 904 1343 968 μόνον
1370 904 1455 968 τὴν
1482 906 1532 955 ἐν
1557 904 1680 969 ἡμῖν,
1708 902 1838 954 ἀλλὰ
1875 904 1951 953 καὶ

359 988 443 1052 τὴν
475 990 523 1039 ἐν
559 989 649 1057 ὅλῃ
689 993 746 1057 τῇ
783 987 1002 1053 ualerem>
1040 990 1114 1039 καὶ
1154 989 1202 1038 ἐν
1233 989 1374 1039 παντὶ
1413 986 1710 1055 πεποιημένῳ
1751 987 1944 1054 λογικῷ.
1973 1007 2020 1032 10

358 1071 426 1124 τίς
476 1072 557 1122 οὖν
601 1073 693 1137 ἄρα
744 1075 826 1122 τοῦ
876 1073 1181 1135 Μονογενοῦς
1226 1076 1252 1098 “
1279 1068 1364 1132 τὴν
1412 1067 1579 1133 γενεὰν
1624 1067 1946 1136 ἐξηγήσεται,

361 1160 387 1183 “
414 1154 590 1219 αἴρεται
626 1151 719 1219 γὰρ
755 1152 848 1204 ἀπὸ
887 1154 969 1215 τῆς
1003 1154 1092 1217 γῆς
1128 1152 1156 1215 ἡ
1193 1149 1284 1217 ζωὴ
1322 1149 1506 1213 αὐτοῦ,”
1534 1149 1791 1211 τουτέστιν,
1819 1150 1947 1216 ὑψη-

359 1236 550 1302 λότερος
571 1236 794 1286 ἁπάντων
814 1238 907 1284 τῶν
928 1233 1077 1285 ὅντων
1097 1235 1172 1284 ἐπὶ
1199 1236 1281 1296 τῆς
1310 1235 1395 1298 γῆς
1423 1233 1447 1283 ὁ
1467 1234 1572 1297 περὶ
1598 1235 1682 1295 τῆς
1708 1229 1953 1299 ὑπάρξεως

358 1318 499 1368 αὐτοῦ
536 1317 749 1386 φαίνεται
784 1315 943 1382 λόγος.
999 1314 1120 1382 ζωὴν
1146 1314 1239 1381 γὰρ
1266 1313 1414 1366 πάλιν
1441 1313 1602 1365 ἐνθάδε
1636 1312 1721 1377 τὴν
1749 1311 1953 1381 ὕπαρξιν

359 1399 502 1465 λέγει.
1974 1416 2022 1454 15

432 1486 589 1533 Τοῦτο
627 1480 710 1532 τὸν
748 1480 979 1531 ἀσύνετον
1017 1483 1111 1530 τῶν
1140 1479 1381 1530 Ἰουδαίων
1420 1477 1676 1547 ἀπέσφηλε
1719 1482 1843 1539 νοῦν,
1877 1478 1954 1527 καὶ

359 1562 725 1627 ἀπεβουκόλησέ
762 1585 861 1616 πως
901 1565 984 1625 τῆς
1025 1563 1233 1626 ἀληθοῦς
1277 1563 1350 1612 ἐπὶ
1386 1563 1588 1629 Χριστῷ
1629 1559 1948 1624 διαγνώσεως.

357 1647 410 1697 οὐ
449 1645 542 1712 γὰρ
581 1645 845 1709 ἐνενόησαν,
884 1646 945 1697 ὡς
983 1642 1115 1706 εἰκὸς,
1154 1643 1225 1694 ὅτι
1264 1645 1460 1697 διπλοῦς
1498 1640 1629 1707 παρὰ
1667 1645 1763 1694 τοῖς
1802 1640 1951 1706 ἁγίοις

357 1728 624 1796 προφήταις
656 1729 681 1778 ὁ
715 1728 821 1792 περὶ
858 1727 1001 1777 αὑτοῦ
1035 1724 1182 1791 λόγος
1217 1725 1493 1791 εὑρίσκεται.
1547 1723 1623 1774 ὅτε
1649 1722 1735 1787 μὲν
1761 1720 1856 1789 γὰρ
1881 1720 1952 1773 ὅτι

356 1810 590 1876 παρέσται
628 1808 746 1873 μετὰ
785 1806 963 1874 σαρκὸς
1004 1809 1053 1858 ἐν
1092 1810 1210 1876 τῷδε
1250 1811 1317 1875 τῷ
1356 1807 1447 1876 βίῳ
1489 1805 1793 1870 σημαίνουσι,
1833 1802 1953 1854 κατὰ
1974 1826 2023 1852 20

357 1892 516 1958 σάρκα
542 1890 752 1961 φανερὰν
779 1891 921 1941 αὐτοῦ
947 1893 1216 1941 καθιστῶσι
1239 1887 1326 1952 τὴν
1352 1890 1401 1939 ἐκ
1435 1887 1673 1954 παρθένου
1711 1887 1950 1952 γέννησιν·

360 1981 385 2003 “
410 1973 533 2025 Ἰδοὺ
571 1972 665 2039 γὰρ
706 1973 732 2036 ἡ
769 1973 1001 2038 παρθένος
1040 1973 1087 2021 ἐν
1121 1973 1298 2037 γαστρὶ
1338 1970 1443 2038 ἕξει,
1475 1971 1552 2020 καὶ
1592 1969 1772 2037 τέξεται
1812 1966 1951 2019 υἱόν.”

359 2055 491 2106 ἀλλὰ
541 2057 615 2106 καὶ
663 2054 771 2106 ὅποι
818 2053 1103 2120 τεχθήσεται
1148 2053 1434 2119 κηρύττουσι
1479 2055 1652 2119 σαφῶς
1693 2057 1720 2079 “
1751 2051 1846 2100 Καὶ
1888 2048 1953 2100 σὺ

361 2146 386 2168 “
413 2137 506 2204 γὰρ
534 2136 754 2202 Βηθλεὲμ
780 2134 904 2189 οἶκος
931 2141 1014 2186 τοῦ
1041 2134 1278 2203 Ἐφραθὰ,
1307 2131 1564 2199 ὀλιγοστὸς
1591 2129 1633 2183 εἷ
1654 2137 1738 2182 τοῦ
1764 2129 1879 2182 εἶναι
1904 2132 1954 2182 ἐν

360 2229 387 2250 “
414 2218 629 2288 χιλιάσιν
668 2218 840 2270 Ἰούδα·
899 2219 949 2268 ἐκ
996 2222 1089 2268 σοῦ
1134 2240 1214 2280 μοι
1258 2216 1557 2285 ἐξελεύσεται
1608 2220 1692 2265 τοῦ
1736 2211 1851 2264 εἶναι
1890 2216 1951 2267 εἶς
1975 2232 2024 2271 25

426 2303 448 2319 5!

360 2310 387 2332 “
414 2325 623 2370 αρχοντα
659 2303 708 2352 ἐν
745 2304 811 2370 τῷ
850 2298 1070 2366 Ἰσραὴλ,
1109 2300 1185 2350 καὶ
1224 2299 1378 2367 ἔξοδοι
1418 2298 1560 2348 αὑτοῦ
1600 2297 1677 2348 ἀπ’
1714 2298 1862 2363 ἀρχῆς
1900 2295 1958 2364 ἐξ

411 2432 439 2455 1.
469 2421 529 2455 οὐκ
554 2419 712 2463 ἆτονὴσει
740 2417 859 2464 Heyse
885 2429 926 2451 ex
953 2416 997 2451 Β.
1025 2417 1084 2462 qui
1110 2416 1323 2451 οὖκατονίσει
1349 2415 1500 2450 exhibet.
1527 2415 1566 2449 οὐ
1591 2413 1790 2457 κατοκνήσει
1816 2412 1883 2447 Ed.
1911 2425 1953 2447 ex

364 2467 481 2501 Holst.
605 2478 635 2512 7.
662 2465 701 2500 τέ
718 2465 759 2499 Β.
778 2464 820 2510 γε’
837 2464 904 2498 Ed.
971 2463 1151 2507 ἐκζητοῦσι
1168 2463 1274 2497 edidi.
1293 2464 1494 2508 εγζητοῦσιν
1515 2462 1555 2495 Β.
1573 2461 1625 2495 ἀεὶ
1643 2463 1781 2504 ζητοῦσι
1802 2460 1866 2494 Ht.
1885 2459 1952 2494 Ed.

365 2525 418 2559 13.
445 2516 462 2547 ὁ
479 2513 557 2557 περὶ
575 2525 606 2547 a.
625 2513 708 2557 ὅπερ
728 2512 770 2546 Β.
788 2512 873 2556 ὑπὲρ
892 2510 961 2545 Ed.
1073 2521 1127 2552 14.
1154 2511 1311 2555 φανεῖται
1330 2521 1360 2543 a.
1426 2510 1532 2543 πάλαι
1553 2508 1594 2542 Β.
1612 2510 1716 2542 πάλιν
1734 2519 1762 2540 a.
1781 2506 1876 2541 Aub.
1893 2507 1954 2552 qui

360 2573 378 2595 e
397 2560 474 2595 Cat.
492 2567 533 2594 ut
551 2559 621 2594 vid.
639 2558 850 2594 emendavit.
1008 2566 1062 2602 17.
1088 2557 1351 2600 ἁπεβουκόλησε
1370 2555 1412 2590 Β.
1431 2555 1654 2589 ἀπεκώλουσε
1675 2552 1754 2599 (sic)
1778 2554 1841 2588 Ht.
1857 2552 1953 2587 unde

359 2607 560 2641 ἀπεκώλυσε
580 2606 646 2640 Ed.
802 2605 854 2638 IS.
883 2604 1065 2648 ἐνενόησαν
1082 2615 1145 2638 a.c.
1168 2603 1276 2638 Cord.
1296 2603 1484 2646 ἐπενόησαν
1504 2602 1532 2635 Β
1551 2613 1593 2635 ex
1612 2613 1700 2635 corr.
1720 2601 1864 2643 ἐνόησαν
1883 2599 1953 2633 Ed.

364 2665 418 2698 19.
442 2651 633 2698 εὑρίσκεται
650 2652 692 2686 Β.
709 2651 801 2686 Catt.
820 2651 997 2694 εὑρίσκετο
1017 2650 1085 2685 Ε(].
1137 2651 1262 2685 Statim
1281 2649 1337 2684 ὅτε
1355 2656 1447 2683 recte
1465 2648 1532 2682 Ed.
1552 2650 1610 2691 ότη
1631 2647 1670 2681 Β.
1691 2648 1740 2681 ἔτι
1760 2647 1805 2692 [εἶ
1824 2644 1949 2691 Cord.]

359 2702 420 2744 μὲν
435 2702 500 2745 γὰρ
518 2699 688 2743 παρέσται
705 2710 735 2733 c.
754 2697 861 2732 Cord.
882 2709 994 2741 pauca
1011 2708 1082 2731 om.
1101 2708 1132 2730 a.
1253 2707 1307 2730 20.
1336 2696 1424 2742 τῷδε
1443 2701 1668 2739 assumptum
1686 2706 1727 2727 ex
1750 2693 1824 2727 B.c.
1844 2692 1952 2727 Cord.

361 2747 460 2792 κατὰ]
479 2747 563 2791 μετὰ
583 2746 637 2789 Β.,
656 2745 715 2780 sed
742 2744 942 2778 emendavit
968 2750 1060 2778 recte
1085 2750 1123 2777 ut
1151 2742 1221 2776 vid.
1244 2743 1305 2777 Ht.
1383 2743 1437 2776 καὶ
1462 2753 1524 2786 pro
1550 2741 1633 2775 κατὰ
1659 2741 1769 2783 σάρκα
1794 2751 1824 2773 c.
1845 2738 1951 2773 Cord.

361 2805 417 2839 23.
444 2794 524 2827 ὅποι
544 2793 585 2827 Β.
604 2793 669 2836 ὅπη
690 2792 754 2826 Ht.
774 2790 841 2825 Ed.
969 2801 1025 2833 24.
1051 2790 1209 2835 εὐφραθὰ
1230 2789 1271 2823 Β.
1339 2789 1524 2834 ὀλιγοστὸς
1541 2785 1591 2833 εἶ]
1610 2787 1764 2829 οὐδαμῶς
1782 2786 1951 2831 ἐλαχίστη

359 2855 391 2891 εἶ
413 2857 446 2901 (e
479 2856 516 2891 S.
537 2855 666 2891 Matth.
684 2856 718 2889 ii.
737 2855 773 2897 6)
800 2866 830 2888 a.
910 2853 1036 2887 Statim
1063 2854 1123 2887 τοῦ
1148 2850 1231 2887 εἶναι
1260 2842 1316 2898 [ηῗκ
1336 2868 1364 2879 =
1385 2851 1467 2886 εἶναι
1494 2849 1602 2896 Cod.]
1630 2856 1813 2894 assumpta
1838 2861 1881 2883 ex
1909 2848 1951 2883 B.

361 2913 416 2948 25.
443 2902 661 2946 ἐξελεύσεται
683 2902 757 2935 Βλι.
777 2900 956 2935 ἐλεύσεται
976 2899 1041 2934 Ed.
1109 2899 1235 2934 Statim
1253 2901 1312 2933 τοῦ
1333 2897 1583 2934 εἶναι-αἶῶνος
1606 2902 1830 2932 accesserunt
1847 2907 1888 2930 ex
1911 2895 1950 2930 B.

360 2949 542 2994 ἡγούμενος
563 2953 596 2991 (e
617 2949 651 2983 S,
666 2948 795 2983 Matth.
815 2948 838 2981 l.
855 2946 901 2989 c.)
922 2959 953 2980 a.
