2021 3296
115 130 141 172 i.
167 143 205 173 2,
366 132 440 174 IN
482 133 524 174 S.
557 131 892 174 JOANNEM.
956 131 1079 173 LIB.
1112 132 1148 174 Ι.
1209 132 1343 173 ΟΑΡ.
1378 133 1456 174 IV.
1653 136 1703 174 51

113 242 280 290 παθεῖν
318 240 373 291 οὐ
410 239 679 306 δυνάμενον,
712 238 839 309 ᾧπέρ
876 240 1008 291 ἐστιν
1039 239 1291 304 ὁμοούσιος
1329 241 1392 294 ὡς
1427 238 1541 294 Υἱὸς
1580 241 1702 304 ἀλη-

113 320 252 374 θινός.
292 321 449 386 ἐπειδὴ
475 321 525 374 δὲ
549 321 668 389 πρὸς
693 321 830 374 τοῦτό
858 326 983 391 φασι
1009 323 1085 372 καὶ
1111 320 1165 373 τὸ
1189 321 1492 386 συνημμένον
1511 324 1569 389 τῇ
1594 321 1705 388 παρ’

113 401 267 453 αὐτῶν
300 402 531 455 ἀντιθέσει
570 411 598 435 “
622 405 711 455 Ἐκ
747 401 960 470 γαστρὸς
996 401 1091 470 πρὸ
1129 401 1381 471 ἑωσφόρον
1418 403 1707 472 ἐξεγέννησά
1769 410 1822 442 PS·
1840 410 1902 442 01³·

113 489 141 514 ‘⁶
164 484 269 535 σε·”
321 483 433 553 φέρε
465 484 522 550 δὴ
547 484 708 549 πάλιν,
737 487 813 536 καὶ
838 486 912 537 ἐπὶ
938 484 1090 554 τούτῳ
1115 484 1199 536 τὸν
1223 485 1330 552 περὶ
1356 487 1440 549 τῆς
1465 484 1706 546 εὐσεβείας
1770 463 1798 493 3¹

4 569 5 593 ³
70 578 92 617 5
112 564 454 634 ἀναπτύξωμεν
493 565 659 633 λόγον.
732 568 785 618 οὐ
822 565 917 633 γὰρ
955 565 1200 633 ἐπειδήπερ
1240 565 1300 617 τὰ
1346 564 1538 618 τοιαῦτά
1582 570 1706 635 φησι
1725 575 1752 617 d

0 638 2 651 ’
110 645 229 712 πρὸς
254 644 338 698 τὸν
362 646 481 699 Υἱὸν
506 648 531 699 ὁ
559 647 743 715 Πατὴρ,
770 647 846 699 διὰ
880 653 1020 699 τοῦτο
1056 647 1112 712 δὴ
1147 647 1336 702 πάντως
1373 647 1556 699 οἴεσθαι
1591 646 1703 715 χρὴ,

111 726 260 793 λόγον
296 727 382 792 μὲν
418 728 695 797 ἐνυπάρχειν
733 728 943 799 ἔμφυτον
981 730 1120 799 αὐτῷ,
1159 729 1315 796 ἕτερον
1353 729 1414 781 δέ
1447 752 1552 780 τινα
1592 729 1704 795 παρ’

0 831 4 866 p
110 809 282 860 ἐκεῖνον
325 811 496 862 ἐννοεῖν
538 811 622 862 τὸν
662 810 796 862 Υἰόν·
858 809 991 862 ἀλλά
1039 814 1229 877 πρῶτον
1272 809 1357 874 μὲν
1401 812 1544 862 ἐκεῖνο
1595 811 1704 862 καθ’

0 869 4 906 ⁵
111 889 301 945 ἑαυτοὺς
325 891 646 957 ἐνθυμώμεθα,
673 892 743 944 ὅτι
768 892 1018 962 προφήτης
1043 892 1092 943 ἐν
1117 891 1346 956 πνεύματι
1374 896 1542 942 λαλεῖν
1567 898 1707 954 μελε-

0 964 3 1064 t
43 991 92 1019 10
111 970 263 1036 τήσας
301 973 553 1041 μυστήρια,
586 973 640 1025 τὸ
677 972 940 1041 πρόσωπον
975 974 1085 1038 ἡμῖν
1120 974 1414 1040 ὑποκρίνεται
1453 978 1536 1024 τοῦ
1563 976 1703 1033 Υἱοῦ,

0 1065 2 1087 ¹
111 1055 187 1104 καὶ
212 1053 269 1118 δὴ
296 1055 372 1106 καὶ
398 1054 603 1124 εἰσφέρει
629 1054 760 1122 παρὰ
785 1061 868 1107 τοῦ
897 1053 1088 1121 Πατρὸς
1114 1053 1344 1106 ἀκούοντα
1371 1053 1513 1105 αὐτόν
1540 1060 1568 1083 “
1591 1052 1708 1108 Υἱός
1770 1066 1824 1098 Ps.
1843 1066 1875 1097 ii·
1895 1071 1923 1105 7·

0 1144 2 1191 ξ
111 1142 139 1165 “
161 1158 253 1198 μου
279 1134 321 1187 εἶ
343 1135 448 1200 σὺ,”
467 1138 543 1188 καὶ
568 1136 627 1187 τὰ
653 1136 833 1191 τούτοις
860 1136 1114 1189 ἀκόλουθα.
1161 1138 1237 1187 καὶ
1264 1136 1317 1186 οὐ
1343 1135 1494 1200 δήπου
1518 1134 1707 1190 πάντως
1726 1161 1747 1188 e

110 1217 139 1281 ἡ
165 1216 285 1268 κατὰ
310 1216 364 1268 τὸ
390 1218 686 1284 ἀνθρώπινον
712 1221 880 1286 σχῆμα
906 1217 1131 1284 γενομένη
1159 1216 1395 1281 διασκευὴ,
1422 1216 1505 1268 δύο
1532 1216 1707 1283 λόγους

111 1299 232 1362 ἡμᾶς
257 1298 516 1366 ἀναγκάσει
547 1305 680 1364 νοεῖν,
707 1299 840 1350 ἀλλὰ
874 1304 970 1354 τοῖς
1004 1298 1241 1366 ἡμετέροις
1275 1299 1433 1350 ε”θεσιν
1459 1299 1707 1353 ἀναθέντες

46 1395 91 1433 15
111 1379 196 1444 τὴν
228 1379 305 1432 διὰ
342 1385 436 1432 τῶν
470 1381 693 1433 τοιούτων
729 1381 1050 1448 ἀπαραίτητον
1082 1380 1361 1444 οἰκονομίαν,
1396 1378 1707 1444 αἰτιασόμεθα

109 1460 210 1526 μὲν,
248 1466 286 1513 εἰ
330 1461 479 1528 γεμὴν
517 1462 803 1530 πράττοιμεν
842 1464 1007 1530 ὀρθῶς,
1045 1465 1128 1526 τῆς
1175 1463 1352 1513 ἑαυτῶν
1391 1461 1581 1530 φύσεως
1619 1460 1707 1525 τὴν

111 1543 368 1608 ἀσθένειαν,
408 1546 512 1597 οὔτε
557 1543 731 1611 λόγους
768 1543 970 1612 ἐχούσης
1008 1545 1115 1595 οὕτε
1151 1543 1245 1608 μὴν
1283 1541 1485 1610 τρόπους
1524 1546 1704 1609 θεωρη-

110 1626 273 1690 μάτων
305 1625 412 1680 τοὺς
451 1631 548 1680 τοῖς
587 1625 700 1693 ὑπὲρ
738 1626 859 1691 ἡμᾶς
896 1625 1174 1693 μυστηρίοις
1213 1626 1420 1692 ἀκριβῶς
1459 1627 1704 1676 διακονου-

109 1706 287 1771 μένους,
314 1706 344 1772 ἢ
371 1709 448 1758 καὶ
473 1707 775 1774 ἀνεγκλήτως
801 1706 1113 1774 διερμηνεύειν
1138 1705 1392 1774 ἰσχύοντας
1418 1705 1478 1756 τὰ
1503 1709 1703 1771 θεοπρε-
1724 1735 1746 1760 a
1802 1726 1858 1761 34
1877 1725 1929 1762 A,

45 1809 94 1835 20
110 1788 332 1855 πέστερα·
384 1788 439 1840 τὸ
466 1793 598 1840 νικᾶν
622 1787 670 1840 δὲ
695 1787 844 1840 πάλιν
869 1787 1183 1857 ἐπιτρέψομεν
1208 1790 1267 1856 τῇ
1306 1788 1408 1856 θείᾳ
1445 1786 1590 1856 φύσει
1624 1785 1708 1838 τὸν

111 1873 159 1923 ἐν
184 1871 294 1935 ἡμῖν
318 1877 428 1923 νοῦν
452 1894 502 1922 τε
537 1872 613 1922 καὶ
647 1867 810 1937 λόγον,
838 1870 926 1938 οὐχ
961 1871 1023 1925 ὡς
1057 1869 1246 1936 λέγεται
1280 1868 1470 1924 πάντως
1496 1873 1708 1922 νοοῦντες

111 1952 170 2004 τὰ
193 1955 300 2020 περὶ
330 1953 485 2017 αὐτῆς,
513 1952 624 2003 ἀλλ’
653 1954 716 2006 ὡς
750 1952 868 2020 αὐτῇ
902 1951 1068 2018 πρέπει
1104 1953 1180 2002 καὶ
1217 1950 1458 2013 βούλεται.
1514 1949 1543 2016 ὴ
1580 1949 1708 2017 ε’ίπερ

112 2035 195 2086 οὐκ
220 2035 371 2102 ὀρθῶς
401 2039 496 2089 τοῖς
532 2033 757 2088 τοιούτοις
791 2034 911 2098 ἡμᾶς
948 2034 1306 2101 ἀποκεχρῆσθαι
1339 2032 1501 2099 λόγοις
1533 2032 1713 2083 οἴονταί

111 2139 231 2171 τινες
268 2120 363 2168 τῶν
397 2116 604 2168 ἀνοσίων
634 2119 888 2182 αἱρετικῶν,
927 2114 1013 2179 τὴν
1052 2114 1101 2166 δὲ
1139 2115 1246 2166 καθ’
1278 2114 1400 2179 ἡμᾶς
1438 2114 1708 2175 ἀναβαίνειν

46 2213 93 2252 25
112 2197 364 2263 συνήθειαν
406 2198 489 2249 οὐκ
533 2197 836 2264 ἐπιτρέπουσι
880 2195 934 2248 τὸ
979 2199 1147 2265 σχῆμα
1193 2201 1276 2248 τοῦ
1319 2194 1482 2262 λόγου,
1522 2196 1709 2250 δικαίως

111 2279 397 2331 ἀκούσονται
435 2279 658 2331 Νοείσθω
703 2279 810 2330 καθ’
852 2279 973 2343 ἡμᾶς
1017 2280 1093 2330 καὶ
1138 2282 1315 2345 γε’ννῶν
1354 2279 1379 2329 ὁ
1420 2276 1604 2344 Πατὴρ,
1642 2276 1707 2341 μὴ

111 2363 346 2429 ἀρνείσθω
384 2361 597 2428 γαστέρα
636 2364 712 2412 καὶ
751 2359 835 2415 τὰς
878 2362 953 2412 ἐπὶ
997 2364 1064 2430 τῷ
1108 2360 1279 2412 τίκτειν
1318 2361 1498 2413 ὠδῖνας.
1566 2365 1594 2388 “
1618 2359 1821 2446 Ἐκῢξὲ·
1838 2363 1900 2394 cix.

112 2451 140 2474 “
165 2442 378 2511 γαστρὸς
415 2441 510 2510 γὰρ
547 2441 835 2512 ἐξεγέννησά
872 2442 970 2505 σε,”
998 2444 1123 2512 φησὶ
1157 2445 1224 2512 τῷ
1254 2445 1371 2511 Υὶῲ.
1422 2440 1532 2491 ἀλλ’
1573 2438 1705 2502 ἴσως,
1790 2430 1798 2438 “

111 2531 303 2589 μᾶλλον
329 2524 378 2577 δὲ
403 2523 607 2588 πάντως,
633 2525 824 2591 ἐροῦσιν
848 2525 898 2575 ἐκ
925 2526 1008 2588 τῆς
1034 2524 1143 2576 καθ’
1173 2524 1295 2588 ἡμᾶς
1321 2520 1596 2587 ὁμοιότητος
1620 2519 1708 2585 τὴν

46 2629 96 2665 3ο
113 2609 185 2678 ἐφ’
226 2609 328 2678 Υἱῷ
366 2607 571 2673 γνησίαν
610 2608 754 2658 ὠδῖνα
792 2607 1114 2672 σημαίνεσθαι
1152 2611 1236 2657 τοῦ
1277 2602 1483 2670 Πατρός.
1539 2603 1706 2654 οὐκοῦν

161 2800 195 2830 4.
222 2786 300 2831 περὶ
316 2789 538 2831 assumptum
558 2798 599 2821 ex
619 2786 661 2820 Β.
827 2795 858 2830 7.
886 2785 1086 2830 ἐνυπάρχειν
1106 2785 1148 2819 B.
1166 2785 1331 2828 ὑπάρχειν
1350 2782 1416 2817 Ed.
1586 2793 1639 2817 11.
1666 2783 1706 2826 δὴ

114 2834 168 2869 καὶ
185 2845 255 2868 om.
276 2833 318 2867 Β.
457 2833 510 2868 16.
536 2832 617 2878 μὴν]
637 2833 682 2877 μὴ
701 2832 743 2867 Β.
810 2833 919 2867 αὐτῶν
937 2832 980 2867 Β.
1120 2842 1172 2875 19.
1199 2829 1270 2875 καὶ]
1293 2833 1329 2870 -Ι-
1351 2829 1428 2865 τοὺς
1446 2828 1514 2864 Ed.
1533 2829 1644 2864 invito
1663 2829 1707 2864 Β.

115 2891 234 2962 ῗῃινὴῖξ
250 2880 484 2961 Εἷῦΐιῖεἰηνεῐεο
502 2880 624 2915 ordine
643 2880 685 2915 B.
886 2889 941 2924 29.
967 2879 1099 2923 μᾶλλον
1117 2877 1153 2911 δὲ
1172 2888 1242 2911 om.
1262 2876 1304 2911 B.
1357 2876 1483 2911 Statim
1499 2877 1621 2911 πάντες
1639 2874 1707 2911 Ed.

876 2992 952 3019 ΗΖ
