2084 3317
704 575 1161 624 ΚΕΦΑΛΑΙΑ

551 758 621 788 ΕΝ
670 758 738 787 ΤΩ
785 759 1048 788 ΔΕΥΤΕΡΩ
1098 760 1312 791 ΒῙΒΛΙΩ.

136 945 173 969 α.
207 928 303 969 ’Ότι
342 928 387 969 οὐ
429 930 526 970 κατὰ
565 928 752 982 μετοχὴν,
790 929 880 970 οὐδὲ
922 930 972 972 ὡς
1009 930 1180 971 ἐπακτὸν
1217 931 1261 971 ἐν
1296 931 1349 985 τῷ
1384 930 1465 986 ’Υῖῷ
1509 930 1552 971 τὸ
1587 929 1733 984 ἸΑγιον

309 997 474 1049 Πνεῦμά
505 998 629 1048 ἐστιν,
655 996 746 1039 ἀλλ’
775 998 972 1040 οὐσιωδῶς
1004 998 1064 1039 καὶ
1096 1000 1193 1039 κατὰ
1224 999 1346 1052 φύσιν
1373 998 1583 1053 ἐνυπάρχει
1614 1000 1731 1055 αὐτῷ,

94 1070 115 1108 5
308 1066 567 1118 προκειμένου
594 1068 712 1119 ῥητοῦ
745 1067 821 1107 Καὶ
854 1067 1122 1119 ἐμαρτύρησεν
1141 1065 1325 1119 Ἰωάννης
1348 1067 1443 1109 ’Ότι
1473 1068 1659 1120 τεθέαμαι
1689 1069 1732 1110 τὸ
1752 1067 1779 1108 d

308 1139 463 1187 πνεῦμα
493 1140 735 1187 καταβαῖνον
756 1136 852 1177 ὡσεὶ
879 1137 1114 1188 περιστερὰν
1136 1137 1178 1187 ἐξ
1206 1136 1375 1189 οὐρανοῦ
1405 1137 1466 1178 καὶ
1494 1137 1650 1189 ἔμεινεν
1672 1138 1730 1179 ἐπ’

308 1204 438 1245 αὐτόν.
1603 1207 1725 1263 [116]

135 1309 178 1355 β.
210 1304 305 1346 ’Ότι
327 1306 395 1346 οὐκ
419 1307 461 1347 ἐν
481 1310 562 1349 τοῖς
583 1310 763 1358 γενητοῖς
784 1308 896 1348 ἐστιν
918 1308 938 1347 6
960 1306 1065 1356 Ὑῑὸς,
1090 1306 1180 1348 ἀλλ’
1206 1307 1338 1349 ἐπάνω
1360 1308 1533 1359 πάντων,
1557 1309 1606 1351 ὡς
1629 1309 1736 1353 Θεὸς

310 1375 372 1415 καὶ
410 1375 452 1415 ἐκ
487 1378 611 1425 Θεοῦ,
645 1374 900 1428 προκειμένου
937 1376 1055 1427 ῥητοῦ
1086 1374 1137 1417 ‘O
1172 1376 1326 1417 ἄνωθεν
1358 1377 1567 1431 ἐρχόμενος
1603 1379 1734 1419 ἐπάνω

70 1453 117 1477 10
308 1442 466 1484 πάντων
490 1444 608 1484 ἐστίν.
1604 1446 1726 1502 [¹61]

136 1563 173 1597 γ.
209 1544 304 1586 ’Ότι
325 1544 431 1588 Θεὸς
460 1545 521 1586 καὶ
550 1546 591 1586 ἐκ
615 1548 723 1587 Θεοῦ
752 1547 848 1587 κατὰ
876 1547 1000 1599 φύσιν
1021 1547 1131 1587 ἐστὶν
1158 1548 1178 1587 6
1203 1546 1308 1597 Ὑῖὸς,
1331 1548 1589 1600 προκειμένου
1617 1551 1735 1602 ῥητοῦ

308 1611 359 1654 Ὁ
394 1613 617 1665 λαμβάνων
653 1614 771 1655 αὐτοῦ
811 1614 883 1666 τὴν
921 1617 1136 1668 μαρτυρίαν
1177 1615 1427 1669 ἐσφράγισεν
1467 1618 1526 1658 ὅτι
1567 1618 1587 1657 ὁ
1629 1618 1776 1662 Θεὸςθ

310 1682 460 1732 ἀληθὴς
490 1682 613 1723 ἐστίν.
1603 1686 1726 1742 [166]

137 1788 170 1825 δ.
215 1783 308 1825 “On
347 1784 391 1825 οὐ
422 1787 680 1835 μεταληπτῶς
716 1785 760 1825 ἐν
787 1785 870 1840 Ὑὶᾦ
906 1787 954 1826 τὰ
989 1788 1058 1825 τοῦ
1090 1788 1199 1827 Θεοῦ
1230 1785 1293 1826 καὶ
1324 1785 1482 1838 Πατρὸς
1518 1788 1608 1836 ἴδια,
1641 1787 1732 1829 ἀλλ’

69 1861 115 1899 15
309 1853 505 1895 οὐσιωδῶς
536 1853 598 1893 καὶ
629 1855 726 1894 κατὰ
756 1854 890 1906 φύσιν,
914 1853 1171 1906 προκειμένου
1201 1856 1318 1907 ῥητοῦ
1347 1853 1398 1896 ‘O
1429 1856 1568 1909 Πατὴρ
1599 1857 1733 1911 ἀγαπᾷ

307 1921 378 1962 τὸν
398 1921 497 1962 Ύὶὸν
518 1921 580 1962 καὶ
601 1921 730 1963 πάντα
752 1922 919 1963 δέδωκεν
939 1923 983 1963 ἐν
1003 1923 1048 1979 τῇ
1070 1923 1173 1976 χειρὶ
1200 1923 1330 1964 αὐτοῦ.
1602 1925 1725 1980 [170]

137 2040 167 2064 ε.
213 2022 307 2065 ’Ότι
335 2023 404 2064 οὐκ
432 2024 473 2065 ἐν
493 2027 573 2066 τοῖς
602 2024 892 2076 προσκυνοῦσίν
912 2026 1022 2066 ἐστιν
1043 2026 1063 2065 ὁ
1083 2024 1188 2075 Tibe,
1210 2024 1234 2082 ᾗ
1255 2027 1386 2079 Λόγος
1414 2027 1499 2067 ἐστὶ
1529 2028 1589 2068 καὶ
1612 2029 1728 2079 Θεὸς,
1750 2049 1771 2073 a
1813 2040 1884 2074 112
1902 2040 1955 2073 A.

308 2096 586 2144 προσκυνεῖται
607 2093 650 2133 δὲ
675 2096 834 2143 μᾶλλον
854 2095 952 2145 μετὰ
979 2093 1149 2146 Πατρὸς,
1172 2094 1430 2146 προκειμένου
1459 2097 1576 2149 ῥητοῦ
1597 2094 1732 2148 “Ύ“μεῖς

306 2165 564 2213 προσκυνεῖτε
586 2159 606 2201 ὃ
629 2161 696 2202 οὐκ
719 2163 861 2210 οἴδατε,
883 2162 994 2214 ἡμεῖς
1013 2165 1310 2215 προσκυνοῦμεν
1331 2162 1352 2204 ὃ
1374 2166 1548 2216 οἴδαμεν.
1599 2165 1722 2220 [185]

66 2281 114 2305 20
135 2280 170 2308 ς.
208 2261 304 2303 ’Ότι
331 2262 400 2303 οὐκ
431 2261 649 2314 ἐλάττωνῆ
680 2266 776 2305 κατὰ
805 2265 968 2316 δύναμιν
995 2263 1018 2316 ἢ
1048 2263 1126 2305 κατ’
1159 2264 1364 2318 ἐνέργειαν
1390 2265 1459 2317 τὴν
1485 2267 1552 2307 ἐπί
1577 2283 1680 2308 τισιν
1709 2269 1730 2307 6

0 2343 3 2380 j
305 2330 398 2373 ’Υἱὸς
419 2334 487 2371 τοῦ
509 2331 681 2384 Πατρὸς,
705 2331 796 2372 ἀλλ’
822 2332 1034 2383 ἰσοσθενής
1060 2349 1103 2374 τε
1131 2333 1194 2374 καὶ
1224 2334 1446 2384 ὁμοούσιος,
1468 2334 1518 2376 ὡς
1543 2335 1583 2384 ἐξ
1613 2335 1731 2375 αὐτοῦ

309 2399 370 2440 καὶ
392 2401 488 2440 κατὰ
508 2400 642 2451 φύσιν·
674 2400 930 2452 προκειμένου
950 2402 1067 2453 ῥητοῦ
1089 2401 1149 2443 Οὐ
1171 2402 1332 2443 δύναται
1354 2403 1374 2442 ὁ
1395 2402 1490 2445 Υἱὸς
1509 2407 1639 2444 ποιεῖν
1660 2403 1728 2457 ἀφ’

308 2469 446 2508 ἑαυτοῦ
477 2468 605 2519 οὐδὲν,
638 2469 708 2510 ἐὰν
735 2468 788 2521 μή
819 2486 854 2510 τι
884 2469 1017 2526 βλέπῃ
1052 2469 1122 2511 τὸν
1154 2470 1317 2523 Πατέρα
1351 2474 1550 2512 ποιοῦντα·
1594 2472 1618 2512 ἂ
1653 2473 1730 2525 γὰρ

307 2537 455 2580 ἐκεῖνος
476 2541 592 2586 ποιεῖ,
614 2541 736 2579 ταῦτα
759 2539 820 2579 καὶ
841 2539 861 2579 6
882 2540 977 2582 ’Υἱὸς
998 2540 1139 2591 ὁμοίως
1159 2543 1275 2580 ποιεῖ.
1600 2540 1722 2594 [214]

184 2660 260 2694 Lib.
282 2660 331 2694 II.
352 2659 500 2695 Codices
520 2661 613 2696 B.D.
668 2662 721 2696 tit.
739 2662 844 2697 habet
863 2663 1038 2708 Κυρίλλου
1056 2663 1331 2709 ἀρχιεπισκόπου
1347 2662 1608 2708 Ἀλεξανδρείας
1626 2664 1673 2699 εἷς
1689 2665 1729 2699 τὸ

0 2715 6 2763 ’,ἦ
135 2708 218 2741 κατὰ
234 2707 390 2750 Ἰωάννην
407 2707 617 2753 Εὐαγγέλιον
633 2709 773 2750 βιβλίον
790 2709 947 2754 δεύτερον
966 2711 1012 2744 D.
1209 2720 1237 2752 1,
1258 2721 1290 2744 2.
1319 2709 1365 2743 D.
1384 2711 1554 2754 κεφάλαια
1571 2712 1612 2744 τὰ
1630 2711 1666 2745 ἐν
1682 2713 1728 2757 τῷ

0 2755 6 2798 ³!
135 2754 281 2799 δευτέρῳ
298 2754 427 2799 βιβλίῳ
449 2754 513 2788 Ed.
562 2755 661 2789 Nihil
679 2755 784 2790 habet
805 2756 847 2790 B.
996 2756 1029 2790 6.
1056 2757 1139 2790 ὡσεὶ
1156 2756 1365 2800 περιστερὰν
1381 2763 1606 2802 assumptum
1624 2769 1666 2791 ex
1687 2757 1729 2793 Β.

4 2804 7 2837 ἱ
135 2800 272 2835 addidit
290 2812 308 2834 e
326 2812 391 2834 suo
411 2801 545 2845 Migne.
736 2814 768 2847 9.
796 2804 850 2837 καὶ
868 2809 1091 2847 assumptum
1111 2815 1152 2836 ex
1172 2803 1214 2836 B.
1402 2813 1456 2836 11.
1482 2803 1578 2837 ἐστὶν
1594 2815 1664 2838 om.
1687 2804 1728 2839 B.

0 2841 7 2864 ¹
141 2849 192 2881 16.
218 2847 340 2881 ἔδωκεν
357 2847 403 2883 εἷς
420 2849 479 2882 τὰς
496 2849 612 2892 χεῖρας
632 2848 673 2883 Β.
833 2851 885 2884 18.
910 2849 1011 2895 μετὰ]
1036 2854 1072 2891 -f-
1093 2852 1153 2884 τοῦ
1173 2849 1214 2883 Β.
1359 2860 1415 2884 20.
1439 2848 1458 2894 ἢ
1478 2850 1574 2894 prius
1595 2862 1665 2886 om.
1686 2851 1729 2886 B.

137 2905 191 2928 21.
219 2893 402 2937 ὁμοούσιος
422 2894 462 2927 B.
481 2894 597 2938 ὅμοιος
618 2895 685 2929 Ed.
766 2895 886 2942 αὐτοῦ]
911 2901 947 2938 —†-
969 2911 1005 2930 τε
1027 2896 1067 2930 Β.
1135 2896 1261 2930 Statim
1289 2896 1340 2930 καὶ
1368 2903 1591 2942 assumptum
1617 2910 1657 2932 ex
1686 2898 1729 2933 B.

137 2951 191 2985 ²3·
216 2940 299 2986 γὰρ]
321 2945 355 2981 -1-
379 2940 419 2974 ἂν
438 2939 503 2974 Ed.
521 2941 631 2975 invito
652 2941 693 2975 B.
