2084 3317
358 200 443 241 296
762 200 811 240 Β.
845 199 1123 241 CYRILLI
1165 199 1544 240 ALEXANDR.
1715 197 1769 237 iv.
1789 197 1857 252 36,
1876 207 1942 251 37.

359 306 559 374 σπόρον,
587 307 656 358 ὅτι
685 307 1078 359 λελευκάνθισται
1103 307 1188 371 μὲν
1215 311 1276 362 ὡς
1301 309 1376 360 ἐπὶ
1401 307 1487 372 τὴν
1514 306 1616 358 ἅλω
1640 305 1946 367 βαδιούμενος

360 386 447 452 ἤδη,
479 393 618 440 καλεῖ
648 388 696 439 δὲ
731 388 901 441 λοιπὸν
934 389 1006 457 ἐφ’
1035 391 1183 458 ἑαυτῷ
1217 388 1300 440 τὸν
1333 391 1548 455 ἀμητῆρα
1585 388 1797 454 σίδηρον.
1853 385 1947 436 ἀπὸ

360 469 409 521 δὲ
448 473 530 533 τῆς
568 469 840 534 ὁμοιότητος
875 475 970 521 τῶν
997 472 1045 520 ἐν
1072 471 1257 538 ἱστορίᾳ
1290 470 1586 537 πραγμάτων
1612 468 1863 535 θεωρήσεις
1894 466 1948 517 τὸ

361 551 665 616 δηλούμενον·
705 551 891 617 σπόρον
915 550 1002 615 μὲν
1027 551 1122 617 γὰρ
1150 551 1334 615 νοήσεις
1360 551 1444 603 τὸν
1471 549 1638 616 νοητὸν
1659 552 1733 601 καὶ
1758 547 1949 612 πληθὺν

322 633 617 699 οάσταχύων
646 637 988 697 πνευματικῶν,
1021 632 1129 686 τοὺς
1167 632 1243 683 διὰ
1281 636 1363 696 τῆς
1401 637 1497 683 τῶν
1528 636 1790 700 προφητῶν
1823 653 1940 696 προ·
1969 641 1990 680 5

360 713 714 779 γεωργηθέντας
761 718 923 782 φωνῆς
971 718 1034 768 εἷς
1076 713 1163 779 τὴν
1199 714 1480 778 μέλλουσαν
1520 712 1951 781 ἀναδειχθήσεσθαι

360 794 525 846 πίστιν
552 795 628 845 διὰ
654 799 888 862 Χριστοῦ·
942 796 1231 848 λευκαίνεται
1258 796 1306 847 δὲ
1332 795 1547 863 πέπειρός
1581 818 1631 846 τε
1666 796 1742 845 καὶ
1772 794 1951 856 ἕτοιμος

362 874 436 937 ἤδη
470 874 590 943 πρὸς
623 875 678 928 τὸ
716 878 955 930 πιστεύειν
990 878 1297 944 γεγενημένος
1338 880 1413 928 καὶ
1451 875 1851 942 συμπεπηγμένος
1889 879 1952 929 εἷς

362 957 629 1018 εὐλάβειαν.
685 960 710 1010 ὁ
738 958 787 1010 δὲ
813 965 896 1011 τοῦ
922 960 1182 1027 θερίζοντος
1208 961 1420 1026 σίδηρος,
1452 961 1476 1011 ὁ
1512 958 1732 1025 λαμπρός
1766 981 1814 1009 τε
1850 959 1951 1008 ἐστὶ

363 1043 439 1091 καὶ
474 1040 745 1103 τομώτατος
779 1045 874 1092 τῶν
906 1041 1195 1093 ἀποστόλων
1230 1041 1389 1107 λόγος,
1417 1045 1500 1105 τῆς
1534 1041 1619 1104 μὲν
1654 1038 1774 1091 κατὰ
1809 1039 1952 1102 νόμον
1977 1060 2022 1084 10

362 1123 581 1189 λατρείας
606 1123 866 1189 ἀποκείρων
892 1122 998 1177 τοῦς
1024 1124 1360 1190 ἀκροωμένους,
1388 1125 1461 1175 ἐπὶ
1489 1122 1537 1174 δὲ
1563 1122 1649 1186 τὴν
1676 1121 1779 1173 ἅλω
1806 1144 1948 1183 μετα-

362 1206 515 1265 τιθεὶς,
555 1204 814 1267 τουτέστιν,
855 1206 929 1256 ἐπὶ
967 1204 1055 1269 τὴν
1091 1205 1390 1269 Ἐκκλησίαν
1428 1210 1511 1256 τοῦ
1550 1209 1692 1255 Θεοῦ·
1748 1202 1859 1254 ε”νθα
1897 1202 1954 1266 δὴ

361 1283 636 1350 τριβόμενοί
682 1308 731 1336 τε
784 1288 859 1336 καὶ
910 1285 1071 1340 πόνοις
1122 1289 1316 1351 ἀγαθοῖς
1368 1285 1707 1350 ε’νθλιβόμενοι,
1752 1283 1955 1351 καθαρὸς

319 1366 792 1433 ᾶάποδειχθήσονται
855 1373 989 1421 σῖτος
1054 1371 1136 1432 τῆς
1205 1374 1289 1419 τοῦ
1355 1368 1649 1434 συνάγοντος
1715 1364 1954 1430 ἀποθήκης

364 1446 570 1516 ἐπάξιος.
1981 1468 2026 1505 15

298 1596 473 1645 36”ΗὸΗ
511 1597 534 1638 ὁ
574 1597 746 1655 Θερίςων
784 1598 934 1647 μισθὸν
972 1601 1193 1651 λαμβάνει,
1229 1599 1296 1640 καὶ
1335 1599 1505 1646 συνάΓει
1545 1600 1709 1656 καρπὸν
1746 1593 1807 1640 εἷς
1844 1597 1954 1656 ζωήν

297 1686 342 1724 37
435 1677 625 1732 αἰώνιον,
663 1681 731 1723 ἵνα
770 1683 792 1724 ὁ
831 1682 1019 1739 σπείρων
1059 1684 1166 1732 ὁμοῦ
1205 1682 1328 1741 χαίρῌ
1371 1682 1439 1724 καὶ
1479 1684 1501 1725 ὁ
1546 1682 1730 1739 Θερίζων.
1794 1683 1838 1723 ὲν
1878 1681 1956 1738 ,τὰρ

435 1764 575 1818 τούτῳ
615 1763 637 1806 ὁ
681 1765 807 1812 λοι-οε
850 1766 1055 1808 ἀλΗθινόε
1098 1768 1225 1818 ἐστιν,
1266 1768 1330 1809 ὅτι
1373 1766 1505 1807 ἄλλος
1549 1766 1662 1808 ἐστὶν
1702 1765 1724 1807 ὁ
1769 1763 1957 1821 σπείρων

438 1845 502 1887 καὶ
541 1846 673 1888 ἄλλος
710 1847 733 1888 ὁ
772 1847 957 1906 θερίζων.

446 1954 622 2020 Λόγου,
662 1957 827 2024 φησὶν,
868 1957 892 2005 ὁ
932 1955 1090 2023 καιρὸς
1132 1962 1215 2008 τοῦ
1260 1963 1516 2011 καλοῦντος
1560 1960 1622 2011 εἶς
1665 1958 1844 2018 πίστιν,
1884 1958 1959 2007 καὶ
1983 1984 2031 2009 20

371 2040 467 2086 τῶν
501 2041 703 2100 νομικῶν
734 2059 783 2087 τε
818 2039 893 2088 καὶ
929 2042 1238 2107 προφητικῶν
1264 2038 1579 2105 κηρυγμάτων
1611 2038 1697 2103 τὴν
1728 2042 1791 2092 εἷς
1824 2037 1961 2091 τέλος

332 2117 538 2186 οόίφιξιν
572 2123 668 2171 τοῖς
707 2119 1018 2185 ἀκροωμένοις
1056 2121 1433 2175 ἐπιδεικνύοντος.
1487 2123 1509 2171 ὁ
1550 2120 1634 2185 μὲν
1668 2119 1761 2187 γὰρ
1801 2119 1958 2183 νόμος,

373 2200 436 2252 ὡς
472 2201 520 2250 ἐν
545 2204 701 2254 σκιαῖς
735 2205 836 2254 ταῖς
870 2202 918 2252 ἐν
944 2200 1077 2272 τύπῳ
1104 2204 1354 2269 λατρείαις,
1382 2203 1648 2269 προεδήλου
1674 2201 1757 2253 τὸν
1783 2202 1956 2271 ἀφιξό-

373 2303 528 2344 μενον,
570 2282 787 2333 τουτέστι
831 2282 1064 2350 Χριστόν·
1124 2287 1366 2352 προφῆται
1417 2284 1465 2336 δὲ
1508 2287 1605 2348 μετ’
1652 2284 1808 2347 αὐτὸν,
1855 2284 1963 2338 τοὺς

148 2366 284 2450 {egf-
373 2361 504 2429 παρὰ
528 2369 613 2414 τοῦ
639 2364 916 2428 Πνεύματος
951 2366 1370 2433 διαπορθμεύοντες
1406 2366 1581 2432 λόγους
1607 2375 1634 2397 “
1653 2365 1820 2433 μικρὸν
1846 2366 1964 2417 ὅσον
1985 2394 2033 2431 25

149 2441 237 2535 {stub-
255 2453 288 2483 ii·
376 2450 402 2474 ‘⁶
430 2443 581 2496 ὅσον”
611 2447 688 2496 καὶ
714 2449 775 2500 ὡς
803 2446 892 2511 ἤδη
917 2446 1245 2515 παρεσόμενόν
1271 2472 1320 2500 τε
1346 2450 1421 2500 καὶ
1447 2449 1623 2518 ἥξοντα
1649 2447 1958 2515 προεμήνυον.

375 2524 530 2590 ἐπειδὴ
566 2525 616 2578 δὲ
653 2527 765 2579 ε’ίσω
800 2529 975 2593 βεβηκε
1011 2533 1180 2596 θυρῶν,
1207 2531 1290 2581 οὐκ
1326 2534 1388 2584 εἷς
1422 2530 1593 2582 ἐλπίδα
1625 2529 1810 2596 μακρὰν
1844 2532 1959 2581 ἀνα·

376 2607 512 2672 θήσει
549 2607 604 2661 τὸ
643 2611 971 2677 προσδοκηθέν
1009 2615 1103 2663 τῶν
1141 2613 1431 2663 ἀποστόλων
1471 2614 1495 2664 ὁ
1535 2612 1694 2678 λόγος,
1729 2612 1840 2663 ἀλλ’
1876 2612 1965 2676 ἤδη

153 2705 244 2739 200
258 2704 310 2739 A.
337 2689 529 2757 awapbv
553 2692 785 2761 ἐπιδείξει·
829 2695 904 2744 καὶ
929 2696 1073 2760 θεριεῐ
1091 2693 1176 2758 μὲν
1201 2696 1251 2745 ἐκ
1278 2698 1468 2759 νομικῆς
1503 2695 1723 2761 λατρείας
1757 2692 1865 2747 τοῦς
1899 2693 1965 2744 ε”τι

428 2858 456 2881 1.
483 2847 528 2882 ὡς
544 2853 768 2893 assumptum
787 2860 828 2882 ex
849 2848 891 2883 Β.
957 2849 1030 2883 ἅλω
1049 2849 1091 2884 Β.
1108 2850 1222 2884 ἅλωνα
1241 2850 1308 2885 Ed.
1429 2862 1460 2885 2.
1485 2849 1637 2896 ἀμήτορα
1656 2850 1702 2885 D.
1821 2858 1854 2894 5.
1880 2863 1965 2894 προ-

376 2893 631 2938 γεωργηθέντας
648 2894 753 2929 edidi.
771 2895 1076 2942 προγεωργηθέντα
1096 2896 1138 2930 Β.
1156 2897 1454 2943 προγεωρηθέντας
1473 2898 1552 2941 (Sic)
1572 2897 1639 2932 Ed.
1733 2908 1766 2941 9.
1783 2911 1818 2930 τε
1836 2907 1906 2930 orn.
1924 2896 1965 2930 Β.

383 2950 434 2984 13.
461 2940 600 2985 ἀγαθοῖς
619 2941 661 2975 Β.
679 2941 815 2987 ἀγαθῶν
834 2942 899 2976 Ed.
966 2944 1118 2988 καθαρῶς
1139 2943 1179 2977 Β.
1337 2954 1390 2990 15.
1416 2945 1511 2988 ἄξιος
1532 2944 1571 2978 Β.
1729 2944 1783 2977 26.
1810 2942 1893 2976 ὅσον
1910 2954 1964 2976 as—

379 2993 562 3030 sumptum
580 2999 621 3021 ex
642 2988 735 3022 B.D.
879 3000 934 3034 29.
961 2989 1065 3034 θεριεῖ
1086 2990 1126 3024 Β.
1145 2990 1274 3035 θερίσει
1295 2991 1361 3026 Ed.
