2084 3317
351 164 435 204 226
754 164 802 204 Β.
838 163 1111 204 CYRILLI
1153 160 1534 203 ALEXANDR.
1792 154 1849 195 iii.
1873 155 1936 195 16.

351 271 536 338 τρόπως
575 271 660 337 τὴν
699 271 948 339 ἀνθρώπου
985 270 1224 323 δάκνουσα
1262 269 1440 339 ψυχὴν,
1479 271 1553 319 καὶ
1592 266 1815 328 πολυειδῆ
1854 266 1937 326 τῆς

350 353 651 423 φαυλότητος
689 353 772 405 τὸν
808 353 878 405 ἱὸν
907 354 1150 421 ἐκχέουσα·
1201 351 1259 416 ἦν
1290 351 1338 402 δὲ
1372 353 1458 418 οὐχ
1492 350 1657 416 ἑτέρως
1691 347 1812 411 ἡμᾶς
1850 345 1936 409 Τὴν

349 438 471 487 οὕτω
511 441 720 487 νικῶσαν
754 438 1013 503 διαφυγεῖν,
1051 439 1088 486 εἰ
1126 433 1190 498 μὴ
1229 434 1303 485 διὰ
1338 433 1482 498 μόνης
1519 435 1602 496 τῆς
1637 431 1694 499 ἐξ
1724 430 1936 496 οὐρανῶν

126 505 204 538 152
223 504 274 539 Α.
309 514 331 539 a
361 520 371 534 ³
550 519 560 534 r
746 518 758 531 Ι
970 518 980 532 t
1111 517 1120 531 ι
1246 514 1259 530 x
1394 514 1404 529 Ι
1535 521 1561 543 44
1594 515 1604 529 ›
1683 513 1693 527 t
1804 510 1816 526 Ι

125 553 221 583 Rom.
348 541 624 583 επικουριας.
698 540 861 582 γεγονε
905 539 1061 567 τοινυν
1102 539 1127 566 ο
1170 519 1292 569 Θεος
1334 519 1491 579 Λογος
1582 536 1630 564 εν
1675 532 1935 575 ομοιωματι

124 597 236 635 ‘'ist-3·
349 606 376 628 ‘⁶
402 597 579 665 σαρκὸς
631 598 874 663 ἁμαρτίας,
925 597 1000 647 ἵνα
1052 597 1306 664 κατακρίνῃ
1361 595 1446 660 τὴν
1497 594 1729 660 ἁμαρτίαν
1778 593 1826 643 ἐν
1876 595 1934 660 τῇ
1955 609 1976 645 5

348 687 375 710 “
401 680 586 746 σαρκὶ,”
616 678 738 730 καθὰ
764 679 1043 745 γέγραπται,
1072 680 1147 729 καὶ
1173 683 1270 732 τοῖς
1301 678 1589 744 ἀτενίζουσιν
1616 680 1678 728 εἷς
1710 674 1851 724 αὐτὸν
1877 675 1931 724 δι’

345 762 671 828 ε’κτενεστέρας
708 764 790 824 τῆς
827 762 1047 823 πίστεως,
1080 759 1109 825 ὴ
1149 762 1225 811 καὶ
1263 763 1345 824 τῆς
1384 764 1478 811 τῶν
1513 760 1648 810 θείων
1683 755 1934 822 δογμάτων

344 845 546 910 ἐρεύνης,
584 843 822 910 σωτηρίας
858 842 1157 893 ἀκαταλύτου
1195 842 1424 911 πρόξενος
1464 843 1729 907 ἀναδειχθῇ.
1789 837 1844 888 τὸ
1883 837 1933 888 δὲ

343 928 415 994 ἐφ’
445 929 638 995 ὑψηλῆς
673 949 796 979 τινος
836 923 1113 991 ὑποβάθρας
1152 925 1517 989 ἀνεστηλῶσθαι
1553 926 1620 974 τὸν
1654 926 1764 991 ὅφιν,
1797 923 1939 985 δηλοῖ

344 1008 401 1073 δὴ
452 1008 642 1062 πάντως
692 1007 746 1059 τὸ
796 1009 844 1058 ἐν
895 1008 1175 1075 περιφανειά
1225 1009 1300 1057 καὶ
1350 1004 1662 1071 ἐπισημότητι
1713 1003 1932 1070 γενέσθαι
1956 1026 2003 1051 10

116 1092 246 1176 ξξίᾗέΞ
344 1090 575 1157 Χριστον,
617 1093 679 1144 ὡς
725 1092 1013 1156 ἀγνοηθῆναι
1057 1091 1234 1153 μηδενι,
1274 1087 1302 1153 ὴ
1345 1112 1399 1139 το
1442 1090 1491 1139 ἐκ
1535 1091 1622 1154 γῆς
1664 1089 1930 1155 ὑψωθῆναι,

169 1161 175 1167 ⁴
297 1179 323 1220 b
343 1172 465 1224 καθα
491 1196 568 1223 και
594 1170 732 1225 αὐτός
760 1195 852 1222 που
878 1173 1019 1239 φησι,
1048 1170 1123 1222 διὰ
1149 1194 1203 1221 το
1231 1173 1305 1222 ε’πι
1328 1194 1394 1240 τω
1419 1174 1614 1239 σταυρῶ
1639 1169 1806 1222 πάθος.

273 1388 319 1423 16
342 1384 490 1426 Οὕτως
530 1385 607 1441 Γὰρ
647 1385 866 1432 *El-(imma)
901 1385 923 1426 ὁ
958 1384 1067 1426 Θεὸς
1104 1384 1177 1427 τὸν
1214 1386 1386 1436 κόσμον,
1421 1386 1533 1426 ὥστε
1571 1383 1644 1425 τὸν
1670 1381 1768 1424 Υἷὸν
1805 1383 1933 1423 αὐτοῦ

405 1468 478 1510 τὸν
528 1472 736 1516 novos-ew]
787 1467 965 1519 ἔδωκεν,
1014 1468 1082 1508 ἵνα
1131 1472 1216 1509 Πᾶς
1264 1469 1287 1510 ὁ
1335 1468 1548 1510 Πιστεύων
1592 1466 1652 1508 εἰς
1701 1467 1830 1509 αὐτὸν
1872 1467 1929 1517 μὴ

404 1552 621 1593 ἀΠόΑΗται
659 1552 748 1592 ἀλλ’
791 1552 866 1608 ἕχῌ
905 1551 1014 1608 ζωήν
1054 1549 1246 1596 αἰώνιον,
1824 1598 1829 1601 X
1954 1562 2001 1601 15

409 1682 716 1751 Ἀναφανδὸν
746 1684 795 1733 ἐν
829 1683 1008 1736 τούτοις
1043 1683 1114 1734 ὅτι
1147 1684 1270 1738 Θεὸς
1305 1682 1424 1734 κατὰ
1460 1682 1610 1752 φύσιν
1640 1684 1772 1734 ἐστὶν
1801 1683 1924 1734 ἐπεί-

335 1787 468 1829 γεται
513 1768 703 1829 δηλοῦν,
743 1764 870 1831 ε’ίπερ
915 1764 1098 1830 ἀνάγκη
1144 1770 1264 1816 νοεῖν
1302 1765 1384 1816 τὸν
1422 1767 1472 1816 ἐκ
1515 1769 1641 1816 Θεοῦ
1683 1765 1930 1834 πεφηνότα

338 1845 529 1912 Πατρὸς
566 1844 680 1897 εἶναι
719 1845 777 1910 δὴ
813 1845 1004 1900 πάντως
1041 1849 1117 1898 καὶ
1151 1847 1290 1910 Θεὸν,
1318 1849 1400 1899 οὐκ
1434 1846 1637 1899 ἐπακτὸν
1671 1846 1841 1915 ἔχοντα
1874 1847 1928 1898 τὸ

294 1950 316 1976 c
336 1927 536 1996 ἀξίωμα,
576 1927 788 1993 καθάπερ
825 1928 971 1991 ἡμεῖς,
1013 1929 1124 1980 ἀλλ’
1166 1928 1441 1998 ὑπάρχοντα
1481 1936 1620 1981 τοῦτο
1661 1930 1759 1980 κατ’
1801 1927 1922 1994 ἀλή-

335 2013 476 2068 θειαν,
504 2010 619 2075 ὅπερ
645 2008 759 2060 εἶναι
785 2010 1071 2062 πιστεύεται.
1127 2015 1426 2075 οἰκονομικῶς
1463 2010 1511 2062 δὲ
1546 2017 1685 2062 τοῦτο
1712 2013 1786 2062 καὶ
1817 2011 1927 2062 λιάν
1948 2036 1998 2061 20

333 2094 472 2157 φησι,
501 2090 585 2156 τὴν
612 2095 675 2146 εἱς
710 2093 831 2156 ἡμᾶς
865 2099 949 2143 τοῦ
977 2097 1102 2144 Θεοῦ
1136 2096 1212 2145 καὶ
1240 2093 1432 2160 Πατρὸς
1467 2094 1763 2163 παραζεύξας
1799 2091 1923 2159 ἁγά-

331 2195 483 2236 πησιν
514 2174 710 2241 εὐφυῶς,
739 2173 1020 2243 εὐαφόρμως
1056 2199 1104 2226 τε
1139 2177 1249 2226 λιαν
1276 2180 1339 2230 εἰς
1373 2175 1456 2227 τὸν
1481 2178 1555 2227 ε’πι
1590 2175 1740 2227 τούτω
1776 2174 1926 2241 λόγον

329 2255 594 2322 ἐρχόμενος.
663 2259 878 2307 δυσωπεῖ
917 2257 1002 2319 μὲν
1042 2257 1135 2323 γὰρ
1176 2260 1461 2309 ἀπειθοῦντα
1505 2259 1588 2309 τὸν
1627 2228 1920 2322 Νικόδημον,

328 2341 521 2400 μᾶλλον
560 2338 608 2389 δὲ
650 2338 738 2402 ἤδη
784 2361 859 2388 και
906 2341 1176 2397 ἀσεβοῦντα
1215 2341 1420 2392 δεικνυει.
1485 2340 1540 2391 τὸ
1580 2339 1673 2406 γὰρ
1711 2340 1775 2404 μὴ
1815 2337 1926 2391 λιαν

329 2420 525 2483 ἑτοίμως
560 2422 633 2471 ἐπι
669 2419 724 2470 τὸ
757 2443 997 2471 πιστευειν
1031 2422 1157 2484 ἱεναι,
1191 2426 1317 2473 Θεοῦ
1352 2445 1396 2473 τι
1432 2423 1752 2485 διδάσκοντος,
1789 2423 1839 2473 τί
1865 2420 1923 2473 ἂν
1943 2443 1992 2480 25

327 2501 482 2568 ἕτερον
513 2502 581 2567 ε’ίη
618 2501 802 2564 λοιπὸν,
832 2501 858 2567 ἢ
894 2506 961 2572 τῷ
996 2509 1079 2554 τοῦ
1115 2504 1320 2571 ψεύδους
1354 2504 1615 2570 ἐγκλήματι
1649 2509 1922 2570 περιβαλεῖν

326 2581 413 2646 τὴν
437 2583 694 2649 ἀλήθειαν;
736 2581 834 2635 εἶτα
858 2582 976 2650 πρὸς
1003 2585 1155 2655 τούτῳ
1182 2586 1406 2637 δεδόσθαι
1433 2587 1588 2652 λέγων
1614 2585 1780 2638 ἑαυτὸν
1806 2585 1922 2653 ὑπὲρ

378 2746 407 2769 1.
433 2734 492 2777 τὴν
516 2734 695 2779 ἀνθρώπου
721 2735 891 2770 δάκνουσα
916 2735 1020 2770 edidi
1041 2735 1211 2770 δάκνουσα
1236 2736 1295 2780 τὴν
1318 2736 1498 2780 ἀνθρώπου
1526 2736 1568 2772 Β.
1586 2737 1647 2782 τὴν
1667 2738 1813 2773 εκάστου
1839 2738 1918 2773 δάκ-

326 2795 433 2815 νουσα
452 2781 518 2815 Ed.
702 2793 734 2816 2.
760 2781 994 2827 φαυλότητος]
1014 2783 1265 2827 φιλαυτότητος
1287 2783 1327 2817 B.
1347 2783 1392 2818 cf.
1412 2795 1478 2828 sup
1481 2795 1519 2818 ra
1536 2785 1581 2830 89
1600 2784 1635 2818 d.
1820 2796 1873 2820 11.
1899 2785 1917 2829 ἦ

325 2835 549 2872 assumptum
567 2839 607 2861 ex
630 2828 670 2862 B.
802 2839 854 2862 12.
880 2844 946 2863 που
964 2841 1034 2863 om.
1055 2829 1094 2863 Β.
1229 2839 1281 2871 15.
1309 2830 1349 2875 ἕχ
1353 2845 1381 2863 ει
1400 2830 1446 2864 D.
1466 2831 1509 2864 cf.
1529 2842 1564 2865 1n
1582 2831 1630 2865 xii
1648 2831 1779 2876 Proph.
1798 2841 1865 2890 557
1882 2831 1917 2873 d,

325 2873 422 2907 ubi''
404 2889 443 2919 εχ
446 2889 474 2907 ει
491 2874 596 2908 habet
616 2875 662 2908 D.
795 2884 847 2919 17.
874 2876 1010 2919 δηλοῦν,
1029 2874 1143 2920 εἴπερ]
1163 2876 1310 2919 δηλοῦσι
1327 2891 1391 2921 περ
1413 2877 1454 2911 Β.
1569 2889 1623 2912 20.
1650 2880 1751 2912 τοῦτο
1769 2879 1823 2912 καὶ
1839 2879 1918 2913 λιαν

324 2919 390 2953 hoc
408 2920 530 2954 ordine
549 2921 591 2954 B.
609 2922 688 2956 λίαν
706 2922 759 2955 καὶ
776 2924 876 2955 τοῦτο
896 2922 962 2957 Ed.
1121 2933 1224 2967 23.·γ
1226 2925 1268 2966 ὰρ
1287 2935 1356 2957 orn.
1379 2923 1420 2958 B.
1578 2935 1633 2967 24.
1659 2925 1853 2965 ἀσεβουντα
1873 2925 1916 2960 Β.

323 2965 525 3000 ἀπειθοῦντα
544 2967 611 3001 Ed.
802 2969 999 3003 ,δεδόσθαι
1021 2968 1061 3003 Β.
1080 2969 1239 3004 δίδοσθαι
1247 2937 1327 3003 ρ.Εά
