<?xml version="1.0" encoding="UTF-8"?>
<!DOCTYPE html PUBLIC "-//W3C//DTD XHTML 1.0 Transitional//EN"
    "http://www.w3.org/TR/xhtml1/DTD/xhtml1-transitional.dtd">
<html xmlns="http://www.w3.org/1999/xhtml" xml:lang="en" lang="en">
 <head>
  <title>
</title>
<meta http-equiv="Content-Type" content="text/html;charset=utf-8" />
  <meta name='ocr-system' content='tesseract 3.04.00' />
  <meta name='ocr-capabilities' content='ocr_page ocr_carea ocr_par ocr_line ocrx_word'/>
</head>
<body>
  <div class='ocr_page' id='page_1' title='image "./operacyrilli03cyriuoft/operacyrilli03cyriuoft_0215.png"; bbox 0 0 2084 3317; ppageno 0'>
   <div class='ocr_carea' id='block_1_1' title="bbox 348 590 1486 637">
    <p class='ocr_par' dir='ltr' id='par_1_1' title="bbox 348 590 1486 637">
     <span class='ocr_line' id='line_1_1' title="bbox 348 590 1486 637; baseline -0.002 -1"><span class='ocrx_word' id='word_1_1' title='bbox 348 592 482 637; x_wconf 88' lang='grc' dir='ltr'>ΤΟΥ</span> <span class='ocrx_word' id='word_1_2' title='bbox 530 591 625 637; x_wconf 90' lang='grc' dir='ltr'>ΕΝ</span> <span class='ocrx_word' id='word_1_3' title='bbox 672 591 905 637; x_wconf 86' lang='grc' dir='ltr'><strong>ΑΓΙΟΙΣ</strong></span> <span class='ocrx_word' id='word_1_4' title='bbox 955 591 1236 636; x_wconf 85' lang='grc' dir='ltr'><strong>ΠΑΤΡΟΣ</strong></span> <span class='ocrx_word' id='word_1_5' title='bbox 1287 590 1486 635; x_wconf 84' lang='grc' dir='ltr'>ΗΜΩΝ</span> 
     </span>
    </p>
   </div>
   <div class='ocr_carea' id='block_1_2' title="bbox 586 762 1251 833">
    <p class='ocr_par' dir='ltr' id='par_1_2' title="bbox 586 762 1251 833">
     <span class='ocr_line' id='line_1_2' title="bbox 586 762 1251 833; baseline -0.003 -1"><span class='ocrx_word' id='word_1_6' title='bbox 586 762 1251 833; x_wconf 76' lang='grc' dir='ltr'><strong>ΚΥΡΙΛΛΟΥ</strong></span> 
     </span>
    </p>
   </div>
   <div class='ocr_carea' id='block_1_3' title="bbox 433 954 1405 986">
    <p class='ocr_par' dir='ltr' id='par_1_3' title="bbox 433 954 1405 986">
     <span class='ocr_line' id='line_1_3' title="bbox 433 954 1405 986; baseline -0.001 -2"><span class='ocrx_word' id='word_1_7' title='bbox 433 955 915 985; x_wconf 85' lang='grc' dir='ltr'>ΑΡΧΙΕΠΙΣΚΟΠΟΥ</span> <span class='ocrx_word' id='word_1_8' title='bbox 958 954 1405 986; x_wconf 85' lang='grc' dir='ltr'><strong>ΑΛΕΞΑΝΔΡΕΙΑΣ</strong></span> 
     </span>
    </p>
   </div>
   <div class='ocr_carea' id='block_1_4' title="bbox 222 1100 1616 1151">
    <p class='ocr_par' dir='ltr' id='par_1_4' title="bbox 222 1100 1616 1151">
     <span class='ocr_line' id='line_1_4' title="bbox 222 1100 1616 1151; baseline -0.001 -2"><span class='ocrx_word' id='word_1_9' title='bbox 222 1102 332 1149; x_wconf 87' lang='grc' dir='ltr'>ΕΙΣ</span> <span class='ocrx_word' id='word_1_10' title='bbox 384 1102 478 1151; x_wconf 88' lang='grc' dir='ltr'>ΤΟ</span> <span class='ocrx_word' id='word_1_11' title='bbox 532 1103 721 1151; x_wconf 87' lang='grc' dir='ltr'>ΚΑΤΑ</span> <span class='ocrx_word' id='word_1_12' title='bbox 776 1102 1105 1151; x_wconf 87' lang='grc' dir='ltr'>ΙΩΑΝΝΗΝ</span> <span class='ocrx_word' id='word_1_13' title='bbox 1158 1100 1616 1150; x_wconf 81' lang='grc' dir='ltr'><strong>ΕΥΑΓΓΕΛΙΟΝ.</strong></span> 
     </span>
    </p>
   </div>
   <div class='ocr_carea' id='block_1_5' title="bbox 747 1308 1091 1344">
    <p class='ocr_par' dir='ltr' id='par_1_5' title="bbox 747 1308 1091 1344">
     <span class='ocr_line' id='line_1_5' title="bbox 747 1308 1091 1344; baseline 0 0"><span class='ocrx_word' id='word_1_14' title='bbox 747 1315 994 1344; x_wconf 83' lang='grc' dir='ltr'><strong>ΒΙΒΛΙΟΝ</strong></span> <span class='ocrx_word' id='word_1_15' title='bbox 1046 1308 1091 1344; x_wconf 81' lang='lat' dir='ltr'>B&#39;.</span> 
     </span>
    </p>
   </div>
   <div class='ocr_carea' id='block_1_6' title="bbox 83 1306 105 1343">
    <p class='ocr_par' dir='ltr' id='par_1_6' title="bbox 83 1306 105 1343">
     <span class='ocr_line' id='line_1_6' title="bbox 83 1306 105 1343; textangle 90"><span class='ocrx_word' id='word_1_16' title='bbox 83 1306 105 1343; x_wconf 69' lang='lat'>01</span> 
     </span>
    </p>
   </div>
   <div class='ocr_carea' id='block_1_7' title="bbox 0 1477 1943 1928">
    <p class='ocr_par' dir='ltr' id='par_1_7' title="bbox 0 1477 1943 1928">
     <span class='ocr_line' id='line_1_7' title="bbox 223 1477 1789 1539; baseline -0.004 -17"><span class='ocrx_word' id='word_1_17' title='bbox 223 1480 286 1539; x_wconf 60' lang='grc' dir='ltr'>Τῇ</span> <span class='ocrx_word' id='word_1_18' title='bbox 326 1480 531 1538; x_wconf 80' lang='grc' dir='ltr'>ἐπαύριον</span> <span class='ocrx_word' id='word_1_19' title='bbox 571 1481 717 1532; x_wconf 77' lang='grc' dir='ltr'>βλέπει</span> <span class='ocrx_word' id='word_1_20' title='bbox 752 1481 825 1525; x_wconf 84' lang='grc' dir='ltr'>τὸν</span> <span class='ocrx_word' id='word_1_21' title='bbox 857 1482 1024 1525; x_wconf 81' lang='grc' dir='ltr'>ἸΗσοῦν</span> <span class='ocrx_word' id='word_1_22' title='bbox 1063 1481 1295 1538; x_wconf 73' lang='grc' dir='ltr'>ἐρχόμενον</span> <span class='ocrx_word' id='word_1_23' title='bbox 1333 1478 1441 1535; x_wconf 72' lang='grc' dir='ltr'>Πρὸς</span> <span class='ocrx_word' id='word_1_24' title='bbox 1480 1477 1622 1522; x_wconf 80' lang='grc' dir='ltr'>αὐτόν.</span> <span class='ocrx_word' id='word_1_25' title='bbox 1742 1498 1789 1534; x_wconf 87' lang='lat'>29</span> 
     </span>
     <span class='ocr_line' id='line_1_8' title="bbox 1736 1559 1943 1596; baseline -0.01 0"><span class='ocrx_word' id='word_1_26' title='bbox 1736 1571 1759 1596; x_wconf 83' lang='lat' dir='ltr'>a</span> <span class='ocrx_word' id='word_1_27' title='bbox 1805 1561 1876 1596; x_wconf 84' lang='lat'>113</span> <span class='ocrx_word' id='word_1_28' title='bbox 1891 1559 1943 1594; x_wconf 89' lang='lat' dir='ltr'>A.</span> 
     </span>
     <span class='ocr_line' id='line_1_9' title="bbox 200 1607 1717 1684; baseline -0.003 -20"><span class='ocrx_word' id='word_1_29' title='bbox 200 1613 309 1664; x_wconf 90' lang='lat' dir='ltr'>’EN</span> <span class='ocrx_word' id='word_1_30' title='bbox 348 1613 499 1684; x_wconf 75' lang='grc' dir='ltr'>ὀλίγῳ</span> <span class='ocrx_word' id='word_1_31' title='bbox 538 1615 706 1682; x_wconf 84' lang='grc' dir='ltr'>κομιδῇ</span> <span class='ocrx_word' id='word_1_32' title='bbox 744 1617 811 1684; x_wconf 71' lang='grc' dir='ltr'>τῷ</span> <span class='ocrx_word' id='word_1_33' title='bbox 850 1617 997 1682; x_wconf 74' lang='grc' dir='ltr'>καιρῷ</span> <span class='ocrx_word' id='word_1_34' title='bbox 1034 1612 1284 1683; x_wconf 82' lang='grc' dir='ltr'>προφήτης</span> <span class='ocrx_word' id='word_1_35' title='bbox 1324 1613 1441 1675; x_wconf 84' lang='grc' dir='ltr'>ὁμοῦ</span> <span class='ocrx_word' id='word_1_36' title='bbox 1480 1612 1555 1662; x_wconf 75' lang='grc' dir='ltr'>καὶ</span> <span class='ocrx_word' id='word_1_37' title='bbox 1594 1607 1717 1662; x_wconf 81' lang='grc' dir='ltr'>ἀπό-</span> 
     </span>
     <span class='ocr_line' id='line_1_10' title="bbox 125 1693 1717 1763; baseline -0.003 -17"><span class='ocrx_word' id='word_1_38' title='bbox 125 1702 306 1750; x_wconf 75' lang='grc' dir='ltr'>στολος</span> <span class='ocrx_word' id='word_1_39' title='bbox 333 1695 357 1746; x_wconf 81' lang='grc' dir='ltr'>ὁ</span> <span class='ocrx_word' id='word_1_40' title='bbox 388 1695 662 1760; x_wconf 81' lang='grc' dir='ltr'>βαπτιστὴς</span> <span class='ocrx_word' id='word_1_41' title='bbox 693 1696 1027 1747; x_wconf 82' lang='grc' dir='ltr'>ἀναδείκνυται·</span> <span class='ocrx_word' id='word_1_42' title='bbox 1077 1694 1131 1746; x_wconf 69' lang='grc' dir='ltr'>ὃν</span> <span class='ocrx_word' id='word_1_43' title='bbox 1157 1693 1251 1762; x_wconf 76' lang='grc' dir='ltr'>γὰρ</span> <span class='ocrx_word' id='word_1_44' title='bbox 1277 1696 1339 1749; x_wconf 79' lang='grc' dir='ltr'>ὡς</span> <span class='ocrx_word' id='word_1_45' title='bbox 1365 1693 1543 1763; x_wconf 78' lang='grc' dir='ltr'>ἥξοντα</span> <span class='ocrx_word' id='word_1_46' title='bbox 1576 1714 1717 1759; x_wconf 88' lang='grc' dir='ltr'>προε-</span> 
     </span>
     <span class='ocr_line' id='line_1_11' title="bbox 127 1773 1724 1845; baseline -0.002 -18"><span class='ocrx_word' id='word_1_47' title='bbox 127 1775 345 1844; x_wconf 86' lang='grc' dir='ltr'>κήρυττε,</span> <span class='ocrx_word' id='word_1_48' title='bbox 384 1783 552 1829; x_wconf 87' lang='grc' dir='ltr'>τοῦτον</span> <span class='ocrx_word' id='word_1_49' title='bbox 590 1777 680 1842; x_wconf 74' lang='grc' dir='ltr'>ἤδη</span> <span class='ocrx_word' id='word_1_50' title='bbox 718 1777 933 1845; x_wconf 88' lang='grc' dir='ltr'>παρόντα</span> <span class='ocrx_word' id='word_1_51' title='bbox 973 1778 1192 1829; x_wconf 84' lang='grc' dir='ltr'>δείκνυσι.</span> <span class='ocrx_word' id='word_1_52' title='bbox 1259 1775 1336 1826; x_wconf 76' lang='grc' dir='ltr'>διὰ</span> <span class='ocrx_word' id='word_1_53' title='bbox 1374 1781 1514 1827; x_wconf 84' lang='grc' dir='ltr'>τοῦτο</span> <span class='ocrx_word' id='word_1_54' title='bbox 1554 1776 1631 1825; x_wconf 79' lang='grc' dir='ltr'>καὶ</span> <span class='ocrx_word' id='word_1_55' title='bbox 1669 1773 1724 1824; x_wconf 82' lang='grc' dir='ltr'>τὸ</span> 
     </span>
     <span class='ocr_line' id='line_1_12' title="bbox 0 1855 1724 1928; baseline -0.002 -18"><span class='ocrx_word' id='word_1_56' title='bbox 0 1890 1 1898; x_wconf 51' lang='lat'>1</span> <span class='ocrx_word' id='word_1_57' title='bbox 60 1884 109 1910; x_wconf 92' lang='lat'>10</span> <span class='ocrx_word' id='word_1_58' title='bbox 126 1863 388 1928; x_wconf 80' lang='grc' dir='ltr'>προφητῶν</span> <span class='ocrx_word' id='word_1_59' title='bbox 414 1859 683 1925; x_wconf 82' lang='grc' dir='ltr'>ἀνεπήδησε</span> <span class='ocrx_word' id='word_1_60' title='bbox 711 1860 897 1926; x_wconf 81' lang='grc' dir='ltr'>μέτρον,</span> <span class='ocrx_word' id='word_1_61' title='bbox 925 1862 988 1914; x_wconf 79' lang='grc' dir='ltr'>ὡς</span> <span class='ocrx_word' id='word_1_62' title='bbox 1023 1859 1161 1913; x_wconf 80' lang='grc' dir='ltr'>αὐτός</span> <span class='ocrx_word' id='word_1_63' title='bbox 1195 1881 1288 1910; x_wconf 90' lang='grc' dir='ltr'>που</span> <span class='ocrx_word' id='word_1_64' title='bbox 1323 1860 1475 1928; x_wconf 74' lang='grc' dir='ltr'>φησὶν</span> <span class='ocrx_word' id='word_1_65' title='bbox 1503 1859 1528 1908; x_wconf 87' lang='grc' dir='ltr'>ὁ</span> <span class='ocrx_word' id='word_1_66' title='bbox 1556 1855 1724 1922; x_wconf 84' lang='grc' dir='ltr'>Σωτὴρ</span> 
     </span>
    </p>
   </div>
   <div class='ocr_carea' id='block_1_8' title="bbox 1190 1947 1210 1956">
    <p class='ocr_par' dir='ltr' id='par_1_8' title="bbox 1190 1947 1210 1956">
     <span class='ocr_line' id='line_1_13' title="bbox 1190 1947 1210 1956; baseline 0 -2"><span class='ocrx_word' id='word_1_67' title='bbox 1190 1947 1210 1956; x_wconf 61' lang='lat' dir='ltr'><strong>a</strong></span> 
     </span>
    </p>
   </div>
   <div class='ocr_carea' id='block_1_9' title="bbox 0 1937 1947 2343">
    <p class='ocr_par' dir='ltr' id='par_1_9' title="bbox 127 1937 1947 2093">
     <span class='ocr_line' id='line_1_14' title="bbox 127 1937 1947 2018; baseline -0.002 -25"><span class='ocrx_word' id='word_1_68' title='bbox 127 1940 246 2008; x_wconf 80' lang='grc' dir='ltr'>πρὸς</span> <span class='ocrx_word' id='word_1_69' title='bbox 272 1941 526 1995; x_wconf 77' lang='grc' dir='ltr'>Ἰουδαίους</span> <span class='ocrx_word' id='word_1_70' title='bbox 560 1941 894 2008; x_wconf 81' lang='grc' dir='ltr'>διαλεγόμενος·</span> <span class='ocrx_word' id='word_1_71' title='bbox 928 1943 1034 2007; x_wconf 79' lang='grc' dir='ltr'>περὶ</span> <span class='ocrx_word' id='word_1_72' title='bbox 1068 1942 1211 1993; x_wconf 82' lang='grc' dir='ltr'>αὐτου</span> <span class='ocrx_word' id='word_1_73' title='bbox 1250 1948 1278 1970; x_wconf 85' lang='grc'><strong>“</strong></span> <span class='ocrx_word' id='word_1_74' title='bbox 1299 1941 1365 1992; x_wconf 90' lang='grc' dir='ltr'>Τί</span> <span class='ocrx_word' id='word_1_75' title='bbox 1394 1937 1628 2009; x_wconf 78' lang='grc' dir='ltr'>ἐξήλθατε</span> <span class='ocrx_word' id='word_1_76' title='bbox 1662 1941 1726 1991; x_wconf 72' lang='grc' dir='ltr'>εἷς</span> <span class='ocrx_word' id='word_1_77' title='bbox 1784 1941 1947 2018; x_wconf 53' lang='lat' dir='ltr'>{Mamm</span> 
     </span>
     <span class='ocr_line' id='line_1_15' title="bbox 129 1997 1871 2093; baseline -0.001 -19"><span class='ocrx_word' id='word_1_78' title='bbox 129 2030 156 2054; x_wconf 85' lang='lat'><strong>“</strong></span> <span class='ocrx_word' id='word_1_79' title='bbox 181 2022 267 2088; x_wconf 90' lang='grc' dir='ltr'>τὴν</span> <span class='ocrx_word' id='word_1_80' title='bbox 297 2023 471 2090; x_wconf 65' lang='grc' dir='ltr'>ἔρημον</span> <span class='ocrx_word' id='word_1_81' title='bbox 504 2027 644 2087; x_wconf 53' lang='lat' dir='ltr'>metm</span> <span class='ocrx_word' id='word_1_82' title='bbox 687 2024 971 2093; x_wconf 84' lang='grc' dir='ltr'>προφήτην;</span> <span class='ocrx_word' id='word_1_83' title='bbox 1016 2025 1089 2075; x_wconf 79' lang='grc' dir='ltr'>ναὶ</span> <span class='ocrx_word' id='word_1_84' title='bbox 1125 2023 1252 2090; x_wconf 79' lang='grc' dir='ltr'>λέγω</span> <span class='ocrx_word' id='word_1_85' title='bbox 1287 2024 1410 2086; x_wconf 84' lang='grc' dir='ltr'>ὑμῖν,</span> <span class='ocrx_word' id='word_1_86' title='bbox 1439 2023 1515 2073; x_wconf 82' lang='grc' dir='ltr'>καὶ</span> <span class='ocrx_word' id='word_1_87' title='bbox 1548 2031 1768 2087; x_wconf 68' lang='grc' dir='ltr'>περισ-Ι)</span> <span class='ocrx_word' id='word_1_88' title='bbox 1821 1997 1871 2028; x_wconf 88' lang='lat'>·9-</span> 
     </span>
    </p>

    <p class='ocr_par' dir='ltr' id='par_1_10' title="bbox 128 2103 1727 2258">
     <span class='ocr_line' id='line_1_16' title="bbox 129 2103 1726 2175; baseline -0.003 -19"><span class='ocrx_word' id='word_1_89' title='bbox 129 2112 156 2136; x_wconf 75' lang='lat'>‘⁶</span> <span class='ocrx_word' id='word_1_90' title='bbox 182 2104 382 2172; x_wconf 88' lang='grc' dir='ltr'>σότερον</span> <span class='ocrx_word' id='word_1_91' title='bbox 406 2105 702 2175; x_wconf 85' lang='grc' dir='ltr'>προφήτου.”</span> <span class='ocrx_word' id='word_1_92' title='bbox 744 2110 786 2157; x_wconf 82' lang='grc' dir='ltr'>οἱ</span> <span class='ocrx_word' id='word_1_93' title='bbox 822 2106 908 2170; x_wconf 81' lang='grc' dir='ltr'>μὲν</span> <span class='ocrx_word' id='word_1_94' title='bbox 933 2104 1027 2173; x_wconf 79' lang='grc' dir='ltr'>γὰρ</span> <span class='ocrx_word' id='word_1_95' title='bbox 1061 2104 1182 2156; x_wconf 82' lang='grc' dir='ltr'>κατὰ</span> <span class='ocrx_word' id='word_1_96' title='bbox 1217 2103 1403 2171; x_wconf 80' lang='grc' dir='ltr'>καιροὺς</span> <span class='ocrx_word' id='word_1_97' title='bbox 1439 2103 1509 2155; x_wconf 80' lang='grc' dir='ltr'>ὅτι</span> <span class='ocrx_word' id='word_1_98' title='bbox 1545 2105 1726 2153; x_wconf 82' lang='grc' dir='ltr'>ἀναδει-</span> 
     </span>
     <span class='ocr_line' id='line_1_17' title="bbox 128 2185 1727 2258; baseline -0.003 -18"><span class='ocrx_word' id='word_1_99' title='bbox 128 2188 358 2256; x_wconf 86' lang='grc' dir='ltr'>χθήσεται</span> <span class='ocrx_word' id='word_1_100' title='bbox 400 2186 616 2255; x_wconf 79' lang='grc' dir='ltr'>Χριστὸς</span> <span class='ocrx_word' id='word_1_101' title='bbox 659 2188 1003 2258; x_wconf 86' lang='grc' dir='ltr'>προεφήτευον,</span> <span class='ocrx_word' id='word_1_102' title='bbox 1050 2189 1075 2238; x_wconf 86' lang='grc' dir='ltr'>ὁ</span> <span class='ocrx_word' id='word_1_103' title='bbox 1121 2186 1169 2238; x_wconf 83' lang='grc' dir='ltr'>δὲ</span> <span class='ocrx_word' id='word_1_104' title='bbox 1216 2189 1279 2241; x_wconf 79' lang='grc' dir='ltr'>ὡς</span> <span class='ocrx_word' id='word_1_105' title='bbox 1325 2187 1427 2256; x_wconf 80' lang='grc' dir='ltr'>ἥξει</span> <span class='ocrx_word' id='word_1_106' title='bbox 1475 2190 1606 2247; x_wconf 81' lang='grc' dir='ltr'>βοῶν</span> <span class='ocrx_word' id='word_1_107' title='bbox 1650 2185 1727 2236; x_wconf 78' lang='grc' dir='ltr'>καὶ</span> 
     </span>
    </p>

    <p class='ocr_par' dir='ltr' id='par_1_11' title="bbox 0 2266 1727 2343">
     <span class='ocr_line' id='line_1_18' title="bbox 0 2266 1727 2343; baseline -0.001 -24"><span class='ocrx_word' id='word_1_108' title='bbox 0 2281 9 2299; x_wconf 65' lang='lat'>&#39;²</span> <span class='ocrx_word' id='word_1_109' title='bbox 65 2289 111 2329; x_wconf 91' lang='lat'>15</span> <span class='ocrx_word' id='word_1_110' title='bbox 128 2269 342 2337; x_wconf 87' lang='grc' dir='ltr'>παρόντα</span> <span class='ocrx_word' id='word_1_111' title='bbox 381 2271 569 2338; x_wconf 82' lang='grc' dir='ltr'>δέδειχε.</span> <span class='ocrx_word' id='word_1_112' title='bbox 642 2272 693 2343; x_wconf 66' lang='grc' dir='ltr'>τῇ</span> <span class='ocrx_word' id='word_1_113' title='bbox 729 2270 823 2338; x_wconf 80' lang='grc' dir='ltr'>γὰρ</span> <span class='ocrx_word' id='word_1_114' title='bbox 864 2269 1060 2340; x_wconf 74' lang='grc' dir='ltr'>ἑπαύριόν</span> <span class='ocrx_word' id='word_1_115' title='bbox 1099 2269 1431 2338; x_wconf 68' lang='grc' dir='ltr'>φησιβλέπει</span> <span class='ocrx_word' id='word_1_116' title='bbox 1471 2266 1538 2320; x_wconf 69' lang='grc' dir='ltr'>τέν</span> <span class='ocrx_word' id='word_1_117' title='bbox 1567 2267 1727 2327; x_wconf 70' lang='grc' dir='ltr'>Ἰησοῦν</span> 
     </span>
    </p>
   </div>
   <div class='ocr_carea' id='block_1_10' title="bbox 131 2352 672 2423">
    <p class='ocr_par' dir='ltr' id='par_1_12' title="bbox 131 2352 672 2423">
     <span class='ocr_line' id='line_1_19' title="bbox 131 2352 672 2423; baseline 0 -19"><span class='ocrx_word' id='word_1_118' title='bbox 131 2352 351 2423; x_wconf 70' lang='grc' dir='ltr'>ἐρχόμενον</span> <span class='ocrx_word' id='word_1_119' title='bbox 384 2355 491 2420; x_wconf 62' lang='grc' dir='ltr'>πρὶς</span> <span class='ocrx_word' id='word_1_120' title='bbox 531 2355 672 2405; x_wconf 74' lang='grc' dir='ltr'>αὐτόν.</span> 
     </span>
    </p>
   </div>
   <div class='ocr_carea' id='block_1_11' title="bbox 207 2514 1643 2665">
    <p class='ocr_par' dir='ltr' id='par_1_13' title="bbox 207 2514 1643 2665">
     <span class='ocr_line' id='line_1_20' title="bbox 207 2514 1643 2576; baseline -0.005 -14"><span class='ocrx_word' id='word_1_121' title='bbox 207 2521 281 2563; x_wconf 83' lang='grc' dir='ltr'>Καὶ</span> <span class='ocrx_word' id='word_1_122' title='bbox 320 2521 435 2569; x_wconf 79' lang='grc' dir='ltr'>λέΓει</span> <span class='ocrx_word' id='word_1_123' title='bbox 463 2520 549 2563; x_wconf 76' lang='grc' dir='ltr'>Ἴδε</span> <span class='ocrx_word' id='word_1_124' title='bbox 587 2521 610 2563; x_wconf 84' lang='grc' dir='ltr'>ὁ</span> <span class='ocrx_word' id='word_1_125' title='bbox 648 2520 783 2570; x_wconf 70' lang='grc' dir='ltr'>ἀμνὸς</span> <span class='ocrx_word' id='word_1_126' title='bbox 824 2522 895 2562; x_wconf 80' lang='grc' dir='ltr'>τοῦ</span> <span class='ocrx_word' id='word_1_127' title='bbox 935 2519 1046 2561; x_wconf 83' lang='grc' dir='ltr'>Θεοῦ</span> <span class='ocrx_word' id='word_1_128' title='bbox 1084 2520 1106 2562; x_wconf 87' lang='grc' dir='ltr'>ὀ</span> <span class='ocrx_word' id='word_1_129' title='bbox 1145 2515 1283 2576; x_wconf 73' lang='grc' dir='ltr'>αἴρων</span> <span class='ocrx_word' id='word_1_130' title='bbox 1316 2517 1393 2559; x_wconf 61' lang='grc' dir='ltr'>τέιν</span> <span class='ocrx_word' id='word_1_131' title='bbox 1431 2514 1643 2573; x_wconf 80' lang='grc' dir='ltr'>ἁμαρτίαν</span> 
     </span>
     <span class='ocr_line' id='line_1_21' title="bbox 790 2616 1077 2665; baseline -0.003 -8"><span class='ocrx_word' id='word_1_132' title='bbox 790 2619 863 2658; x_wconf 83' lang='grc' dir='ltr'>τοῦ</span> <span class='ocrx_word' id='word_1_133' title='bbox 903 2616 1077 2665; x_wconf 82' lang='grc' dir='ltr'>κόσμου.</span> 
     </span>
    </p>
   </div>
   <div class='ocr_carea' id='block_1_12' title="bbox 210 2723 1721 2794">
    <p class='ocr_par' dir='ltr' id='par_1_14' title="bbox 210 2723 1721 2794">
     <span class='ocr_line' id='line_1_22' title="bbox 210 2723 1721 2794; baseline -0.005 -13"><span class='ocrx_word' id='word_1_134' title='bbox 210 2728 382 2781; x_wconf 82' lang='grc' dir='ltr'>Οὐκέτι</span> <span class='ocrx_word' id='word_1_135' title='bbox 420 2730 474 2781; x_wconf 87' lang='grc' dir='ltr'>τό</span> <span class='ocrx_word' id='word_1_136' title='bbox 513 2729 832 2794; x_wconf 83' lang='grc' dir='ltr'>Ἑτοιμάσατε</span> <span class='ocrx_word' id='word_1_137' title='bbox 877 2728 963 2793; x_wconf 90' lang='grc' dir='ltr'>τὴν</span> <span class='ocrx_word' id='word_1_138' title='bbox 1001 2727 1111 2780; x_wconf 79' lang='grc' dir='ltr'>ὁδὸν</span> <span class='ocrx_word' id='word_1_139' title='bbox 1150 2726 1312 2793; x_wconf 81' lang='grc' dir='ltr'>καιρὸν</span> <span class='ocrx_word' id='word_1_140' title='bbox 1350 2726 1444 2792; x_wconf 78' lang='grc' dir='ltr'>ἔχει</span> <span class='ocrx_word' id='word_1_141' title='bbox 1487 2724 1570 2775; x_wconf 85' lang='grc' dir='ltr'>τὸν</span> <span class='ocrx_word' id='word_1_142' title='bbox 1607 2723 1721 2789; x_wconf 79' lang='grc' dir='ltr'>πρέ-</span> 
     </span>
    </p>
   </div>
   <div class='ocr_carea' id='block_1_13' title="bbox 137 2862 1728 3008">
    <p class='ocr_par' dir='ltr' id='par_1_15' title="bbox 137 2862 1728 3008">
     <span class='ocr_line' id='line_1_23' title="bbox 187 2862 1728 2912; baseline -0.005 -9"><span class='ocrx_word' id='word_1_143' title='bbox 187 2882 264 2912; x_wconf 83' lang='lat'>1-4.</span> <span class='ocrx_word' id='word_1_144' title='bbox 291 2870 343 2904; x_wconf 87' lang='lat' dir='ltr'>tit.</span> <span class='ocrx_word' id='word_1_145' title='bbox 363 2869 489 2903; x_wconf 79' lang='lat' dir='ltr'>retinui</span> <span class='ocrx_word' id='word_1_146' title='bbox 507 2881 548 2903; x_wconf 85' lang='lat' dir='ltr'>ex</span> <span class='ocrx_word' id='word_1_147' title='bbox 568 2869 634 2904; x_wconf 89' lang='lat' dir='ltr'>Ed.</span> <span class='ocrx_word' id='word_1_148' title='bbox 654 2869 750 2904; x_wconf 83' lang='lat' dir='ltr'><strong>deest</strong></span> <span class='ocrx_word' id='word_1_149' title='bbox 768 2870 804 2904; x_wconf 91' lang='lat' dir='ltr'>in</span> <span class='ocrx_word' id='word_1_150' title='bbox 824 2870 865 2904; x_wconf 91' lang='lat' dir='ltr'>B.</span> <span class='ocrx_word' id='word_1_151' title='bbox 1161 2877 1193 2912; x_wconf 86' lang='lat'>5.</span> <span class='ocrx_word' id='word_1_152' title='bbox 1222 2866 1279 2900; x_wconf 85' lang='lat' dir='ltr'>Sic</span> <span class='ocrx_word' id='word_1_153' title='bbox 1299 2865 1341 2899; x_wconf 87' lang='lat' dir='ltr'>B.</span> <span class='ocrx_word' id='word_1_154' title='bbox 1360 2871 1469 2909; x_wconf 87' lang='grc' dir='ltr'>Λογος</span> <span class='ocrx_word' id='word_1_155' title='bbox 1486 2862 1642 2908; x_wconf 81' lang='grc' dir='ltr'>δεύτερος</span> <span class='ocrx_word' id='word_1_156' title='bbox 1660 2862 1728 2897; x_wconf 88' lang='lat' dir='ltr'>Ed.</span> 
     </span>
     <span class='ocr_line' id='line_1_24' title="bbox 137 2909 1727 2961; baseline -0.004 -11"><span class='ocrx_word' id='word_1_157' title='bbox 137 2928 170 2961; x_wconf 90' lang='lat'>9.</span> <span class='ocrx_word' id='word_1_158' title='bbox 197 2916 347 2951; x_wconf 85' lang='grc' dir='ltr'>δείκνυσι</span> <span class='ocrx_word' id='word_1_159' title='bbox 367 2916 443 2951; x_wconf 89' lang='lat' dir='ltr'><strong>B.a.</strong></span> <span class='ocrx_word' id='word_1_160' title='bbox 463 2915 571 2950; x_wconf 86' lang='lat' dir='ltr'>Cord.</span> <span class='ocrx_word' id='word_1_161' title='bbox 590 2916 731 2951; x_wconf 78' lang='grc' dir='ltr'>δεικνύει</span> <span class='ocrx_word' id='word_1_162' title='bbox 749 2916 817 2951; x_wconf 90' lang='lat' dir='ltr'>Ed.</span> <span class='ocrx_word' id='word_1_163' title='bbox 1155 2926 1166 2947; x_wconf 89' lang='lat'>1</span> <span class='ocrx_word' id='word_1_164' title='bbox 1179 2927 1206 2948; x_wconf 88' lang='lat'>1.</span> <span class='ocrx_word' id='word_1_165' title='bbox 1234 2912 1399 2957; x_wconf 78' lang='grc' dir='ltr'>ἐξήλθατε</span> <span class='ocrx_word' id='word_1_166' title='bbox 1419 2911 1461 2945; x_wconf 87' lang='grc' dir='ltr'>Β.</span> <span class='ocrx_word' id='word_1_167' title='bbox 1480 2909 1640 2954; x_wconf 76' lang='grc' dir='ltr'>ἐξήλθετε</span> <span class='ocrx_word' id='word_1_168' title='bbox 1660 2909 1727 2944; x_wconf 89' lang='lat' dir='ltr'>Ed.</span> 
     </span>
     <span class='ocr_line' id='line_1_25' title="bbox 142 2957 1556 3008; baseline -0.004 -11"><span class='ocrx_word' id='word_1_169' title='bbox 142 2974 195 3008; x_wconf 85' lang='lat'>13.</span> <span class='ocrx_word' id='word_1_170' title='bbox 221 2964 303 2997; x_wconf 83' lang='grc' dir='ltr'>κατὰ</span> <span class='ocrx_word' id='word_1_171' title='bbox 321 2963 456 3008; x_wconf 81' lang='grc' dir='ltr'>καιροὺς</span> <span class='ocrx_word' id='word_1_172' title='bbox 473 2961 525 2997; x_wconf 84' lang='grc' dir='ltr'>ὅτι</span> <span class='ocrx_word' id='word_1_173' title='bbox 541 2962 609 2997; x_wconf 92' lang='lat' dir='ltr'>hoc</span> <span class='ocrx_word' id='word_1_174' title='bbox 627 2963 749 2998; x_wconf 89' lang='lat' dir='ltr'>ordine</span> <span class='ocrx_word' id='word_1_175' title='bbox 769 2963 810 2997; x_wconf 81' lang='lat' dir='ltr'>B.</span> <span class='ocrx_word' id='word_1_176' title='bbox 960 2974 1012 3007; x_wconf 88' lang='lat'>19.</span> <span class='ocrx_word' id='word_1_177' title='bbox 1039 2962 1097 3005; x_wconf 77' lang='grc' dir='ltr'>τὴν</span> <span class='ocrx_word' id='word_1_178' title='bbox 1115 2961 1195 2995; x_wconf 86' lang='grc' dir='ltr'>ὁδὸν</span> <span class='ocrx_word' id='word_1_179' title='bbox 1211 2965 1436 3004; x_wconf 84' lang='lat' dir='ltr'>assumptum</span> <span class='ocrx_word' id='word_1_180' title='bbox 1453 2969 1494 2992; x_wconf 82' lang='lat' dir='ltr'>ex</span> <span class='ocrx_word' id='word_1_181' title='bbox 1516 2957 1556 2992; x_wconf 88' lang='lat' dir='ltr'>B.</span> 
     </span>
    </p>
   </div>
   <div class='ocr_carea' id='block_1_14' title="bbox 196 3030 944 3058">
    <p class='ocr_par' dir='ltr' id='par_1_16' title="bbox 196 3030 944 3058">
     <span class='ocr_line' id='line_1_26' title="bbox 196 3030 944 3058; baseline -0.001 0"><span class='ocrx_word' id='word_1_182' title='bbox 196 3030 287 3058; x_wconf 91' lang='lat' dir='ltr'>VOL.</span> <span class='ocrx_word' id='word_1_183' title='bbox 311 3031 341 3058; x_wconf 92' lang='grc' dir='ltr'>Ι.</span> <span class='ocrx_word' id='word_1_184' title='bbox 925 3031 944 3057; x_wconf 87' lang='grc' dir='ltr'>Ζ</span> 
     </span>
    </p>
   </div>
  </div>
 </body>
</html>
