2021 3296
250 678 274 706 θ

287 128 341 167 10
717 124 904 165 LIBRI
945 124 1142 165 PRIMI
1183 124 1431 165 CAPITA.

285 250 320 285 η.
358 233 453 274 οὈτι
472 235 590 284 μόνος
611 234 631 273 ὁ
651 234 746 275 ’Υἱὸς
766 237 834 273 τοῦ
856 236 963 274 Θεοῦ
993 236 1076 285 φῶς
1106 232 1214 273 ἐστὶν
1234 233 1432 282 ἀληθινὸν,
1455 233 1478 283 ἡ
1508 233 1548 273 δὲ
1578 234 1700 274 κτίσις
1726 231 1867 280 οὐκέτι,

461 300 590 353 φωτὸς
617 300 714 340 οὖσα
739 298 905 352 μέτοχος
933 300 983 342 ὡς
1009 299 1165 351 γενητή·
1208 299 1462 351 προκειμένου
1482 301 1598 352 ῥητοῦ
1619 297 1702 340 ςΗν
1723 298 1766 339 τὸ
1789 302 1872 350 φῶς

460 368 504 408 τὸ
525 368 724 416 ἀληθινόν.
1771 366 1864 420 [64]

291 473 327 511 θ.
365 467 459 510 ’Ότι
489 469 534 509 οὐ
564 466 805 520 προῦπάρχει
836 470 904 507 τοῦ
940 467 1119 517 σώματος
1148 467 1172 517 ἡ
1208 469 1276 506 τοῦ
1311 467 1513 519 ἀνθρώπου
1547 466 1673 520 ψυχὴ,
1706 466 1795 507 οὐδὲ
1831 466 1872 505 ἐκ

461 534 740 586 πρεσβυτέρων
762 532 1044 585 ἁμαρτημάτων
1061 533 1084 583 ἡ
1107 532 1336 584 σωμάτωσις
1357 534 1452 574 κατά
1471 548 1586 576 τινας·
1618 531 1871 585 προκειμένου
1890 544 1913 582 5

461 604 577 655 ῥητοῦ
591 601 676 642 φΗν
696 601 740 642 τὸ
765 606 847 654 φῶς
873 601 917 641 τὸ
945 601 1146 652 ἀληθινὸν,
1169 601 1189 641 ὃ
1212 603 1367 653 φωτίζει
1388 602 1514 642 πάντα
1536 603 1739 653 ἄνθρωπον
1760 602 1873 654 ἐρχό-

459 687 579 720 μενον
600 671 655 712 εῑς
675 669 744 710 τὸν
764 670 921 720 κόσμον·
954 670 997 709 ἐν
1017 669 1068 723 τῷ
1091 669 1223 724 κόσμῳ
1244 669 1305 719 ἦν.
1771 668 1864 723 [72]

289 787 312 810 ι.
363 769 457 810 ’Ότι
498 772 617 820 μόνος
657 771 754 810 κατὰ
789 770 911 822 φύσιν
947 770 967 808 ὁ
1002 769 1094 811 Υἱὸς
1129 770 1170 809 ἐκ
1207 769 1362 820 Πατρὸς
1404 771 1424 809 ὁ
1460 770 1704 822 Μονογενὴς,
1743 769 1794 812 ὡς
1829 768 1878 819 ἐξ

459 838 574 878 αὐτοῦ
617 837 677 878 καὶ
719 838 762 878 ἐν
803 837 917 891 αὐτῷ·
968 835 1222 889 προκειμένου
1261 838 1377 888 ῥητοῦ
1418 837 1524 879 Θεὸν
1563 837 1687 880 οὐδεὶς
1728 838 1873 889 ἑώρακε

458 906 629 946 πώποτε.
1743 904 1944 960 [103]10

338 1057 367 1080 1.
392 1047 493 1089 μόνος
510 1046 528 1078 ὁ
545 1045 623 1080 Υἱὸς
639 1047 700 1079 τοῦ
717 1047 805 1079 Θεοῦ
822 1055 892 1079 om.
912 1044 952 1079 E.
1084 1055 1115 1079 2.
1142 1045 1186 1081 ὡς
1203 1051 1424 1091 assumptum
1443 1057 1483 1081 ex
1503 1045 1544 1080 B.
1680 1045 1712 1080 8.
1741 1046 1759 1078 ὁ
1777 1044 1873 1090 prius

287 1098 510 1137 assumptum
528 1103 569 1126 ex
590 1091 630 1127 B.
