2084 3317
120 1570 177 1604 92
197 1568 249 1606 A.

120 2384 174 2416 Ps.
193 2384 257 2417 cix.

348 148 429 188 134
747 148 796 191 Β.
831 148 1104 191 CYRILLI
1145 149 1527 193 ALEXANDR.
1816 152 1842 193 i.
1866 164 1929 207 13.

347 253 535 323 Κύριος,
568 257 651 308 οὐκ
689 258 738 309 ἐν
767 262 864 312 τοῖς
902 257 1140 323 θελήμασι
1179 265 1263 311 τοῦ
1302 263 1428 311 Θεοῦ
1465 261 1541 311 καὶ
1582 257 1789 326 Πατρὸς,
1826 258 1931 310 οὐδὲ

345 335 465 388 ὅσον
505 342 567 392 εἷς
611 338 665 389 τὸ
709 343 1040 403 βεβουλῆσθαι
1084 338 1243 404 μόνον,
1283 341 1397 392 αὐτὸ
1441 342 1496 392 τὸ
1540 340 1655 392 εἶναι
1695 340 1816 394 Θεὸς
1856 342 1932 391 καὶ

344 417 460 472 Υἱὸς
486 419 776 484 κεκτήσεται,
802 421 913 472 ἀλλ’
941 422 998 490 ἐξ
1026 423 1168 486 αὐτῆς
1204 425 1287 486 τῆς
1323 423 1487 476 οὐσίας
1521 422 1815 491 ἀναλάμψας
1847 427 1931 473 τοῦ

345 498 552 566 Πατρὸς,
569 499 623 551 τὸ
649 502 766 552 ’ίδιον
793 504 934 566 αὐτῆς
961 502 1143 568 ἀγαθὸν
1165 502 1285 554 κατὰ
1311 503 1461 572 φύσιν
1486 504 1724 570 ἐπάγεται·
1767 506 1932 570 ὁρᾶται

345 580 396 631 δὲ
431 580 580 633 πάλιν
605 581 721 637 Υἱὸς
758 584 984 651 ὑπάρχων
1009 583 1124 638 Υἱὸς
1163 585 1402 648 ἀληθινὸς,
1439 588 1515 636 καὶ
1553 590 1611 653 τῇ
1651 584 1770 652 πρὸς
1809 586 1971 649 ἡμᾶς5

344 663 711 729 ἀντιπαραθέσει
749 663 1124 730 δοκιμαζόμενος.
1179 665 1335 730 ἐπειδὴ
1373 665 1467 733 γὰρ
1504 666 1558 717 τὸ
1598 666 1742 734 φύσει
1782 666 1931 732 λόγον

344 743 501 809 ἕτερον
539 744 633 813 ἔχει
670 749 737 814 τῷ
777 745 896 796 κατὰ
934 746 1083 810 θέσιν,
1123 748 1199 797 καὶ
1237 751 1302 817 τῷ
1342 747 1462 798 κατὰ
1499 748 1699 812 μίμησιν
1737 747 1790 798 τὸ
1829 749 1928 798 κατ’

305 824 584 889 θάλήθειαν,
629 829 716 878 υἱοὶ
768 826 817 878 δὲ
864 828 993 892 ἡμεῖς
1038 828 1305 893 κεκλήμεθα
1349 829 1470 881 κατὰ
1512 829 1647 881 θέσιν
1690 832 1767 880 καὶ
1811 829 1931 881 κατὰ

342 907 558 971 μίμησιν’
598 908 718 959 κατὰ
751 908 903 977 φύσιν
936 909 1028 976 ἄρα
1066 912 1142 960 καὶ
1181 909 1300 961 κατὰ
1339 910 1564 974 ἀλήθειαν
1595 909 1748 974 αὐτὸς,
1780 909 1817 981 ᾧ
1855 914 1930 962 καὶ

342 994 491 1039 ταῦτα
515 988 761 1055 γεγονότες
787 992 1226 1057 ἀντιπαρακείμεθα,
1247 991 1301 1042 τὸ
1327 993 1377 1043 ἐκ
1403 991 1594 1060 χάριτος
1620 992 1801 1059 ἀγαθὸν
1827 995 1929 1045 ἀντὶ
1952 1014 2000 1040 10

342 1073 562 1137 φυσικῶν
587 1071 871 1140 ἀξιωμάτων
896 1073 1321 1140 ἀποκερδαίνοντες.

278 1265 324 1302 Ι3
417 1255 469 1300 Οἳ
506 1258 582 1300 οὐκ
618 1258 665 1303 ἐξ
703 1257 911 1312 αἱμάτων,
948 1260 1049 1303 οὐδὲ
1085 1261 1133 1303 ἐκ
1175 1262 1418 1311 θελήματος
1456 1262 1628 1320 σαρκὸς,
1665 1262 1765 1305 οὐδὲ
1801 1263 1849 1304 ἐκ

563 1354 804 1402 θελήματος
842 1353 1013 1412 ἀνδρὸς,
1050 1355 1140 1396 ἀλλ’
1184 1356 1230 1398 ἑκ
1268 1356 1378 1398 Θεοῦ
1411 1357 1712 1405 ὲΓεννήθΗοαν.

418 1472 482 1521 Οἱ
530 1470 607 1522 διὰ
649 1473 870 1536 πίστεως,
913 1476 1050 1542 φησὶ,
1091 1478 1175 1539 τῆς
1218 1479 1281 1529 εἷς
1322 1476 1541 1542 Χριστὸν
1582 1479 1645 1530 εἰς
1692 1476 1931 1527 υἱοθεσίαν

303 1553 617 1617 εικεκλημένοι
668 1558 807 1619 Θεοῦ,
851 1559 935 1621 τῆς
984 1556 1070 1621 μὲν
1113 1558 1281 1612 οἰκείας
1331 1557 1523 1627 φύσεως
1566 1557 1654 1623 τὴν
1697 1558 1930 1609 εὐτέλειαν
1952 1584 1999 1623 15

339 1635 653 1699 ἀπεδύσαντο,
689 1638 1094 1704 κατηγλαϊσμένοι
1132 1638 1180 1691 δὲ
1219 1638 1384 1707 ὥσπερ
1422 1641 1585 1711 ἀμφίῳ
1623 1644 1831 1711 λαμπρῷ
1869 1644 1929 1708 τῇ

339 1721 421 1767 τοῦ
465 1722 695 1781 τιμῶντος
737 1718 908 1788 χάριτι,
952 1720 1072 1788 πρὸς
1123 1721 1178 1773 τὸ
1230 1721 1344 1790 ὑπὲρ
1395 1723 1545 1791 φύσιν
1589 1723 1930 1785 ἀναβαίνουσιν

338 1798 542 1867 ἀξίωμα·
599 1801 652 1851 οῦ
698 1799 790 1869 γάρ
836 1802 902 1853 ε”τι
945 1803 1286 1871 χρηματίζουσι
1329 1804 1470 1855 τέκνα
1513 1806 1693 1876 σαρκὶς,
1732 1807 1841 1857 Θεοῦ
1878 1805 1929 1856 δὲ

337 1885 529 1943 μᾶλλον
555 1881 675 1934 κατὰ
701 1883 836 1935 θέσιν
860 1885 1144 1950 γεννήματα.
1200 1885 1403 1954 ἐπιτήρει
1430 1886 1478 1938 δὲ
1505 1885 1626 1951 ὅσην
1652 1888 1677 1937 ὁ
1702 1885 1929 1953 μακάριος

340 1963 705 2029 Εὐαγγελιστὴς
736 1966 786 2017 ἐν
813 1971 910 2021 τοῖς
949 1969 1113 2019 ἑαυτοῦ
1151 1967 1314 2033 λόγοις
1347 1967 1605 2033 ἐποιήσατο
1639 1968 1726 2033 τὴν
1755 1967 1925 2037 ἀσφά-
1949 1996 2000 2021 20

340 2050 488 2096 λειαν.
542 2045 699 2111 ἐπειδὴ
738 2045 832 2114 γὰρ
870 2047 1071 2112 ε’ζαελλεν
1104 2049 1222 2116 ἐρεῖν
1258 2051 1308 2102 ἐκ
1341 2051 1454 2102 Θεοῧ
1492 2049 1783 2116 γεγεννῆσθαι
1821 2050 1929 2104 τοὺς

297 2127 724 2192 ὒπεπιστευκότας,
759 2129 835 2180 ἵνα
871 2129 1009 2194 μήτις
1046 2130 1197 2195 οἴηται
1235 2134 1318 2196 τῆς
1357 2132 1523 2187 οὐσίας
1561 2137 1644 2184 τοῦ
1684 2136 1810 2184 Θεοῦ
1851 2135 1928 2184 καὶ

331 2208 534 2275 Πατρὸς
559 2211 867 2279 ἐκπεφυκέναι
893 2212 1013 2263 κατὰ
1039 2213 1263 2278 ἀλήθειαν
1290 2213 1471 2277 αὐτοὺς,
1497 2216 1574 2266 καὶ
1604 2218 1667 2268 εἰς
1700 2213 1923 2280 ἀπαράλ-

340 2298 519 2342 λακτον
552 2291 805 2357 ὁμοιότητα
838 2294 1018 2361 τρέχειν
1048 2298 1115 2364 τῷ
1152 2294 1482 2362 Μονογενεῖ,ἢ
1519 2298 1594 2347 καὶ
1628 2297 1727 2348 κατ’
1755 2297 1929 2349 ἐκείνου

341 2374 840 2441 καταχρηστικώτερον
865 2375 1094 2441 λέγεσθαι
1120 2375 1174 2428 τὸ
1196 2384 1223 2406 “
1243 2379 1292 2428 ἐκ
1317 2376 1531 2444 γαστρὸς
1556 2377 1650 2445 πρὸ
1676 2380 1928 2448 ἑωσφόρου
1948 2404 1996 2443 25

341 2461 368 2484 ‘⁶
394 2454 681 2523 ἐξεγέννησά
717 2457 816 2519 σε,”
853 2458 974 2508 οὕτω
1013 2480 1063 2509 τε
1102 2458 1273 2510 λοιπὸν
1305 2463 1368 2513 εἰς
1407 2458 1492 2523 τὴν
1525 2464 1621 2511 τῶν
1652 2460 1929 2525 ποιημάτων

339 2539 416 2587 καὶ
453 2536 592 2592 αὐτὸς
634 2537 946 2607 καταφέροιτο
987 2538 1150 2607 φύσιν,
1190 2544 1266 2591 καὶ
1306 2545 1344 2592 εἰ
1383 2540 1571 2606 λέγοιτο
1611 2545 1929 2608 γεγεννῆσθαι

338 2617 468 2685 παρὰ
511 2623 652 2682 Θεοῦ,
695 2620 960 2686 ἀναγκαίως
1003 2621 1113 2685 ἡμῖν
1155 2628 1465 2689 προσεπινοεῖ
1502 2622 1588 2688 τὴν
1633 2622 1924 2694 ἀσφάλειαν.

388 2768 420 2793 2.
445 2759 526 2793 αὐτὸ
546 2759 589 2793 Β.
606 2759 707 2795 αὐτὸν
724 2759 793 2794 Ed.
959 2770 993 2806 5.
1019 2762 1097 2797 Υἱὸς
1114 2762 1173 2796 alt.
1191 2769 1413 2808 assumptum
1431 2775 1473 2797 ex
1494 2763 1535 2798 B.
1694 2763 1727 2798 6.
1752 2764 1928 2809 δοκιμαζό·

338 2819 438 2849 μενος
457 2805 499 2839 Β.
518 2806 740 2851 δοξαζόμενος
758 2806 826 2841 Ed.
1041 2817 1073 2853 7.
1100 2808 1164 2854 τῷ]
1183 2810 1242 2843 τὸν
1262 2809 1303 2843 Β.
1382 2812 1428 2856 τῷ
1446 2809 1524 2855 alt.]
1544 2810 1582 2844 τὸ
1601 2809 1644 2845 Β.
1711 2810 1836 2845 Statim
1854 2813 1929 2846 υἱοῦ

339 2851 436 2885 addit
456 2852 496 2886 E.
688 2854 721 2888 8.
748 2852 953 2899 κεκλήμεθα]
977 2858 1015 2896 -ί-
1037 2858 1125 2889 Θεοῦ
1144 2855 1211 2889 Ed.
1228 2855 1338 2890 invito
1358 2856 1400 2890 B.
1466 2858 1520 2890 καὶ
1538 2858 1620 2891 κατὰ
1636 2857 1780 2901 μίμησιν
1796 2870 1866 2892 om.
1886 2858 1928 2893 E.

344 2908 397 2942 19.
421 2898 626 2943 γεννήματος
643 2900 685 2934 Ε.
934 2912 989 2936 2ῐ.
1016 2901 1104 2946 ἐρεῖν
1121 2913 1191 2935 om.
1210 2902 1251 2936 B.
1338 2903 1543 2948 γεγενῆσθαι
1560 2903 1655 2939 Aub.
1673 2905 1806 2940 correxi
1824 2916 1866 2939 ex
1885 2905 1928 2940 Ε.

342 2954 397 2987 24.
422 2944 491 2979 κατ’
510 2946 655 2982 ἐκείνους
674 2946 717 2982 Β.
862 2948 917 2982 28.
942 2950 1164 2993 προσεπινοεῖ
1183 2948 1224 2983 Β.
1242 2952 1437 2994 προεπινοεῖ
1455 2950 1523 2986 Ed.
