2084 3317
124 157 163 182 v.
185 157 252 198 33.
361 145 434 185 IN
478 145 519 185 S.
554 143 889 186 JOANNEM.
953 143 1076 182 LIB.
1113 142 1171 182 II.
1234 142 1367 183 CAP.
1404 142 1480 182 IX.
1632 142 1716 181 359

127 252 339 318 οὐρανοῖς
365 252 479 304 ὄντα
506 251 632 304 Θεὸν
659 256 734 304 καὶ
763 250 966 318 Πατέρα,
994 251 1113 302 κατὰ
1146 249 1360 304 πολλοὺς
1394 251 1482 315 ἤδη
1516 249 1718 316 τρόπους

128 333 183 384 τὸ
208 334 407 400 γνήσιον
432 338 515 399 τῆς
541 336 707 389 οὐσίας
733 333 1181 401 ἐπιμαρτυρήσαντα
1206 336 1273 402 τῷ
1309 334 1406 402 ἰδίῳ
1442 331 1716 397 γεννήματι,

130 415 184 466 οὗ
211 418 286 467 καὶ
314 416 478 468 εἰδέναι
507 417 594 481 τὴν
618 416 878 483 μαρτυρίαν
906 418 1070 484 φησὶν,
1097 417 1159 469 ὡς
1187 415 1297 467 ἔστιν
1324 413 1501 477 ἀληθὴς,
1529 413 1714 483 ἀξιοπι-

130 497 369 561 στοτάτην
395 498 542 554 ὅντως
567 501 643 550 καὶ
667 501 824 563 ἀληθῆ
853 500 927 549 καὶ
953 497 1039 562 τὴν
1065 500 1230 549 ἑαυτοῦ
1258 500 1429 566 ψῆφον
1448 496 1717 549 ἐπιδεικνύς·

89 579 205 630 5ἵνα
239 580 333 648 γὰρ
367 580 431 646 μὴ
469 581 842 650 καταδεξάμενος
877 579 1042 647 ὥσπερ
1080 580 1134 631 τὸ
1174 582 1330 648 ψευδῆ
1370 578 1527 644 λέγειν
1557 576 1722 629 ἑαυτὸν

130 664 235 728 περὶ
273 664 451 726 ἑαυτοῦ,
483 664 644 732 χώραν
681 662 786 714 τινὰ
823 661 972 714 πάλιν
1008 663 1253 715 κακονοίας
1291 663 1366 712 καὶ
1405 660 1721 727 παρείσδυσιν

131 749 226 798 τοῖς
252 745 536 814 ἑτεροδοξεῖν
559 745 836 808 εἰθισμένοις
860 743 1105 811 παράσχοι
1131 745 1238 795 καθ’
1260 746 1438 805 ἑαυτοῦ,
1459 742 1722 808 ἀναγκαίως

132 826 315 881 ἐπιδοὺς
348 831 414 896 τῷ
447 827 672 894 πρέποντι
706 831 780 878 καὶ
812 830 870 894 τῇ
905 826 1131 895 συνηθείᾳ
1168 825 1222 877 τὸ
1248 826 1312 890 μὴ
1339 828 1508 893 χρῆναι
1533 824 1722 878 πάντως

132 910 195 961 ὡς
224 910 380 973 ἀληθῆ
415 908 723 961 πιστεύεσθαι
761 909 843 959 τὸν
868 907 1034 959 ἑαυτὸν
1060 909 1338 959 ἐπαινοῦντα
1374 909 1449 958 καὶ
1485 904 1713 973 ἀποδεχό-
1740 929 1760 954 c

65 1012 113 1037 10
130 1012 285 1053 μενον,
309 991 550 1058 ἀνατρέχει
588 990 736 1042 πάλιν
769 992 830 1044 ὡς
867 989 989 1043 Θεὸς
1028 992 1102 1041 ε’πῖ
1141 988 1226 1053 τὴν
1260 991 1408 1058 ἑαυτῷ
1447 1011 1718 1056 χρεωστου-

130 1071 274 1136 μένην
300 1072 450 1141 ἀξίαν,
478 1075 553 1124 καὶ
589 1073 755 1124 εἰδέναι
790 1074 913 1141 φησὶ
948 1071 1033 1136 τὴν
1058 1076 1142 1122 τοῦ
1171 1069 1364 1137 Πατρός
1389 1071 1635 1139 μαρτυρίαν
1662 1071 1724 1122 ὡς

133 1154 245 1205 ἔστιν
274 1154 451 1217 ἀληθῆς,
483 1156 733 1221 μονονουχὶ
773 1159 911 1205 τοῦτο
950 1152 1203 1216 διδάσκων,
1236 1152 1308 1204 ὅτι
1343 1151 1465 1206 Θεὸς
1501 1150 1566 1202 ὢν
1597 1152 1720 1215 ἀλη-

132 1236 272 1298 θινὸς,
300 1234 417 1299 οἶδα,
445 1238 612 1306 φησὶν,
640 1236 861 1299 ἐμαυτὸν,
892 1234 1230 1304 κεχαρισμένον
1256 1235 1304 1286 δὲ
1343 1234 1474 1286 οὐδὲν
1501 1236 1525 1285 ὁ
1555 1233 1725 1300 Πατὴρ

131 1320 228 1384 ἐρεῖ
260 1321 363 1384 περὶ
399 1321 527 1383 ἐμοῦ·
572 1319 663 1386 ε”χω
703 1318 796 1384 γὰρ
835 1320 957 1369 οὕτω
997 1316 1117 1368 κατὰ
1156 1317 1320 1386 φύσιν,
1351 1316 1514 1383 ὥσπερ
1552 1315 1609 1367 ἂν
1642 1317 1724 1367 οὖν

66 1417 112 1455 15
132 1403 207 1451 καὶ
246 1400 384 1454 αὐτὸς
423 1400 605 1466 ἀληθὴς
644 1400 709 1452 ὧν
739 1402 1107 1469 ἐπιψηφίσαιτο.
1164 1400 1331 1450 οὐκοῦν
1364 1400 1413 1450 ἐν
1446 1399 1602 1468 ἐκείνῳ
1640 1398 1725 1461 μὲν

131 1482 523 1548 συγκαταβατική
569 1507 638 1536 τις
687 1482 852 1549 ὥσπερ
900 1483 1173 1536 συναίνεσις
1214 1481 1284 1546 ἧν,
1325 1483 1401 1532 καὶ
1454 1480 1726 1534 ὑποθετικὸς

132 1569 324 1627 μᾶλλον
349 1566 468 1632 ἥπερ
503 1564 684 1630 ἀληθὴς
722 1566 746 1616 ὁ
782 1564 942 1630 λόγος·
984 1566 1033 1615 ἐν
1068 1563 1116 1616 δὲ
1151 1567 1217 1633 τῷ
1253 1562 1415 1614 εἰδέναι
1450 1562 1607 1628 λέγειν
1639 1561 1725 1626 τὴν

132 1653 217 1698 τοῦ
252 1647 443 1713 Πατρὸς
479 1648 738 1714 μαρτυρίαν
765 1649 935 1711 ἀληθῆ,
963 1649 1046 1711 τῆς
1084 1650 1193 1716 Θεῷ
1226 1644 1501 1713 πρεπούσης
1536 1645 1719 1714 ἀξιοπι-
1743 1654 1768 1695 d

133 1730 271 1782 στιάς
305 1730 536 1798 ἐπίδειξις.

66 1833 115 1858 20
210 1811 500 1875 Σημειωτέον
538 1811 586 1863 δὲ
628 1811 790 1874 πάλιν,
830 1811 901 1862 ὅτι
947 1811 1044 1861 κατ’
1090 1810 1209 1861 ἰδίαν
1255 1808 1529 1861 ὑπόστασιν
1573 1810 1726 1863 ἄλλος

134 1894 266 1943 ἐστὶν
292 1894 317 1943 ὁ
343 1893 511 1960 Πατὴρ
537 1892 668 1958 παρὰ
693 1892 777 1945 τὸν
795 1892 928 1955 Υἰὸν,
952 1893 1027 1944 καὶ
1052 1893 1139 1960 οὐχ
1163 1890 1327 1959 ὥσπερ
1353 1892 1494 1962 ἔδοξέ
1510 1915 1609 1943 τισι
1634 1896 1728 1943 τῶν

135 1975 425 2027 ἀπαιδεύτων
452 1979 708 2042 αἰρετικῶν,
733 1974 970 2041 υἱοπάτωρ
995 1974 1279 2044 εἰσφέρεται.

218 2117 366 2169 ’Υμεῖε
404 2120 705 2163 ἀπεστάλκατε
742 2120 851 2177 Πρὸς
882 2119 1108 2171 ἸωάννΗν,
1146 2119 1215 2160 καὶ
1251 2121 1554 2178 μεμαρτύρΗκε
1591 2123 1641 2179 τῷ
1748 2128 1796 2164 33

836 2203 1031 2262 ἀλΗθείᾳ.

67 2315 116 2353 25
202 2298 399 2367 ‘'Gom-ep
445 2302 614 2367 ἀρτίως
659 2298 861 2368 αἰσχρὸν
905 2298 1019 2352 εἶναι
1072 2298 1472 2364 διεβεβαιούμεθα,
1519 2301 1595 2350 καὶ
1645 2302 1729 2363 τῆς

138 2381 345 2450 ἐσχάτης
385 2383 591 2447 εὐηθείας
630 2384 712 2434 οὐκ
750 2385 971 2449 ἀμοιρεῖν,
1005 2382 1060 2434 τὸ
1097 2386 1193 2433 τῶν
1231 2382 1411 2433 οἰκείων
1444 2387 1725 2445 πλεονεκτη-
1746 2402 1767 2429 e

138 2464 301 2528 μάτων
327 2464 609 2528 θαυμαστὴν
636 2465 845 2531 ὁρᾶσθαί
875 2488 993 2528 τινα,
1020 2466 1095 2516 καὶ
1129 2467 1167 2515 εἰ
1202 2468 1477 2530 παραιτοῖτο
1511 2462 1565 2514 τὸ
1600 2463 1724 2531 ψεύ-

139 2550 308 2598 δεσθαι
342 2545 418 2596 διὰ
452 2545 644 2611 πολλὴν
675 2546 857 2613 ἀρετὴν,
893 2548 1039 2601 οὕτως
1074 2544 1290 2613 ἀδελφὴν
1321 2545 1485 2612 ὥσπερ
1522 2544 1614 2612 ἔχει
1653 2547 1728 2595 καὶ

139 2630 326 2695 γείτονα
360 2626 447 2692 τὴν
472 2627 671 2679 ἀτοπίαν
698 2629 868 2698 ἐκείνῳ,
895 2627 949 2679 τὸ
985 2627 1051 2692 μὴ
1087 2627 1395 2691 κεκλημένους
1431 2627 1506 2677 ἐπὶ
1542 2625 1628 2690 τὴν
1654 2627 1734 2677 ἐπί

69 2738 121 2774 30
141 2733 240 2763 τισι
274 2710 534 2777 μαρτυρίαν
567 2709 680 2760 ἰέναι
717 2708 860 2773 τινὰς,
896 2709 1189 2774 αὐτομόλους
1223 2708 1271 2759 δὲ
1309 2713 1404 2761 τοῖς
1439 2707 1724 2774 δικάζουσιν,

140 2792 290 2859 ἤγουν
315 2796 411 2846 τοῖς
438 2794 659 2858 διερωτᾶν
684 2790 934 2843 ἐθέλουσιν
960 2792 1320 2856 ἀναφαίνεσθαι.
1377 2789 1513 2859 δόξαι
1544 2789 1639 2857 γὰρ
1670 2789 1730 2841 ἂν

194 2925 223 2949 1.
250 2912 308 2948 οὖν
325 2923 388 2957 pro
405 2911 466 2956 ἤδη
487 2911 530 2945 Β.
736 2921 768 2957 5.
795 2911 931 2958 ὥσπερ]
956 2916 993 2953 -Ι-
1013 2912 1080 2957 γὰρ
1099 2911 1142 2946 Β.
1345 2909 1378 2944 6.
1403 2908 1481 2955 περὶ
1501 2909 1543 2945 Β.
1561 2910 1646 2955 ὑπὲρ
1666 2909 1733 2945 Ed.

149 2972 201 2996 10.
228 2958 353 3006 ἑαυτῷ]
373 2959 476 2993 αὐτοῦ
495 2958 537 2992 Β.
682 2969 738 3003 31.
764 2959 1013 3005 ἀναφαίνεσθαι
1035 2959 1077 2993 Β.
1095 2955 1336 2992 ἀναπείθεσθαι
1356 2956 1423 2992 Ed.
