2084 3317
140 181 196 222 vi.
215 181 283 235 67.
362 180 437 222 IN
479 180 522 222 S.
555 179 891 225 JOANNEM.
953 179 1078 221 LIB.
1112 180 1190 221 IV.
1253 181 1386 222 CAP.
1420 180 1507 222 III.
1646 182 1726 221 561

141 290 374 359 φείσεται.
432 289 553 341 ’ίστω
597 296 847 357 τοιγαροῦν
889 291 964 341 καὶ
1008 289 1305 342 παιδευέσθω
1357 290 1433 342 διὰ
1478 290 1655 341 τούτων
1703 292 1727 340 ὁ

140 371 364 440 χωλεύων
390 371 449 441 ἐξ
470 373 628 426 ἀνοίας
661 373 768 438 περὶ
802 370 887 436 τὴν
911 373 1089 435 πίστιν,
1115 374 1177 426 ὡς
1212 375 1249 423 εἰ
1284 371 1349 437 μὴ
1384 372 1609 434 βούλοιτο
1645 374 1729 435 τῆς

141 453 356 518 τοιαύτης
389 454 655 523 καταλῆξαι
689 453 847 516 νόσου,
878 456 1104 515 βαδιεῖται
1138 453 1224 518 μὲν
1257 457 1320 508 εἰς
1353 453 1413 505 τὰ
1449 454 1618 517 ὀπίσω,
1652 455 1728 504 καὶ

140 534 224 586 τὸν
249 535 600 601 καθηγούμενον
626 536 692 587 ἔτι
725 533 843 602 πρὸς
878 533 997 600 ζωὴν
1023 534 1208 589 αἰώνιον
1233 537 1315 587 οὐκ
1350 535 1470 603 ἔχων
1502 534 1722 603 κατοιχή-

99 630 122 669 5
141 638 275 668 σεται
299 616 386 681 μὲν
405 621 466 670 εἷς
494 615 608 685 ᾅδου
635 616 854 682 στυγνὸς,
872 616 1121 686 ἀνοιμώξει
1147 616 1195 668 δὲ
1221 616 1306 681 τὴν
1328 618 1494 668 ἑαυτοῦ
1520 620 1727 678 δυσβου-
1746 642 1767 666 a
1798 633 1882 667 383
1901 633 1950 666 A.

141 699 266 750 λίαν·
310 705 337 728 “
355 699 489 751 Ἐκεῖ
514 698 607 764 γὰρ
637 698 786 762 ἔσται,
813 700 978 766 φησὶν,
1006 699 1031 749 ὁ
1068 698 1310 763 κλαυθμὸς
1343 701 1417 750 καὶ
1454 700 1478 749 ὁ
1512 699 1727 766 βρυγμὸς
1790 716 1953 765 &fx-[mh.

142 787 170 811 ‘⁶
195 785 290 831 τῶν
316 779 568 831 ὀδόντων.”
607 779 726 834 εἰκὸς
762 780 811 830 δὲ
844 779 900 844 δὴ
934 779 1083 832 πάλιν
1110 783 1186 833 καὶ
1221 782 1377 848 ἕτερον
1402 781 1513 846 ἡμῖν
1539 783 1723 846 ὑποση-
1792 771 1856 790 vm'
1881 769 1926 789 η’

140 862 389 924 μαίνεσθαι
432 861 671 929 χρήσιμον
708 860 784 912 διὰ
830 867 914 912 τοῦ
959 861 1115 927 λέγειν
1152 867 1249 916 τοῖς
1294 863 1459 915 ἑαυτοῦ
1499 867 1730 928 μαθηταῖς

139 943 224 994 τὸν
247 944 438 1007 Ἰησοῦν
466 942 541 1004 M&
570 949 646 995 καὶ
676 946 801 1011 ὑμεῖς
828 942 969 994 θέλετε
995 943 1218 1010 ὑπάγεινς
1258 944 1334 994 ἵνα
1369 944 1462 1011 γὰρ
1497 943 1562 1009 μὴ
1594 946 1724 1008 νομί-

73 1045 123 1071 10
141 1025 291 1092 ζὸιντο
325 1027 401 1076 καὶ
435 1025 566 1076 αὐτοὶ
601 1030 701 1079 ταῖς
726 1024 1001 1079 Ἰουδαϊκαΐς
1037 1026 1256 1089 ἀμαθίαις
1292 1026 1728 1094 συναποφέρεσθαι,

139 1108 216 1158 καὶ
243 1107 707 1174 συγκατολισθάνειν
732 1111 828 1161 τοῖς
855 1106 1189 1170 ἀπειθήσασιν,
1216 1106 1245 1172 ὴ
1279 1109 1353 1158 καὶ
1390 1107 1555 1161 ἄλλως
1581 1131 1724 1159 κατα-

139 1191 320 1253 βοῆσαι
361 1189 460 1254 μετ’
508 1188 693 1240 ἐκείνων
733 1189 890 1252 αὐτοῦ,
936 1191 998 1243 ὡς
1038 1188 1232 1255 σκληρὰ
1277 1189 1362 1253 μὲν
1406 1190 1728 1248 διδάσκοντος,

141 1271 350 1323 ἀδύνατα
394 1269 441 1322 δὲ
485 1275 820 1338 μυσταγωγεῖν
857 1272 1198 1339 ἐπιχειροῦντος
1237 1271 1346 1326 τοὺς
1384 1272 1726 1338 ἀκροωμένους,
1748 1285 1774 1324 b

141 1352 424 1406 ἐπυνθάνετο
458 1354 706 1421 χρησίμως
741 1357 777 1404 εὶ
811 1353 1014 1418 θελητὸν
1041 1354 1196 1407 αὐτοῖς
1228 1353 1296 1417 ε’ίη
1331 1352 1385 1405 τὸ
1423 1354 1520 1418 μετ’
1548 1354 1732 1405 ἐκείνων

75 1451 122 1489 15
142 1437 422 1505 ἀποφοιτᾶν,
442 1435 517 1488 ἵνα
543 1433 618 1486 διὰ
644 1433 813 1486 τούτου
838 1435 1023 1504 καλέσῃ
1048 1434 1168 1502 πρὸς
1194 1437 1456 1502 ὁμολογίαν
1482 1438 1564 1500 τῆς
1591 1436 1731 1501 ὀρθῆς

142 1520 218 1570 καὶ
244 1515 480 1584 ἀκηράτου
503 1517 722 1581 πίστεως,
749 1515 773 1568 ὃ
799 1518 856 1582 δὴ
881 1519 957 1568 καὶ
982 1516 1186 1584 γέγονεν.

191 1679 223 1715 7.
250 1669 290 1712 δὴ
309 1681 379 1704 om.
399 1668 442 1703 Β.
580 1681 632 1704 11.
659 1669 989 1714 συγκατολισθάνειν
1009 1669 1050 1704 Β.
1071 1670 1414 1715 συγκατολισθαίνειν
1432 1669 1499 1704 Ed.
1566 1670 1583 1712 ἦ
1603 1681 1671 1704 om.
1693 1670 1735 1704 B.

146 1716 199 1752 16.
227 1716 396 1761 ἀκηράτου
415 1716 456 1751 Β.
477 1715 584 1751 Cord.
602 1716 855 1761 ἀκατηγορὴτου
876 1716 942 1751 Ed.

201 3048 294 3078 VOL.
319 3050 352 3076 Ι,
937 3048 964 3085 4
987 3048 1007 3073 c
