2084 3317
330 166 414 205 640
731 164 780 204 B.
814 162 1093 203 CYRILLI
1134 159 1514 202 ALEXANDR.
1759 153 1829 194 vii.
1851 163 1918 203 24·

333 272 497 338 Λόγου
524 273 765 333 λαβόντας
799 269 1067 338 περιτομὴν,
1094 270 1168 321 καὶ
1203 265 1710 335 προαποτριψαμένους
1743 260 1921 328 τρόπον

333 355 451 418 τινὰ,
479 355 690 420 καθάπερ
716 356 886 418 κηλῖδα
912 356 1087 422 ψυχῆς,
1113 352 1195 403 τὸν
1223 349 1490 414 ὀνειδισμὸν
1517 346 1774 414 Αἰγύπτου,
1801 341 1922 394 κατὰ

333 437 417 488 τὸν
443 439 612 503 ἀρτίως
636 437 745 499 ἡμῖν
771 434 1154 501 διερμηνευθέντα
1179 433 1372 499 τρόπον.

289 535 317 577 d
419 518 536 571 ‘'Ort
587 517 680 585 γὰρ
732 520 794 571 ὡς
842 518 1111 579 ὀνειδισμοῦ
1164 517 1241 566 καὶ
1299 512 1593 578 ἀκαθαρσίας
1653 506 1922 568 ἀνάμεστον

336 600 528 665 ἁπάσης
562 601 645 652 τὸν
672 601 802 651 οὔπω
837 597 1231 664 περιτετμημένον
1263 594 1672 660 καταμυσάττεται
1705 589 1841 652 Θεὸς,
1869 589 1922 638 οὐ
1943 601 1965 639 5

335 684 422 748 τὴν
462 682 620 750 σάρκα
664 679 1051 743 βδελυττόμενος,
1092 679 1149 744 ἣν
1191 680 1274 730 οὐκ
1320 677 1566 746 ἀπηξίωσε
1611 675 1921 738 δημιουργεῖν·

335 764 468 816 ἀλλὰ
505 764 587 816 τὸν
625 768 727 818 ταῖς
765 766 827 817 εἷς
865 761 919 813 τὸ
960 766 1150 830 φαῦλον
1187 762 1373 825 ἡδοναῖς
1413 761 1552 825 ὑγιῶς
1591 757 1656 808 ε”τι
1694 756 1770 806 καὶ
1812 755 1923 804 ὁλο-

336 846 537 914 κλήρως,
563 847 640 897 ἵνα
667 846 813 898 οὕτως
840 844 1054 908 ε’ίπωμεν,
1080 843 1261 912 ἔχοντα,
1290 841 1365 893 διὰ
1389 840 1443 893 τὸ
1470 839 1615 905 μηδὲν
1640 840 1923 897 ἀποβαλεῖν,

337 927 699 994 διαγνωσόμεθα
732 925 895 989 πάλιν,
923 925 1037 977 ὅταν
1063 927 1269 992 εὕρωμεν
1292 925 1497 991 λέγοντα
1529 921 1648 988 πρὸς
1682 918 1766 970 τὸν
1791 916 1927 984 ἅγιον

114 1017 230 1101 ΧΕἱξῡὲῧ
339 1011 558 1063 Μωυσέα
584 1013 659 1061 καὶ
685 1008 770 1061 τὸν
794 1008 984 1075 Ἀαρών
1009 1016 1036 1038 “
1057 1008 1215 1061 Οὗτος
1249 1008 1274 1058 ὁ
1313 1007 1454 1071 νόμος
1487 1010 1571 1056 τοῦ
1606 1001 1789 1069 πάσχα·
1833 1004 1926 1053 πᾶς
1949 1018 1997 1043 10
2051 1019 2055 1070 J

114 1087 173 1147 44:
236 1085 243 1098 ³
297 1100 365 1127 ‘³⁶‘
392 1091 658 1158 ἀλλογενὴς
692 1093 776 1143 οὐκ
811 1091 960 1142 ἔδεται
993 1092 1071 1142 ἀπ’
1106 1092 1260 1151 αὑτοῦ,
1292 1091 1368 1140 καὶ
1400 1087 1556 1140 πάντα
1590 1084 1770 1148 οἰκέτην
1802 1082 1927 1137 τινὸς
2051 1083 2056 1094 ’

338 1186 367 1209 “
393 1180 470 1230 καὶ
506 1178 840 1245 ἀργυρώνητον
869 1181 1127 1241 περιτεμεῖς
1163 1175 1318 1237 αὐτὸν,
1346 1175 1422 1224 καὶ
1459 1171 1566 1222 τότε
1604 1168 1807 1239 φάγεται
1846 1168 1924 1218 ἀπ’

338 1268 366 1292 “
393 1261 576 1312 αὐτοῦ.”
630 1259 826 1328 ἐξείργει
859 1258 944 1322 μὲν
977 1257 1072 1324 γὰρ
1105 1261 1352 1311 παντελῶς
1387 1253 1470 1306 τὸν
1505 1251 1811 1319 ἀλλόφυλον,
1846 1248 1929 1300 τὸν

340 1345 469 1395 οὔπω
520 1341 598 1392 διὰ
646 1342 853 1394 πίστεως
900 1338 1327 1406 προσοικειωθέντα
1376 1338 1579 1404 Χριστῷ
1631 1333 1706 1385 διὰ
1762 1332 1929 1383 τούτου

341 1429 517 1489 δηλῶν·
560 1423 643 1475 τὸν
675 1423 728 1474 δέ
758 1446 814 1489 γε
848 1426 906 1491 τῇ
942 1423 1148 1491 ἁμαρτίᾳ
1183 1420 1478 1482 δουλεύοντα,
1507 1419 1582 1469 καὶ
1616 1420 1683 1485 τῷ
1718 1413 1927 1482 διαβόλῳ
1953 1429 1999 1468 15
2052 1451 2056 1471 .,

340 1506 519 1572 τρόπον
545 1505 649 1557 τινὰ
675 1505 1110 1571 καταπεπραμένον,
1136 1501 1575 1570 προπεριτμηθέντα
1599 1500 1675 1550 καὶ
1700 1518 1930 1563 προκεκα-

341 1588 575 1657 θαρμένον
610 1592 704 1639 τῶν
739 1586 1002 1654 ἱερωτάτων
1032 1584 1265 1637 ἅπτεσθαι
1301 1589 1447 1651 κρεῶν
1473 1583 1692 1648 εὐκαίρως
1729 1579 1786 1644 δὴ
1822 1580 1931 1629 λίαν

342 1673 506 1740 ἐφίησι
546 1670 665 1722 τότε.
718 1672 914 1736 καθαροὶ
952 1668 1046 1736 γὰρ
1084 1674 1276 1732 μᾶλλον
1309 1671 1525 1733 καθαρῶς
1562 1663 1817 1732 μεθέξομεν
1850 1667 1933 1713 τοῦ

120 1772 207 1807 438
223 1772 274 1807 A.
304 1757 578 1821 aXpwrofi,
608 1751 727 1803 κατὰ
760 1753 815 1803 τὸ
849 1754 897 1803 ἐν
931 1755 1032 1805 ταῖς
1066 1751 1338 1815 ἐκκλησίαις
1373 1748 1613 1816 εὐρύθμως
1647 1745 1930 1815 ἀναφωνού-

344 1859 484 1901 μενον
511 1835 588 1887 Τά
620 1833 730 1901 ἅγια
766 1839 863 1888 τοῖς
899 1835 1063 1900 ἁγίοις.
1106 1835 1182 1884 καὶ
1208 1832 1301 1899 γὰρ
1327 1831 1385 1897 ἧν
1409 1831 1553 1884 ὅντως
1581 1828 1758 1880 δίκαιόν
1783 1851 1832 1879 τε
1859 1828 1933 1878 καὶ
1954 1848 2004 1873 20

344 1920 540 1986 πρέπον,
558 1917 878 1971 ἀποθανόντος
904 1915 1019 1983 ὑπὲρ
1039 1917 1172 1980 ἡμῶν
1198 1920 1281 1966 τοῦ
1303 1918 1525 1980 Σωτῆρος
1551 1913 1683 1977 ἡμῶν
1703 1915 1934 1977 Χριστοῦ,

346 2004 421 2053 καὶ
449 2002 502 2052 οὐ
527 2005 624 2054 τοῖς
651 1999 770 2051 κατὰ
804 1999 947 2060 νόμον
974 1998 1095 2062 ἡμᾶς
1130 1996 1530 2065 περιῤῥαντηριόις
1565 1995 1930 2060 καθαρίσαντος,

348 2085 458 2135 ἀλλ’
500 2083 661 2146 αἵματι
700 2086 766 2152 τῷ
806 2082 919 2151 ἰδίῳ,
959 2083 1035 2132 καὶ
1080 2081 1201 2144 ἡμᾶς
1247 2080 1372 2148 αὐτῷ
1415 2078 1501 2142 τὴν
1540 2078 1659 2128 ἰδίαν
1700 2078 1936 2126 ἀναθεῖναι

349 2164 485 2232 ζωὴν,
503 2167 578 2216 καὶ
605 2167 668 2218 ὡς
694 2167 741 2216 ε”ν
768 2163 898 2233 τάξει
925 2162 1112 2214 δικαίων
1134 2160 1431 2231 ὀφλημάτων
1452 2158 1740 2211 καταθέσθαι
1766 2156 1937 2208 λοιπὸν

349 2248 403 2300 τὸ
429 2246 494 2312 μὴ
520 2246 857 2300 πολιτεύεσθαι
881 2245 966 2310 μὲν
992 2247 1183 2306 ἑαυτοῖς,
1209 2242 1491 2294 ἀντιδιδόναι
1527 2240 1575 2292 δὲ
1613 2242 1817 2306 ὡσπερεὶ
1851 2238 1936 2303 τὴν
1958 2257 2006 2296 25

351 2331 592 2398 ὁλοσχερῆ
631 2328 751 2395 πρὸς
788 2325 1028 2396 ἁγιασμόν
1060 2325 1324 2395 ἀφιέρωσιν
1353 2329 1447 2376 τῶν
1481 2324 1716 2389 ἡμετέρων
1741 2325 1933 2392 ψυχῶν.

352 2414 422 2465 ὅτι
448 2412 542 2479 γὰρ
567 2413 688 2477 ἡμᾶς
714 2410 768 2463 τὸ
793 2412 947 2474 τίμιον
973 2408 1088 2473 αἷμα
1114 2411 1191 2460 καὶ
1218 2409 1242 2458 ὁ
1269 2408 1469 2462 θάνατος
1495 2412 1579 2457 τοῦ
1605 2405 1721 2472 ὑπὲρ
1746 2403 1938 2456 πάντων

307 2495 673 2548 ϋάποθανόντος
713 2498 945 2561 Χριστοῦ,
982 2492 1056 2542 καὶ
1095 2490 1271 2544 παντὸς
1311 2491 1513 2541 διέσωσε
1551 2493 1709 2550 κακοῦ,
1741 2488 1817 2538 καὶ
1855 2488 1939 2550 τῆς

353 2580 401 2629 ἐν
425 2577 655 2639 πνεύματι
680 2579 932 2642 περιτομῆς
959 2573 1122 2640 γέγονε
1157 2571 1407 2639 πρόξενον,
1434 2573 1488 2622 δι’
1517 2571 1571 2636 ἧς
1605 2569 1660 2621 τὸ
1696 2568 1933 2620 συνάπτε-

353 2665 470 2712 σθαι
513 2663 580 2729 τῷ
618 2660 692 2710 ἐπὶ
737 2658 918 2711 πάντας
965 2660 1074 2726 Θεῷ
1115 2656 1424 2722 κερδαίνομεν,
1470 2655 1558 2705 κάν
1597 2651 1748 2721 τούτῳ
1791 2650 1940 2703 πάλιν
1959 2669 2010 2705 3ο
2082 2686 2084 2692 -

355 2742 591 2811 ὀψόμεθα.
647 2741 913 2807 γέγραπται
946 2738 1039 2806 γάρ
1075 2761 1119 2789 τι
1153 2743 1337 2789 τοιοῦτο
1372 2738 1446 2789 ἐπὶ
1480 2739 1546 2805 τῷ
1581 2733 1699 2799 μετὰ
1724 2733 1941 2784 Μωυσέα

405 2887 437 2910 2.
463 2876 580 2921 ψυχῆς
600 2875 641 2909 Β.
659 2874 813 2920 ψυχικὴν
831 2873 898 2909 Ed.
1022 2873 1074 2907 16.
1101 2871 1424 2918 καταπεπραγμένον
1443 2870 1486 2905 Β.
1608 2877 1661 2914 17.
1689 2867 1877 2912 ἱερωτάτων
1898 2865 1942 2900 Β.

358 2924 455 2966 ἱερῶν
473 2923 540 2957 Ed.
629 2922 668 2965 δὴ
687 2934 757 2955 om.
778 2922 820 2955 B.
1037 2921 1091 2954 18.
1117 2919 1242 2967 ἀφίησι
1263 2919 1304 2954 Β.
1523 2928 1576 2962 19.
1602 2914 1771 2960 Χριστοῦ]
1792 2916 1879 2948 Θεοῦ
1900 2913 1942 2947 Β.

359 2980 415 3014 23.
441 2970 530 3016 αὐτῷ
548 2969 607 3013 τὴν
625 2969 713 3003 ἰδίαν
729 2967 915 3013 ἀναθεῖναι]
935 2967 1103 3002 ἀναθεῖναι
1121 2966 1182 3010 τὴν
1201 2966 1242 3000 Β.
1382 2973 1437 3010 25.
1463 2963 1611 3007 ὡσπερεὶ
1633 2963 1673 2996 B.
1691 2963 1808 3006 ὥσπερ
1829 2960 1895 2995 Ed.
