2021 3296
109 155 133 196 i.
157 169 191 195 1.
363 154 438 196 IN
480 155 521 196 S.
556 155 888 196 JOANNEM.
953 153 1075 195 LIB.
1109 154 1145 194 I.
1208 154 1340 195 CAP.
1374 153 1434 193 ΙΙ.
1636 154 1689 192 25

107 289 324 342 Ἀπόδειξις
348 293 447 342 μετὰ
472 294 755 344 συλλογισμῶν
776 291 837 331 καὶ
861 293 1077 342 μαρτυριῶν
1097 292 1313 343 γραφικῶν,
1335 289 1393 328 ὅτι
1414 287 1475 328 καὶ
1505 289 1525 328 6
1551 286 1688 338 Πατὴρ

166 364 209 404 ἐν
249 364 325 418 ἰδίᾳ
364 364 474 405 ἐστὶν
512 363 728 405 ὑποστάσει
769 364 832 404 καὶ
872 364 893 403 6
931 363 1026 406 ’Υἱὸς
1064 363 1260 411 ὡσαύτως,
1302 358 1730 413 συνθεολογουμένουθ

166 438 349 488 δηλονότι
378 437 440 478 καὶ
472 439 540 478 τοῦ
569 436 706 490 Ἃγίου
737 437 980 488 Πνεύματος,
1004 437 1038 476 εἰ
1069 435 1130 476 καὶ
1159 436 1279 487 μηδὲν
1310 434 1372 476 ἐπὶ
1403 436 1469 474 τοῦ
1499 434 1690 485 παρόντος

165 508 382 560 ἐξετάζοιτο
413 511 498 563 περὶ
530 511 659 552 αὐτοῦ.

66 636 88 674 5
179 617 467 680 ”Ομοου’σιος
504 616 590 681 μὲν
624 618 705 669 οὖν
739 619 764 669 6
791 617 904 671 Υἱὸς
942 620 1009 686 τῷ
1044 618 1215 682 Πατρὶ,
1242 618 1318 666 καὶ
1357 616 1381 666 5
1418 613 1587 680 Πατὴρ
1625 618 1691 683 τῷ

107 700 221 768 Υἱῴ,
240 698 309 749 διὸ
329 697 386 762 δὴ
407 700 482 749 καὶ
507 703 569 753 εἷς
590 698 966 766 ἀπαράλλακτον
987 697 1324 761 ἀναβαίνουσιν
1345 695 1610 761 ὁμοιότητα,
1627 698 1690 749 ὡς

107 780 309 846 ὁρᾶσθαι
339 779 425 842 μὲν
450 782 498 832 ἐν
524 784 625 850 Υἱῲ
658 779 741 831 τὸν
768 780 975 847 Πατέρα,
1001 782 1049 831 ἐν
1075 779 1123 830 δὲ
1157 784 1224 848 τῷ
1253 780 1408 845 Πατρῖ
1442 777 1524 829 τὸν
1549 776 1687 840 Υὶὸν,

106 862 181 912 καὶ
207 864 273 930 τῷ
297 861 436 931 ἑτέρῳ
461 861 543 912 τὸν
563 862 719 928 ἕτερον
739 860 1092 929 ἐναστράπτειν,
1109 859 1319 926 καθάπερ
1339 862 1414 911 καὶ
1435 858 1573 912 αὐτός
1597 881 1689 910 που

461 941 474 959 Ι

214 943 229 961 Χ
294 943 304 957 ³
532 949 560 972 c(
578 944 588 959 t
676 945 686 958 θ
827 942 840 959 Χ
921 945 932 960 2
975 943 987 960 ἱ
1039 944 1049 958 t
1071 942 1084 959 Ι
1259 940 1273 956 Χ
1461 940 1474 957 Ι
1661 941 1685 957 3)

107 945 259 1012 φησιν
285 965 310 992 ο
337 946 506 1009 Σωτήρ
594 947 640 994 Ο
665 967 880 1010 εωρακως
910 966 1000 1007 εμε,
1028 964 1201 1008 εωρακε
1227 964 1309 992 τον
1338 945 1530 1007 Πατερα
1554 963 1660 1005 μου,
1707 959 1729 984 a
1788 950 1837 983 16
1859 949 1912 983 A·

40 1048 87 1073 10
107 1025 182 1075 καὶ
207 1023 356 1075 πάλιν
382 1030 410 1054 “
427 1022 558 1090 Ἐγὼ
584 1025 632 1075 ἐν
658 1028 725 1093 τῷ
752 1025 908 1090 Πατρῖ
944 1025 1019 1074 καὶ
1055 1024 1079 1073 5
1107 1021 1278 1089 Πατὴρ
1302 1024 1350 1073 ἐν
1377 1023 1523 1085 ἐμοί.”
1575 1023 1685 1072 ἀλλ’
1751 998 1867 1115 {fra}

1783 1096 1802 1115 ).
1824 1094 1873 1115 10.

105 1109 143 1157 εἰ
186 1107 263 1156 καὶ
307 1105 439 1157 ε”στιν
482 1107 530 1158 ἐν
575 1109 641 1174 τῷ
688 1107 860 1172 Πατρὶ,
901 1105 994 1172 ἔχει
1039 1104 1086 1156 δὲ
1130 1103 1279 1156 πάλιν
1323 1105 1371 1154 ἐν
1415 1105 1563 1172 ἑαυτῷ
1607 1102 1690 1154 τὸν

107 1186 316 1253 Πατέρα·
363 1191 521 1241 καλῶς
559 1186 644 1251 μὲν
682 1187 835 1250 αὐτὸς,
874 1185 1086 1252 καθάπερ
1124 1186 1214 1250 ἤδη
1251 1185 1534 1251 προείρηται,
1573 1184 1691 1251 πρὸς

104 1267 190 1332 τὴν
216 1274 298 1319 τοῦ
323 1268 640 1334 γεννήσαντος
673 1268 1059 1335 ἀπηκριβωμένος
1091 1265 1296 1336 μορφὴν,
1323 1265 1690 1333 ἀπαραποιήτως

105 1349 153 1401 δὲ
195 1349 357 1414 πάλιν,
398 1350 456 1419 ἐξ
496 1348 562 1402 ὧν
606 1352 737 1402 ἐστιν
781 1348 934 1412 αὐτὸς,
979 1350 1026 1400 ἐν
1071 1350 1220 1417 ἑαυτῷ
1263 1348 1347 1399 τὸν
1390 1347 1689 1414 γεννήσαντα

39 1455 84 1494 15
104 1431 384 1500 ζωγραφῶν·
431 1433 485 1483 οὐ
523 1431 599 1484 διὰ
636 1438 774 1484 τοῦτο
811 1430 866 1482 τὸ
905 1430 1130 1498 ὑπάρχειν
1164 1429 1288 1483 ἰδίως
1326 1429 1685 1496 ζημιωθήσεται,

103 1514 202 1564 οὐδ’
232 1514 290 1564 αὖ
313 1512 462 1564 πάλιν
487 1513 716 1565 ἀπολέσει
742 1514 767 1563 ὁ
796 1511 966 1579 Πατὴρ
990 1511 1044 1563 τὸ
1071 1508 1336 1581 ὑφεστάναι
1366 1512 1473 1561 καθ’
1503 1510 1684 1562 ἑαυτόν·

103 1594 214 1644 ἀλλ’
242 1593 345 1645 οὐδὲ
371 1595 398 1659 ἡ
429 1595 591 1660 πολλὴ
626 1596 735 1647 λίαν
760 1592 980 1664 ἐμφέρειά
1013 1616 1063 1645 τε
1097 1596 1173 1644 καὶ
1207 1590 1422 1656 ὁμοιότης
1456 1590 1732 1660 ἀνάχυσίνῖ)

103 1697 207 1726 τινα
236 1680 332 1727 τῶν
358 1674 672 1727 ὑποστάσεων
699 1675 963 1743 ἐργάσεται,
992 1677 1054 1728 ὡς
1089 1673 1137 1726 ἓν
1164 1677 1371 1725 νοεῖσθαι
1405 1677 1471 1742 τῷ
1507 1675 1690 1742 ἀριθμῷ

102 1756 186 1807 τὸν
211 1756 510 1822 γεννήσαντα
537 1757 730 1825 Πατέρα
763 1759 840 1809 καὶ
873 1756 957 1808 τὸν
982 1757 1040 1825 ἐξ
1067 1757 1210 1807 αὑτοῦ
1242 1754 1526 1821 γεννηθέντα
1552 1755 1688 1806 Υἱόν·

0 1911 1 1921 ¹
35 1859 85 1885 20
102 1839 213 1890 ἀλλ’
253 1839 281 1903 ἡ
319 1838 406 1904 μὲν
442 1839 669 1904 ταυτότης
706 1843 789 1904 τῆς
828 1838 1019 1909 φύσεως
1059 1836 1129 1889 ἐπ’
1169 1839 1349 1905 ἀμφοῖν
1387 1835 1688 1902 ὀμολογηθή-

101 1943 250 1983 σεται,
288 1919 342 1971 τὸ
381 1920 431 1972 δὲ
469 1921 593 1975 ἰδίως
632 1919 849 1987 ἑκάτερον
888 1917 1151 1989 ὑφεστάναι
1191 1916 1380 1972 πάντως
1419 1919 1684 1969 ἀκολουθεῖ·

101 2001 176 2053 ἵνα
211 2004 287 2053 καὶ
321 2003 346 2053 5
380 2001 549 2070 Πατὴρ
584 2002 730 2056 ὅντως
765 2005 925 2066 νοῆται
957 1999 1141 2067 Πατὴρ,
1169 2002 1244 2051 καὶ
1278 2001 1303 2051 5
1331 1999 1446 2053 Υἱὸς
1481 1998 1530 2050 δὲ
1555 1998 1684 2053 Υἱός.

99 2083 498 2151 ἐπαριθμουμένου
530 2083 624 2151 γὰρ
659 2086 781 2135 οὕτω
816 2085 891 2135 καὶ
925 2081 1390 2148 συνθεολογουμένου
1415 2086 1498 2132 τοῦ
1523 2079 1689 2146 εΑγιόυ

102 2163 390 2229 Πνεύματος,
416 2166 444 2230 ἡ
471 2166 583 2231 ἁγία
614 2167 690 2216 καὶ
723 2163 1114 2232 προσκυνουμένη
1141 2161 1289 2230 Τριάς
1322 2160 1374 2213 τὸ
1401 2166 1567 2213 οἰκεῖον
1594 2162 1687 2231 ἕξει

0 2250 3 2266 ⁵
34 2262 81 2301 25
99 2245 352 2312 πλήρωμα.

172 2348 306 2379 ΑΛΛο.
366 2331 425 2379 Εἰ
474 2327 612 2382 αὐτός
657 2329 789 2380 ἐστιν
833 2329 859 2380 ὁ
901 2327 1016 2382 Υἱὸς
1065 2329 1140 2379 καὶ
1186 2326 1370 2394 Πατὴρ,
1414 2331 1549 2378 ποῖον
1592 2325 1723 2393 ἔχειο

99 2408 295 2475 λόγονῆ
320 2413 415 2461 τῶν
435 2408 678 2474 ὀνομάτων
704 2409 963 2474 διαστολῆς
1000 2413 1037 2460 εἶ
1063 2408 1129 2474 μὴ
1153 2407 1246 2475 γὰρ
1273 2408 1396 2462 ὅλως
1422 2407 1683 2473 ἐγέννησεν,

100 2491 223 2542 ἱνατί
254 2495 465 2543 καλεῖται
501 2491 701 2559 Πατήρ;
753 2496 855 2546 πῶς
893 2490 943 2541 δὲ
982 2490 1105 2545 ὅλως
1133 2489 1261 2553 Υἱὸς,
1292 2493 1330 2540 εἰ
1361 2489 1426 2553 μὴ
1461 2488 1685 2555 ἐγεννήθη

149 2635 179 2658 1.
205 2623 368 2669 Praefigit
384 2624 438 2659 tit.
455 2636 530 2670 cap.
544 2635 578 2670 3.
595 2631 629 2659 et
645 2624 751 2659 verba
770 2624 835 2659 SS.
856 2623 930 2659 Ser.
948 2623 1006 2658 hic
1024 2624 1066 2658 E.
1126 2621 1389 2668 συλλογισμῶν]
1404 2621 1540 2656 Veccus
1557 2621 1684 2656 Archi-

97 2670 283 2715 episcopus
298 2670 709 2716 Constantinopolitanus
728 2671 764 2705 in
778 2671 900 2716 Epigr.
917 2682 969 2716 13.
984 2670 1027 2705 de
1042 2669 1107 2704 SS.
1121 2670 1181 2714 Sp.
1195 2669 1353 2703 process.
1367 2668 1448 2702 citat
1460 2668 1566 2702 verba
1578 2670 1684 2714 paulo

97 2716 189 2750 infra
212 2716 279 2752 sub
300 2717 405 2752 titulo
428 2717 463 2752 ἐν
479 2716 529 2753 οἷς
549 2720 694 2753 ποιεῖται
714 2719 967 2763 συλλογισμοῖς
986 2717 1033 2752 εἷς
1055 2718 1094 2751 τὸ
1116 2716 1218 2761 ῥητὸν
1234 2717 1273 2749 τό
1292 2715 1331 2749 ‘O
1349 2716 1454 2761 λόγος
1470 2713 1509 2758 ἧν
1524 2716 1610 2760 πρὸς
1626 2717 1685 2750 τὸν

99 2764 196 2797 Θεόν.
282 2775 316 2809 3.
333 2764 386 2798 καὶ
403 2765 500 2809 prius
518 2776 586 2798 ass.
601 2776 643 2798 ex
658 2764 701 2798 B.
787 2774 819 2807 5.
838 2764 897 2798 οὖν
913 2770 1137 2809 assumptum
1153 2774 1195 2796 ex
1211 2762 1253 2796 Β.
1338 2761 1370 2796 6.
1389 2762 1443 2795 καὶ
1460 2767 1684 2807 assumptum

99 2820 141 2843 ex
160 2809 203 2844 B.
428 2810 461 2845 8.
486 2811 636 2855 καθάπερ
656 2810 698 2844 Β.
716 2811 801 2845 καθὰ
819 2810 887 2845 Ed.
1110 2821 1143 2854 9.
1171 2810 1189 2842 6
1207 2806 1321 2853 Σωτήρ
1339 2814 1561 2852 assumptum
1579 2820 1621 2842 ex
1639 2808 1683 2843 B.

102 2854 154 2890 16.
180 2854 252 2890 καθ’
276 2856 405 2891 ἑαυτόν·
445 2856 523 2890 ἀλλ’
547 2856 642 2902 οὐδὲ]
665 2857 737 2891 καθ’
759 2859 896 2898 ἑαυτῶν,
918 2856 996 2890 ἀλλ’
1021 2856 1097 2890 οὐδὲ
1122 2855 1323 2899 ὑφεστάναι·
1358 2853 1431 2889 καθ’
1456 2856 1582 2889 ἑαυτῶν
1603 2854 1684 2889 ἀλλ’

97 2902 175 2936 οὐδὲ
193 2902 273 2946 (sic)
293 2902 336 2937 Β.
456 2913 511 2937 22.
539 2905 557 2937 6
574 2904 632 2938 alt.
651 2915 722 2938 om.
740 2904 783 2938 B.
904 2914 960 2948 23.
985 2901 1090 2947 οὕτω]
1110 2901 1218 2947 τούτῳ
1237 2900 1279 2935 Β.
1407 2900 1462 2936 26.
1489 2904 1507 2936 6
1524 2902 1622 2938 αὐτός
1641 2901 1683 2936 Ε.

97 2947 206 2983 invito
224 2949 333 2984 Euth.
399 2951 417 2983 6
435 2960 504 2984 om.
523 2949 566 2984 Β.
583 2950 692 2985 invito
710 2950 818 2985 Euth.
973 2958 1028 2994 27.
1056 2948 1160 2993 ὅλως]
1179 2948 1288 2983 ἄλλον
1305 2947 1413 2983 Euth.

155 3015 246 3044 VOL.
270 3016 298 3044 1.
875 3017 899 3044 Ε
