2084 3317
145 137 184 178 ii.
210 152 272 190 14.
419 142 492 182 IN
535 144 1496 195 S.JOANNEM.LIB.11.CAP.I.
1651 159 1733 198 205

143 248 344 318 ἀνεδειξε
378 257 461 302 τοῦ
495 254 686 319 πρώτου
711 259 950 316 βελτίονα·
985 267 1011 288 “
1032 259 1102 312 T6
1130 261 1223 329 γὰρ
1251 263 1449 329 γράμμα
1476 268 1729 330 ἀποκτένει,
1793 273 1894 344 30⁰⁸
1911 284 1955 303 ¹¹¹·

159 329 250 379 ίτὸ
292 330 339 381 δὲ
379 339 560 395 πνεῦμα
602 335 857 401 §nemesim
917 364 991 391 και
1034 343 1058 391 ὁ
1100 366 1186 406 μεν
1227 344 1368 408 νόμος
1409 349 1492 398 οὐκ
1538 348 1630 415 ἐχει
1674 349 1768 400 7621
1806 363 1884 397 138
1902 362 1952 398 A·

140 410 320 462 τέλειον
345 415 393 464 ἐν
419 416 626 479 ἀγαθοῖς·
667 417 726 468 τὰ
752 418 801 469 δε
828 424 928 471 θεῖα
960 425 1043 486 τῆς
1078 425 1384 491 εὐαγγελικῆς
1416 431 1727 485 διδασκαλιας

139 493 444 559 παιδεύματα,
476 498 816 565 πληρεστατην
850 504 1057 571 εἷσφερει
1094 504 1180 570 τὴν
1214 509 1451 574 εὐλογιαν.
1507 511 1727 578 θαυμαζει

95 584 117 621 5
141 572 188 624 δε
224 573 306 625 τὸν
331 573 456 628 οἶνον
488 579 571 630 τὸν
602 604 705 632 νεον
739 584 763 633 6
799 586 924 652 ἀρχι
911 587 1160 652 τ’ρικλινος·
1204 590 1404 646 ἕκαστος
1439 592 1547 658 γὰρ,
1575 591 1723 657 οἶμαι,

138 659 232 705 τῶν
258 660 321 711 εἷς
354 658 440 722 τὴν
472 661 638 712 θεῖἀν
627 665 886 730 ιερωσύνην
911 672 1328 735 κατατεταγμένων
1354 696 1429 724 και
1464 698 1720 727 πεπιστευ-

136 760 288 800 μενων
332 739 414 791 τὸν
459 740 585 794 οἶκον
628 751 711 795 τοῦ
756 750 977 815 Σωτῆρος
1028 751 1160 814 ἡμῶν
1205 757 1435 820 Χριστοῦ,
1481 756 1564 808 τὸν
1612 758 1725 824 ὑπὲρ

138 817 281 883 νόμον
307 823 448 874 αὐτοῦ
475 826 854 928 καταπλήττεται
883 829 1046 896 λόγον.
1098 834 1272 905 πρώτῳ
1310 835 1357 887 δε
1389 839 1515 888 αὐτῶ
1549 842 1724 891 κελεύει

134 904 325 966 δοθῆναι
365 905 652 970 Χριστὸς,”’
627 932 698 959 οτι
736 933 856 962 κατα
894 912 980 977 τὴν
1013 921 1095 966 τοῦ
1135 919 1337 968 Παύλου
1375 919 1540 987 φωνήν
1576 929 1602 951 “
1624 923 1724 975 Τὸν
1787 921 1910 996 ffiffgffn·

66 996 112 1022 10
134 990 161 1012 ‘⁶
185 990 421 1037 κοπιῶντα
470 990 684 1090 γεωργὸν
735 996 805 1044 δει
850 1000 1039 1094 πρῶτον
1091 1002 1186 1049 τῶν
1230 1006 1423 1065 καρπῶν
1469 1011 1719 1069 μεταλαμ-
1742 1012 1768 1053 b

133 1072 158 1094 ‘⁶
184 1067 386 1131 βάνειν,”
417 1072 491 1121 καὶ
520 1073 678 1124 νοείτω
705 1074 898 1126 παλιν
880 1100 904 1127 ο
931 1079 1177 1145 ἀκροατὴς,
1205 1080 1230 1132 6
1257 1083 1401 1147 λέγω.

147 1239 219 1282 Καὶ
258 1240 380 1300 εὗρεν
415 1245 459 1286 ὲν
498 1251 559 1301 τῷ
594 1246 695 1304 ἱερῷ
728 1265 825 1292 τους
864 1257 1118 1296 Πωλοῡνταε
1158 1258 1259 1306 βόασε
1298 1260 1367 1301 καὶ
1404 1262 1598 1319 Πρὸβατα
1638 1265 1707 1306 καὶ
1746 1281 1791 1314 14

351 1331 606 1387 Περιστερὰε
645 1334 713 1374 καὶ
751 1335 849 1376 τοὺς
889 1340 1172 1394 κερματιστὰς
1212 1344 1490 1392 καθΗμὲνουε.

201 1458 570 1529 Ἐξελεγχονται
615 1465 763 1516 πάλιν
804 1490 879 1518 και
920 1469 995 1520 διὰ
1034 1471 1213 1524 τούτων
1246 1475 1462 1528 Ἰουδαῖοι
1507 1483 1601 1530 τῶν
1641 1482 1717 1531 δο-

60 1544 105 1582 15
128 1538 302 1591 θεντων
341 1543 496 1597 αὐτοῖς
536 1546 937 1615 ὑπερφρονοῦντες
976 1551 1144 1616 νόμων,
1185 1561 1260 1606 καὶ
1299 1559 1594 1624 γραμμάτων
1631 1586 1717 1626 μεν

127 1625 434 1676 Μωυσαὶκῶν
479 1628 643 1678 οὐδενα
686 1653 952 1695 ποιουμενοι
998 1635 1161 1701 λόγον,
1206 1642 1268 1692 εἷς
1312 1639 1462 1706 μόνην
1509 1642 1557 1694 δὲ
1599 1646 1713 1705 βλε-

123 1726 290 1759 ποντες
328 1729 413 1771 την
453 1712 773 1776 φιλοκερδίαν.
833 1719 1238 1784 προκαθαιρεσθαι
1274 1721 1368 1788 γὰρ
1407 1723 1526 1774 κατὰ
1564 1729 1753 1777 mcxl-c

123 1794 234 1841 λους
272 1787 471 1854 τρόπους
506 1798 588 1842 τοῦ
624 1793 769 1857 νόμου
803 1798 1073 1852 κελεύοντος
1109 1824 1216 1855 τους
1251 1826 1382 1870 οιπερ
1419 1805 1624 1868 εμελλον
1651 1812 1714 1862 εἷς

122 1866 204 1919 τὸν
247 1873 369 1921 θεῖον
410 1874 744 1938 ἀναβήσεσθαι
797 1877 922 1942 ναὸν,
964 1883 1346 1948 ἀργυραμοιβους
1391 1888 1493 1952 ἠτοι
1538 1913 1707 1958 κερμα-

56 1968 104 1992 20
123 1974 292 2014 τισ-τας,
321 1976 395 2004 και
423 1956 603 2022 ἑτερους
631 1981 705 2009 επι
731 1961 926 2025 τούτοις,
953 1962 1020 2016 οἷς
1050 1967 1305 2036 πλεονεξια
1341 1968 1395 2019 τὸ
1431 1970 1713 2035 ἐπιτήδευμα

122 2034 197 2082 καὶ
223 2033 358 2089 τόκος
385 2059 459 2087 και
485 2040 841 2103 πλεονασμὸς’
819 2066 867 2093 εν
887 2045 1164 2109 ἐπιθυμίαις·
1206 2049 1318 2104 ὅλος
1345 2050 1439 2118 γὰρ
1464 2053 1512 2103 ἐν
1532 2076 1712 2108 τουτοις

121 2115 145 2164 ὁ
184 2120 277 2166 τῶν
310 2117 528 2185 ἐμπόρων
562 2122 746 2176 σκοπὸς
784 2147 1087 2178 συντεινεται·
1139 2129 1224 2190 τὴν
1259 2133 1399 2197 ἁγίαν
1432 2138 1705 2199 καταμολύ·

121 2216 291 2249 ναντας
331 2198 414 2248 οὐκ
445 2202 682 2300 ἀπεῖργον
720 2203 884 2267 αυλην,
925 2207 1135 2262 ἀνίπτοις
1175 2211 1223 2261 δε
1261 2210 1424 2279 ὥσπερ
1464 2217 1526 2267 εἰς
1565 2215 1711 2279 αυτὴν

120 2276 309 2328 εἶσιεναι
342 2282 460 2330 ποσὶ
498 2304 573 2332 και
609 2284 740 2335 αὐτοι
775 2284 831 2350 δὴ
865 2310 1054 2343 παντως
1088 2292 1340 2344 ἐπεταττον
1366 2298 1408 2345 οἱ
1435 2296 1710 2347 διακωλυειν

54 2360 132 2405 25’
120 2358 380 2425 ισχύοντες·
423 2362 498 2414 ι’να
525 2363 580 2428 δὴ
609 2367 832 2434 φαινηται
858 2369 1017 2435 λεγων
1041 2374 1196 2438 ἀληθῆ
1228 2398 1331 2442 περι
1358 2379 1511 2429 αὐτῶν
1539 2381 1563 2429 ὁ
1590 2379 1710 2434 Θεός

120 2439 190 2491 ὅτι
217 2448 245 2471 “
268 2445 496 2508 Ποιμένες
534 2450 712 2499 πολλοὶ
752 2450 1020 2518 διεφθειραν
1050 2454 1132 2506 τὸν
1166 2459 1426 2520 ἀμπελῶνα
1463 2483 1566 2523 μου,
1603 2461 1931 2549 e’pt6-dfffeflxfi·

120 2529 321 2575 “λυναν
352 2526 437 2590 τὴν
468 2529 632 2594 μεριδα
666 2554 771 2594 μου,
799 2532 977 2585 ἔδωκαν
1006 2537 1172 2602 μερίδα
1206 2540 1495 2605 ἐπιθυμητήν
1519 2565 1612 2605 μου
1646 2548 1709 2598 εἷς

120 2611 146 2634 “
171 2605 343 2672 ἔρημον
376 2608 570 2673 ἄβατον,
604 2612 800 2678 ἐγενήθη
836 2618 898 2669 εὶς
931 2618 1209 2686 ἀφανισμὸν
1244 2622 1520 2676 ἀπωλείας.”
1575 2628 1706 2694 διεφ-

170 2770 198 2794 1.
225 2759 373 2804 ἆνεδειξε
402 2763 443 2797 Β.
471 2763 562 2799 Catt.
589 2766 744 2811 ἀπέδειξε
772 2769 837 2804 Ε(Ῑ.
937 2772 1111 2807 ἀποκτένει
1140 2774 1180 2808 Β.
1187 2775 1266 2809 D.a.
1292 2775 1479 2810 ἀποκτεινει
1506 2776 1612 2813 Cord.
1639 2778 1707 2813 Ed.

119 2814 151 2847 5.
177 2807 236 2839 τὸν
254 2807 327 2841 νέον
345 2818 566 2855 assumptum
587 2824 603 2846 e
623 2812 774 2849 Catenis.
934 2818 966 2853 6.
993 2820 1176 2863 ἱερωσύνην
1197 2821 1238 2855 Β.
1259 2821 1350 2856 Catt
1368 2822 1623 2868 ιιρχιερωσύνην
1641 2825 1708 2860 Ed.

120 2852 152 2885 8.
180 2854 281 2896 νόμου
301 2854 435 2899 Migne.
570 2870 622 2893 10.
648 2863 799 2906 γεωργὸν
818 2863 859 2897 Β.
865 2864 910 2898 D.
930 2865 1022 2899 Catt.
1041 2869 1204 2911 γεωργεῖν
1222 2867 1288 2901 Ed.
1421 2880 1473 2904 ΙΙ.
1501 2872 1518 2904 ὁ
1536 2871 1647 2917 λεγων
1666 2872 1708 2906 Β.

125 2909 178 2932 12.
206 2913 258 2933 και
276 2902 362 2939 βόας
382 2901 423 2936 Β.
572 2916 623 2950 13.
650 2921 702 2940 και
720 2923 757 2942 το
762 2909 797 2944 ὑς
815 2913 1039 2954 κερματιστὰς
1056 2913 1260 2956 καθημένους
1277 2926 1346 2949 om.
1369 2915 1409 2949 Β.
1588 2928 1642 2961 25.
1670 2920 1710 2962 δὴ

123 2956 192 2979 om.
218 2946 257 2980 Β.
356 2950 413 2982 26.
439 2951 611 2994 ποιμέναις
631 2953 710 2996 (sic)
732 2954 776 2988 D.
878 2967 932 3002 27.
959 2959 1078 3002 μερίδα
1098 2960 1193 3003 plius
1215 2960 1254 2994 B.
1275 2962 1498 3006 κληρονομίαν
1517 2965 1583 2999 Ed.
