2021 3296
680 875 997 923 ΚΕΦΑΛΗ
1054 876 1111 923 Β.

157 1069 251 1111 ‘'O‘n
283 1069 345 1111 καὶ
376 1069 480 1113 Θεὸς
513 1071 574 1110 καὶ
605 1071 813 1121 ὁμοούσιος
843 1070 894 1125 τῷ
928 1070 1055 1122 Πατρὶ
1085 1069 1270 1124 ὑπάρχων
1301 1071 1321 1110 6
1352 1070 1447 1113 ’Υἱὸς
1479 1071 1522 1111 ἐν
1554 1072 1629 1125 ἰδίᾳ

425 1155 532 1196 ἐστὶν
563 1154 794 1205 ὑποστάσει,
826 1155 964 1206 ὁμοίως
995 1156 1037 1196 δὲ
1069 1155 1132 1196 καὶ
1162 1156 1182 1195 6
1215 1155 1367 1207 Πατήρ.

492 1316 568 1358 Καὶ
606 1317 628 1360 ὁ
665 1316 797 1364 ΛόΓοε
836 1313 885 1357 ἦν
924 1316 1032 1373 Πρὸς
1069 1316 1140 1359 τὸν
1180 1315 1304 1359 Θεὸν.

57 1473 79 1511 5
167 1450 430 1504 ’ἺΕΩΛΟΝ
457 1452 559 1518 ἤδη,
583 1455 657 1503 καὶ
685 1455 768 1516 τῆς
794 1452 1018 1516 ἀληθείας
1043 1451 1422 1520 ἀπεσφαλμένην
1441 1451 1691 1520 ἀποδείξας
1710 1464 1737 1504 d

100 1537 266 1588 ἱκανῶς
301 1533 387 1598 τὴν
425 1536 582 1599 ἀμαθῆ
619 1539 714 1585 τῶν
744 1536 893 1585 ἐκεῖνα
928 1532 1221 1602 δοξαζόντων
1251 1532 1474 1596 διάνοιαν,
1505 1536 1580 1585 καὶ
1617 1532 1692 1585 διὰ

100 1621 183 1667 τοῦ
211 1619 352 1667 εἰπεῖν
380 1624 406 1647 “
427 1615 514 1667 Ἐν
540 1619 664 1684 ἀρχῇ
691 1615 748 1681 ἧν
776 1617 800 1666 ὁ
828 1615 1025 1681 Λόγος,”
1053 1620 1218 1667 πᾶσαν
1245 1616 1536 1669 ἀποκλείσας
1565 1639 1688 1682 παρ-

100 1697 316 1748 είσδυσιν
358 1702 454 1752 τοῖς
499 1698 556 1766 ἐξ
597 1699 680 1748 οὐκ
726 1696 875 1748 ὄντων
919 1695 1033 1748 εἶναι
1080 1695 1278 1763 λέγουσι
1321 1695 1405 1748 τὸν
1445 1696 1576 1760 Υἱὸν,
1617 1700 1692 1748 καὶ

99 1783 264 1830 πᾶσαν
299 1780 452 1830 αὐτῶν
490 1778 576 1843 τὴν
614 1781 663 1830 ἐν
692 1779 874 1832 τούτοις
913 1779 1228 1844 εἶκαιολογίαν
1267 1778 1518 1844 ἀποτόμως
1555 1803 1689 1847 περι-

35 1886 82 1912 10
102 1859 236 1923 ελὼν,
281 1863 353 1930 ἐφ’
400 1861 560 1927 ἑτέραν
605 1861 787 1929 ἔρχεται
833 1860 1020 1926 γείτονά
1069 1883 1119 1912 τε
1163 1862 1238 1911 καὶ
1291 1861 1694 1927 δυστροπωτάτην

102 1942 297 2009 αἵρεσιν.
354 1945 428 1993 καὶ
453 1942 618 2009 ὥσπερ
643 1942 702 1993 ἂν
728 1942 771 1993 εἴ
791 1965 860 1996 τις
886 1941 1081 2008 ἄριστός
1107 1965 1156 1993 τε
1188 1943 1306 2005 ὁμοῦ
1339 1945 1414 1993 καὶ
1446 1942 1695 2008 τληπαθὴς

103 2024 380 2093 φυτουργὸς,
420 2030 515 2078 τοῖς
553 2023 640 2088 μὲν
678 2025 752 2076 ἐπὶ
792 2028 849 2091 τῇ
892 2023 1087 2092 δικέλλῃ
1134 2026 1208 2075 καὶ
1254 2023 1388 2088 μάλα
1433 2022 1490 2088 δὴ
1535 2024 1694 2078 πόνοις

101 2105 334 2174 ἐφήδοιτο,
361 2107 729 2173 περιεζωσμένος
765 2105 813 2157 δὲ
849 2105 935 2171 τὴν
965 2108 1140 2176 ὀσφῦν,
1168 2108 1244 2158 καὶ
1281 2109 1344 2161 ὡς
1379 2107 1444 2158 ε”νι
1478 2107 1735 2170 μάλισταρ

102 2193 197 2241 τοῖς
224 2189 350 2258 αὐτῷ
375 2189 638 2255 πρέπουσιν
664 2187 1039 2255 ἀγροικιζόμενος
1065 2189 1299 2257 σχήμασι,
1326 2193 1491 2240 πᾶσαν
1516 2194 1695 2240 ποιοῖτο

35 2285 82 2324 15
103 2269 318 2334 σπουδὴν
359 2273 442 2335 τῆς
482 2270 539 2340 ἐξ
576 2273 792 2321 ἀκανθῶν
833 2271 995 2335 ἀηδίας
1039 2271 1290 2338 ἐλευθέραν
1328 2271 1571 2339 ἀποδεῖξαι
1613 2277 1695 2321 τοῦ

103 2353 393 2417 παραδείσου
428 2349 514 2416 τὴν
545 2351 675 2421 ὄψιν,
703 2352 861 2415 ἄλλην
892 2351 940 2404 δὲ
973 2353 1044 2404 ἐπ’
1079 2353 1238 2417 ἄλλην
1271 2352 1616 2420 καταστρέφων
1642 2353 1695 2402 οὐ

103 2432 312 2496 παύεται,
359 2436 434 2484 καὶ
478 2433 637 2503 κύκλῳ
682 2438 977 2500 περινοστῶν
1022 2435 1090 2485 ἀεὶ
1137 2434 1190 2485 τὸ
1236 2439 1420 2485 λυποῦν
1463 2433 1696 2500 ἀνοχλίζει

103 2515 266 2584 ξύλον,
305 2515 388 2567 τὸν
426 2515 642 2583 σκληρὸν
681 2516 851 2567 ὀδόντα
889 2519 973 2580 τῆς
1011 2517 1233 2581 δικέλλης
1273 2516 1522 2569 ὑποτιθείς·
1575 2515 1696 2565 οὕτω

104 2599 178 2647 καὶ
219 2599 243 2648 6
281 2598 508 2664 μακάριος
545 2596 766 2662 Ἰωάννης
804 2597 887 2649 τὸν
921 2598 1072 2665 ζῶντα
1111 2601 1186 2649 καὶ
1225 2599 1387 2662 ἐνεργῆ
1427 2599 1502 2647 καὶ
1543 2596 1696 2659 τομώ-
1757 2607 1908 2681 {eb-iv-

36 2706 84 2731 20
104 2701 247 2730 τατον
281 2686 364 2730 τοῦ
399 2684 524 2731 Θεοῦ
551 2679 713 2746 Λόγον
751 2681 799 2731 ἐν
833 2680 1013 2749 διανοίᾳ
1051 2684 1231 2749 φορῶν,
1262 2677 1609 2747 ὀξυωπέστατά
1646 2701 1734 2732 τεῇ
1795 2700 1842 2732 15
1865 2698 1918 2731 A.

105 2763 180 2811 καὶ
215 2761 557 2829 νουνεχέστατα
594 2765 677 2825 τῆς
711 2766 805 2812 τῶν
832 2761 1230 2831 ἑτεροδοξούντων
1258 2760 1419 2814 κακίας
1455 2759 1515 2811 τὰ
1550 2759 1696 2827 πικρὰ

153 2913 186 2948 5.
213 2903 482 2948 ἀπεσφαλμένην
502 2904 543 2938 Β.
562 2904 877 2949 ἀποσφαλλομένην
896 2904 962 2938 Ed.
1133 2903 1186 2937 18.
1212 2902 1448 2947 σκληροδόντα
1465 2915 1528 2948 pro
1546 2903 1697 2947 σκληρὸν

107 2950 227 2985 ὀδόντα
246 2951 287 2985 Ε.
481 2962 535 2986 20.
562 2951 697 2997 φορῶν]
717 2951 833 2996 φέρων
854 2951 896 2985 Β.
