2084 3317
365 150 449 190 682
768 156 817 196 Β.
850 157 1124 197 CYRILLI
1167 156 1546 197 ALEXANDR.
1797 152 1869 193 vii.
1887 164 1956 207 34·

367 259 612 316 ἐθέλοντος
652 265 965 331 διαπαίζουσα
1007 271 1154 333 χεῖρα.
1217 267 1384 317 οὐκοῦν
1416 266 1603 330 ἐπείπερ
1644 264 1726 314 οὐκ
1765 263 1814 312 ἐν
1849 263 1958 326 ἡμῖν

369 341 428 391 τὰ
461 344 511 393 ἐκ
545 349 640 395 τῶν
665 351 838 412 καιρῶν
868 347 988 411 μετὰ
1023 347 1130 402 τοὺς
1166 347 1365 412 καιροὺς,
1392 352 1601 412 παροῦσι
1635 350 1731 399 τοῖς
1765 346 1959 410 ἀγαθοῖς

368 421 434 486 μὴ
470 425 871 497 ἐπινυστάξωμεν,
899 431 1232 495 ἐγρηγορῶμεν
1263 428 1310 480 δὲ
1344 433 1548 491 μᾶλλον,
1574 429 1649 478 καὶ
1686 426 1750 490 μὴ
1791 426 1866 476 ὅτε
1904 425 1959 476 τὸ

369 504 518 570 ζητεῖν
543 508 797 576 ἀνωφελὲς,
824 509 878 560 τὸ
914 515 1152 577 θηρᾶσθαι
1187 510 1241 562 τὸ
1279 514 1498 580 ὠφελοῦν
1525 510 1763 562 ἀσυνέτως
1799 531 1953 560 σπου-

370 586 592 653 δάζωμεν.
1979 608 2002 646 5

606 760 680 802 Καὶ
718 763 825 805 ὅπου
864 762 949 813 εἰμί
986 764 1074 812 ἐΓὼ
1111 763 1228 815 ὑμεῖς
1267 767 1314 808 οὐ
1354 766 1535 809 δύνασθε
1572 762 1727 808 ἐλθεῖν.

445 895 760 949 Ἀστειότατα
798 900 947 952 πάλιν
978 904 1062 966 τῆς
1102 906 1196 953 τῶν
1235 903 1446 968 οὐρανῶν
1483 903 1734 964 βασιλείας
1773 899 1827 953 τὸ
1865 905 1961 952 τῶν

333 976 610 1029 οἸουδαίων
642 980 864 1044 ἐκπέμπει
903 984 1052 1049 γένος,
1085 983 1325 1036 ἀκόλουθα
1364 984 1448 1047 μὲν
1482 990 1579 1038 τοῖς
1616 984 1705 1048 ἤδη
1743 1005 1961 1049 προειρη-

370 1057 524 1121 μένοις
563 1062 835 1128 ἐπενεγκὼν,
875 1065 1001 1126 βαθὺ
1043 1067 1087 1117 δ’
1130 1067 1212 1117 οὖν
1250 1067 1376 1128 ὅμως
1420 1067 1575 1121 αὐτοῖς
1619 1065 1961 1133 ἐγκαταχώσας

371 1140 649 1206 μυστήριον.
705 1146 1040 1214 ἁπλούστερον
1066 1146 1149 1208 μὲν
1175 1147 1268 1214 γὰρ
1294 1148 1693 1215 προσβάλλοντες
1719 1151 1785 1216 τῷ
1812 1146 1958 1217 λόγῳ,
1983 1173 2032 1199 10

372 1224 448 1273 καὶ
471 1224 864 1294 ἀπεριεργοτέραν
891 1230 961 1280 ἐπ’
983 1231 1110 1299 αὐτῷ
1135 1230 1222 1294 τὴν
1249 1231 1446 1297 θεωρίαν
1474 1229 1731 1298 δεξάμενοι,
1750 1228 1961 1280 τοιοῦτόν

372 1326 417 1354 τι
469 1304 626 1372 φαμὲν
672 1309 943 1374 ὑποδηλοῦν
995 1311 1150 1375 αὐτὸν,
1196 1314 1258 1366 ὡς
1311 1312 1570 1376 οὐδαμόθεν
1621 1313 1777 1365 αὐτοῖς
1827 1310 1962 1362 ἔσται

373 1388 690 1452 καταληπτὸς,
717 1393 828 1442 ἀλλ’
859 1392 963 1444 οὐδὲ
989 1399 1086 1448 τοῖς
1111 1395 1222 1461 παρ’
1250 1396 1404 1446 αὐτῶν
1431 1396 1736 1446 ὑποπεσεῖται
1768 1392 1962 1461 βρόχοις

371 1470 767 1536 παλινδρομήσας
799 1474 917 1539 πρὸς
955 1474 1039 1526 τὸν
1067 1477 1278 1543 Πατέρα.
1338 1478 1392 1527 οὐ
1427 1476 1520 1543 γὰρ
1558 1476 1768 1541 βάσιμος
1806 1477 1962 1529 αὐτοῖς

373 1549 508 1601 ε”σται
559 1555 636 1603 καὶ
686 1555 895 1621 οὐρανὸς,
944 1559 969 1608 ὁ
1017 1557 1065 1609 δὲ
1110 1560 1236 1628 αὐτῷ
1279 1559 1572 1625 συνεδρεύων
1616 1562 1682 1629 τῷ
1726 1562 1834 1628 Θεῷ
1885 1559 1961 1608 καὶ
1985 1579 2031 1618 15

328 1629 545 1699 (ῙΠατρὶ,
571 1639 672 1689 πῶς
707 1636 765 1688 ἂν
798 1641 872 1689 καὶ
910 1640 1092 1705 γένοιτο
1130 1646 1225 1694 τοῖς
1260 1641 1481 1708 ζητοῦσιν
1510 1641 1652 1692 αὐτὸν
1678 1641 1955 1704 ἁλώσιμος;

371 1712 436 1768 εἷς
472 1715 557 1779 μὲν
592 1719 674 1769 οὖν
705 1718 850 1785 λόγος
887 1722 1023 1776 οὗτος
1063 1724 1117 1773 οὐ
1154 1722 1319 1786 βαθὺς,
1347 1723 1735 1790 πρεπωδέστερος
1776 1721 1824 1773 δὲ
1861 1727 1962 1776 ταῖς

371 1801 465 1847 τῶν
491 1799 730 1852 Ἰουδαίων
764 1803 1015 1870 ἐλαφριάις
1051 1809 1255 1867 μᾶλλον,
1284 1807 1360 1856 καὶ
1395 1810 1496 1860 ταῖς
1531 1807 1716 1856 ἐκείνων
1740 1805 1961 1858 διανοίαις

372 1879 421 1929 ἐν
464 1880 694 1942 ἀμείνοσι·
755 1886 1132 1951 χθαμαλώτερον
1176 1888 1270 1954 γάρ
1315 1911 1416 1942 πως
1468 1889 1536 1938 ἀεὶ
1581 1893 1794 1942 νοοῦντες
1838 1887 1958 1954 εὑρί-

372 1981 586 2012 σκονται·
639 1965 666 2028 ἡ
703 1964 751 2015 δὲ
788 1967 986 2032 ἀκριβὴς
1022 1971 1097 2019 καὶ
1133 1970 1421 2035 κεκρυμμένη
1456 1974 1551 2021 τῶν
1576 1971 1828 2035 εἰρημένων
1855 1968 1955 2019 διά·
1983 1996 2033 2021 20

373 2065 475 2093 νοια
509 2050 676 2096 τοῦτον
709 2047 802 2114 ἔχει
836 2048 919 2098 τὸν
950 2049 1127 2115 τρόπον
1161 2051 1291 2116 Ἐγὼ
1325 2051 1424 2115 μὲν,
1457 2054 1596 2120 φησὶ,
1620 2054 1704 2116 τῆς
1740 2051 1961 2117 ὑμετέρας

372 2125 678 2189 ἀνοσιότητος
706 2129 791 2192 τὴν
816 2132 996 2196 παγίδα
1026 2132 1330 2199 διεκδραμὼν,
1359 2133 1807 2198 ἀνακομισθήσομαι
1842 2134 1962 2200 πρὸς

374 2205 499 2257 Θεὸν
524 2210 599 2259 καὶ
627 2212 835 2278 Πατέρα·
877 2214 1273 2279 προαποδημήσω
1309 2216 1356 2267 δὲ
1391 2215 1581 2270 πάντως
1606 2220 1701 2266 τῶν
1727 2216 1961 2282 ἡμετέρων

373 2297 732 2356 προσκυνητῶν,
776 2294 852 2345 ἵνα
901 2297 977 2346 καὶ
1027 2297 1321 2363 πορεύσιμον
1366 2299 1522 2351 αὐτοῖς
1572 2298 1824 2367 ἀποδείξας
1876 2297 1962 2362 τὴν

334 2370 494 2437 θπρὸς
543 2373 598 2424 τὸ
648 2375 744 2426 ἄνω
797 2376 1160 2443 διακομίζουσαν
1205 2381 1384 2446 τρίβον,
1429 2379 1610 2433 πάντας
1652 2379 1803 2448 ε”χοιμι
1853 2381 1958 2442 μεθ’
1983 2397 2034 2437 25

373 2453 555 2506 ἑαυτοῦ.
617 2460 740 2524 ὑμεῖς
780 2457 829 2509 δὲ
871 2463 913 2510 οὐ
951 2457 1128 2511 δύναισθε
1160 2460 1291 2512 ἐλθεῖν
1323 2461 1429 2512 ’ὅπου
1465 2468 1551 2530 εἰμὶ
1589 2461 1692 2528 ἐγὼ,
1717 2461 1963 2513 τουτέστιν

372 2534 638 2603 ἀπόκληροι
681 2544 776 2590 τῶν
821 2542 958 2592 θείων
1002 2543 1196 2607 ἀγαθῶν
1239 2543 1568 2609 εὑρεθήσεσθε,
1609 2543 1830 2612 ἀμέτοχοι
1879 2546 1963 2608 τῆς

371 2618 483 2681 ἐμῆς
535 2619 706 2672 ἔσεσθε
757 2623 914 2691 δόξης,
966 2627 1040 2675 καὶ
1093 2630 1176 2675 τοῦ
1231 2626 1609 2689 συμβασιλεύειν
1659 2630 1755 2679 τοῖς
1813 2627 1963 2692 ἁγίοις

419 2780 453 2814 3.
480 2770 752 2816 επινυστάζωμεν
769 2785 800 2809 a.
863 2774 944 2820 ἐγρη
948 2778 1102 2820 γορῶμεν
1115 2787 1145 2810 a.
1164 2775 1339 2821 ἔγρηγόρω
1359 2776 1401 2811 Β.
1419 2781 1642 2828 γρηγορῶμεν
1655 2777 1876 2812 Holstenius.
1893 2776 1961 2813 Ed.

376 2825 428 2872 15.
457 2817 510 2850 καὶ
528 2817 622 2861 prius
640 2828 865 2865 assumptum
883 2833 925 2855 ex
949 2823 988 2856 B.
1055 2821 1109 2868 δε]
1135 2828 1166 2861 -Ι-
1192 2823 1226 2856 ἐν
1246 2823 1297 2857 Ht
1284 2830 1308 2857 t.
1330 2823 1396 2858 Ed.
1529 2833 1580 2869 17.
1608 2827 1655 2860 εἱς
1670 2839 1731 2868 μεν
1747 2823 1806 2859 οὖν
1825 2824 1903 2859 Β.
1884 2839 1960 2859 εστι
2036 2846 2041 2866 «,

371 2862 432 2904 μὲν
450 2861 508 2897 οὖν
525 2865 543 2897 ὁ
564 2864 625 2898 Ht.
647 2865 712 2900 Ed.
823 2868 876 2902 18.
901 2867 1052 2915 μᾶλλον]
1073 2869 1109 2903 δέ
1125 2870 1261 2912 μᾶλλον
1280 2869 1322 2904 Β.
1373 2869 1583 2905 Emendavit
1604 2870 1667 2905 Ht.
1773 2882 1829 2906 22.
1854 2870 1957 2963 πρὸς]
2039 2885 2041 2891 ·

377 2913 413 2947 ’ί-
435 2910 493 2943 τὸν
510 2921 540 2944 a.
671 2922 726 2957 23.
753 2912 923 2959 ἡμετέρων
942 2915 983 2949 Β.
1006 2916 1069 2950 Ht.
1089 2916 1129 2960 ἐμ
1131 2920 1177 2950 ὧν
1194 2927 1212 2950 e
1231 2915 1308 2951 Cat.
1330 2916 1429 2951 Harl.
1448 2924 1488 2951 ut
1505 2917 1576 2952 vid.
1594 2918 1688 2952 Aub.
1818 2927 1874 2961 25.
1899 2932 1938 2952 το
2032 2949 2040 2968 3

372 2954 432 2996 τὴν
451 2955 492 2990 Β.
513 2957 577 2991 Ht.
642 2959 715 3002 μεθ’
733 2960 855 2995 ἑαυτοῦ
876 2961 917 2995 Β.
940 2962 1003 2996 Ht.
1021 2961 1092 3006 μετ’
1111 2962 1255 3006 ἐμαυτοῦ
1273 2975 1291 2997 e
1310 2963 1386 2998 Cat.
1408 2963 1508 2999 Harl.
1525 2970 1565 2998 ut
1582 2963 1652 2998 vid.
1672 2963 1737 2999 Ed.
