2084 3317
134 152 204 193 vii.
223 165 290 208 34.
394 154 467 195 IN
509 156 551 196 S.
586 156 925 198 JOANNEM.
989 158 1113 199 LIB.
1137 159 1190 199 V.
1253 159 1386 201 CAP.
1422 160 1457 201 I.
1636 162 1718 200 683

132 259 391 328 ἀλλότριοι,
425 263 650 328 ἄγευστοι
689 267 941 329 διαμενεῖτε
978 269 1060 330 τῆς
1094 268 1143 317 ἐν
1175 267 1340 318 ἐλπίσι
1379 271 1566 332 δωρεᾶς,
1594 267 1714 318 ἀπό-

130 365 257 394 σιτοι
282 348 376 394 τῶν
401 346 537 395 θείων
564 347 733 398 ε”σεσθε
761 347 940 413 γάμων,
968 348 1054 412 τὴν
1081 347 1196 412 ἐμὴν
1222 350 1305 399 οὐκ
1339 348 1524 416 ὄψεσθε
1560 350 1714 414 πανή-

130 445 279 491 γυριν,
307 426 390 476 οὐκ
425 426 732 492 ἀναβήσεσθε
769 429 887 495 πρὸς
923 428 1005 483 τὰς
1039 430 1136 481 ἄνω
1171 430 1332 493 μονὰς,
1359 431 1470 480 ἀλλ’
1500 429 1603 481 οὐδὲ
1635 435 1717 495 τῆς

128 510 223 557 τῶν
239 509 556 573 πρωτοτόκων
573 509 868 574 Ἐκκλησίας
895 509 948 562 τὸ
970 511 1151 565 κάλλος
1171 513 1477 578 ἐπαθρήσετε·
1505 513 1717 567 ἄποπτος

85 605 108 643 5
131 589 236 651 ὑμῖν
270 589 298 652 ἡ
335 590 431 641 ἄνω
466 591 718 656 γενήσεται
752 592 911 647 πόλις·
965 595 1018 644 οὐ
1057 595 1320 659 θεωρήσετε
1356 593 1442 658 τὴν
1475 594 1717 645 πλουσίαν

128 669 463 736 Ἰερουσαλήμ·
520 675 615 724 ἐκεῖ
649 674 741 740 γάρ
779 698 837 739 με
878 674 932 726 τὸ
971 674 1084 740 ε’μον
1123 676 1442 745 δοξολογήσει
1479 678 1712 740 ποίμνιον,
1734 699 1757 723 a
1786 690 1872 724 466
1889 690 1941 724 A.

127 755 251 820 ὑμεις
278 752 326 804 δὲ
354 758 397 805 οὐ
424 752 602 807 δύνασθε
626 757 771 809 ἑλθειν.
825 758 880 808 οὐ
915 756 1008 824 γὰρ
1041 758 1355 827 παραδεξεται
1392 759 1717 825 κυριοκτόνους

127 835 152 885 ὁ
205 835 417 902 οὐρανος,
464 837 569 889 οὐδὲ
620 840 793 908 ἀνοίξει
843 845 928 890 τοῦ
975 840 1268 906 παραδείσου
1318 863 1400 894 τας
1449 840 1606 894 πύλας
1657 839 1717 890 τὰ

127 918 436 982 Χερουβιμ,“
426 920 498 970 ίνα
541 921 776 989 θεομάχος
815 921 1011 989 εἰσέλθῃ
1052 920 1183 985 λαος,
1222 923 1500 986 δυσωπήσει
1541 922 1588 973 δε
1631 947 1712 973 ου-

56 1020 105 1046 10
125 999 285 1062 δαμῶς
320 998 406 1064 τὴν
439 1004 678 1070 φλογίνην
713 1004 955 1071 ῥομφαίαν
989 1003 1108 1069 ἀνὴρ
1146 1009 1246 1057 ταῖς
1285 1009 1347 1058 εἰς
1380 1004 1506 1055 Θεὸν
1532 1008 1712 1055 δυσσε-

123 1080 272 1141 βείαις
298 1082 474 1150 ἔνοχος·
514 1083 661 1147 μόνον
689 1083 782 1135 οἶδε
809 1084 892 1136 τὸν
919 1086 1094 1149 εὐσεβῆ
1121 1088 1197 1136 καὶ
1223 1089 1337 1155 τιμᾷ
1364 1085 1447 1137 τὸν
1474 1085 1714 1155 φιλόθεον,

123 1164 198 1213 καὶ
226 1163 408 1230 εἰρήνης
435 1165 657 1230 σύνθημα
682 1171 881 1218 ποιεῖται
907 1165 993 1231 τὴν
1019 1168 1198 1219 πίστιν.

197 1247 435 1311 Τοιαύτην
461 1247 564 1298 τινὰ
597 1249 795 1315 θεωρίαν
820 1255 914 1303 τοῖς
952 1249 1207 1315 εἰρημένοις
1240 1251 1495 1313 ἐποίσομεν
1527 1274 1708 1302 παντα-

122 1326 240 1394 χόσε
260 1328 346 1393 τὴν
366 1331 537 1394 ἀληθῆ,
555 1333 631 1381 καὶ
657 1336 753 1385 τοῖς
780 1333 828 1382 ἐν
848 1331 1039 1382 συνέσει
1059 1333 1338 1397 πρέπουσαν
1355 1337 1714 1400 ἷχνηλατοῦντες

56 1421 101 1459 15
123 1408 342 1462 διάνοιαν.
379 1414 523 1478 ὀλίγα
543 1413 589 1464 δὲ
609 1413 789 1468 τούτοις
813 1414 1159 1479 προσθήσομεν
1176 1415 1529 1469 ἀποδεικνύντες
1557 1414 1632 1466 διὰ
1659 1416 1713 1467 τὸ
1733 1428 1759 1468 b

119 1491 371 1559 χρήσιμον,
413 1494 519 1546 ὅσοι
560 1495 644 1559 μὲν
682 1495 800 1563 πρὸς
839 1496 936 1565 ἕξιν
975 1497 1308 1557 ἀναβαίνοντες
1349 1497 1434 1560 τὴν
1473 1497 1712 1565 φιλόθεον,

120 1575 196 1625 καὶ
235 1576 518 1628 συνέσονται
550 1580 626 1629 καὶ
661 1578 1043 1645 συνεορτάσουσι
1079 1580 1145 1647 τῷ
1172 1582 1388 1648 Χριστῷ·
1443 1583 1485 1630 οἱ
1525 1578 1573 1630 δὲ
1613 1586 1713 1634 ταῖς

118 1656 395 1712 Ἰουδαϊκαῖς
434 1660 654 1722 ἀμαθίαις
694 1660 1046 1728 συντρέχοντες,
1081 1662 1163 1712 οὐκ
1202 1662 1251 1711 ἐν
1283 1661 1465 1716 τούτοις
1504 1662 1709 1712 ἔσονται·

119 1738 297 1800 πόθεν;
351 1741 525 1806 πικρὰν
570 1741 620 1792 δὲ
663 1745 747 1806 τῆς
793 1743 1026 1798 ἀπειθείας
1071 1742 1437 1810 πραχθήσονται
1488 1743 1708 1795 κόλασιν.

50 1838 99 1862 20
120 1822 288 1872 οὐκοῦν
333 1824 357 1873 ὁ
409 1825 665 1878 θεσπεσιος
718 1826 827 1888 ἡμῖν
872 1849 1031 1876 εισιτω
1080 1830 1276 1878 Παῦλος
1325 1825 1444 1892 πρὸς
1495 1849 1602 1879 τους
1654 1829 1713 1893 τῇ

119 1904 325 1973 ἁμαρτία
364 1906 727 1970 νενεκρωμένους
771 1910 990 1968 ἀναβοῶν
1029 1916 1056 1937 “
1083 1907 1370 1958 Ἀπεθάνετε
1415 1931 1521 1974 γαρ,
1562 1910 1638 1958 καὶ
1685 1909 1711 1973 ἡ
1773 1913 1907 1997 {³021st

119 1992 146 2015 ‘⁶
172 1985 264 2051 ζωὴ
302 1988 429 2050 ὑμῶν
461 1988 712 2054 κε’κρυπται
750 2012 842 2040 συν
874 1994 940 2058 τῷ
968 1993 1169 2059 Χριστῷ
1204 1992 1251 2040 ἐν
1283 1994 1350 2058 τῷ
1378 1994 1502 2059 Θεῷ·
1545 1989 1658 2041 ὅταν
1685 1992 1710 2041 ὁ

117 2074 144 2098 “
172 2067 385 2134 Χριστὸς
411 2073 678 2138 φανερωθῇ,
706 2071 733 2135 ἡ
761 2070 853 2137 ζωὴ
882 2073 1024 2136 ὑμῶν,
1051 2071 1156 2122 τότε
1194 2074 1269 2123 καὶ
1306 2074 1432 2136 ὑμεῖς
1464 2071 1556 2123 σὺν
1584 2074 1710 2140 αὐτῷ
1728 2098 1750 2125 e

116 2156 144 2179 ‘⁴
173 2152 578 2218 φανερωθήσεσθε
614 2154 662 2203 ἐν
690 2153 847 2221 &dg-‘ys'
898 2157 974 2204 καὶ
1010 2153 1160 2205 πάλιν
1185 2153 1293 2207 τοὺς
1327 2156 1433 2219 περὶ
1469 2157 1551 2217 τῆς
1588 2156 1705 2204 ἀνα-

1774 2245 1785 2266 1
1802 2237 1915 2270 Thess.

47 2240 94 2278 25
117 2230 336 2286 στάσεως
364 2232 672 2300 διεκβιβάζων
699 2234 872 2301 λόγους
900 2243 927 2265 “
952 2239 1046 2287 Καὶ
1080 2237 1208 2299 ἡμεῖς
1245 2239 1287 2286 οἱ
1323 2236 1503 2302 ζῶντες,
1531 2238 1704 2305 φησὶν,
1770 2280 1813 2311 iv.
1833 2288 1881 2321 17·

117 2320 144 2344 ‘⁶
170 2317 211 2365 οἱ
244 2315 620 2380 περιλειπόμενοι
657 2314 754 2380 ἅμα
791 2317 882 2368 σὺν
908 2318 1064 2371 αὐτοῖς
1092 2317 1470 2384 ἁρπαγησόμεθα
1496 2320 1544 2368 ἐν
1569 2317 1703 2386 νεφέ-

117 2403 144 2426 “
169 2404 288 2458 λαις,
315 2401 376 2450 εἰς
403 2397 672 2461 ἀπάντησιν
698 2405 781 2450 τοῦ
810 2401 987 2466 Κυρίου
1012 2404 1074 2453 εἷς
1092 2401 1227 2466 ἀέρα,
1255 2402 1330 2450 καὶ
1358 2401 1480 2450 οὕτω
1505 2398 1708 2451 πάντοτε

116 2485 142 2507 “
168 2476 261 2529 σὺν
299 2479 459 2548 Κυρίῳ
498 2481 744 2543 ἐσόμεθα.”
805 2484 1018 2548 συγγενῆ
1065 2482 1112 2532 δὲ
1156 2481 1336 2535 τούτοις
1381 2484 1457 2532 καὶ
1500 2480 1640 2536 αὐτὸς
1682 2482 1707 2531 ὁ

117 2560 285 2627 Σωτὴρ
310 2560 430 2627 πρὸς
457 2561 564 2615 τοὺς
590 2562 756 2613 ἑαυτοῦ
782 2563 997 2628 μαθητὰς
1029 2563 1314 2630 διαγορεύων
1341 2564 1519 2629 ὁρᾶται.
1559 2586 1702 2614 συνε-

42 2661 93 2698 30
114 2643 376 2707 στιώμενος
401 2643 495 2710 γὰρ
521 2645 675 2698 αὐτοῖς
704 2652 731 2675 “
752 2645 890 2711 Λέγω
918 2646 965 2696 δὲ
993 2648 1113 2710 ὑμῖν,
1141 2648 1308 2714 φησὶν,
1334 2647 1388 2696 οὐ
1414 2644 1479 2709 μὴ
1506 2646 1598 2696 πίω
1625 2645 1702 2696 ἀπ’
1768 2646 1929 2730 Ξὲζὲἃξξ

114 2731 142 2754 “
169 2725 275 2791 ἄρτι
319 2727 369 2776 ἐκ
413 2724 581 2776 τούτου
623 2731 706 2777 τοῦ
749 2726 1040 2793 γεννήματος
1085 2731 1169 2791 τῆς
1216 2727 1448 2792 ἀμπέλου,
1490 2727 1575 2780 ἕως
1620 2729 1704 2790 τῆς

490 2836 609 2863 ποιεῖται

168 2881 221 2904 12.
247 2869 359 2914 εἷρήνη
379 2869 420 2905 Β.
483 2886 618 2915 τιμαται
639 2871 680 2906 Β.
790 2883 844 2917 19.
869 2886 992 2917 πικριιν
1009 2873 1045 2906 δε
1063 2871 1167 2906 edidi.
1186 2873 1309 2918 πικράν
1326 2886 1360 2906 τε
1383 2871 1424 2906 Β.
1443 2872 1566 2916 πικρὰν
1586 2872 1705 2906 Holst.

119 2916 186 2951 Ed.
257 2916 517 2962 πραχθήσονται
538 2918 579 2952 Β.
597 2917 858 2963 πραχθήσοντες·
877 2919 940 2953 Ht.
961 2919 1027 2954 Ed.
1046 2919 1269 2955 ἀποτίσοντες
1287 2918 1364 2953 Cat.
1386 2918 1486 2953 Harl.
1505 2926 1591 2953 teste
1610 2918 1705 2953 Aub.

120 2972 176 3008 27.
201 2964 323 2999 πάντες
340 2964 434 2998 Aub.
579 2965 697 2999 28.δὲ
720 2965 759 2999 Β.
778 2980 813 3000 τε
836 2966 899 3000 Ht.
918 2966 984 3000 Ed.

854 3033 968 3072 482
