2084 3317
1745 616 1763 640 a
1794 608 1884 644 300
1898 609 1947 644 A.

714 649 1033 701 ΚΕΦΑΛΗ
1091 654 1145 703 Ε.

124 824 217 866 οὈτι
267 830 464 882 χαρακτὴρ
521 835 586 883 τῆς
641 836 898 880 ὑποστάσεως
950 843 1019 879 τοῦ
1071 844 1178 882 Θεοῦ
1230 843 1290 883 καὶ
1342 847 1497 895 Πατρός
1542 849 1650 888 ἐστιν
1702 852 1721 890 6

245 906 490 958 Μοιογενὴς,
525 909 587 949 καὶ
627 911 700 964 οὐχ
743 912 873 964 ἕτερος
913 914 1002 966 παρ’
1041 915 1159 956 αὐτὸν
1191 935 1213 967 η
1250 918 1358 959 ἔστιν
1397 938 1419 971 η
1461 926 1607 964 νοεῖται
1646 942 1719 978 χα-

240 977 396 1030 ρακτήρ-

82 1144 104 1180 5
155 1140 236 1183 ιἨν
274 1143 296 1184 ὁ
335 1142 422 1188 υἱὸς
461 1150 533 1188 τοῦ
573 1148 806 1206 ἀνθρώπου
844 1151 938 1202 ὑμῖν
978 1155 1120 1199 δώσει·
1160 1162 1311 1200 τοῦτον
1352 1161 1429 1218 Γὰρ
1468 1163 1490 1205 ὁ
1528 1163 1677 1221 Πατήρ

675 1235 934 1292 ἐσφράΓισεν
972 1240 988 1281 s‘
1033 1239 1157 1283 Θεὸς.

196 1367 340 1416 ΟΥΚ
386 1367 592 1434 ἠγνόησε
636 1369 804 1435 πάλιν,
849 1376 910 1428 ὡς
957 1374 1093 1439 Θεὸς,
1135 1377 1194 1428 τὰ
1236 1380 1286 1430 ἐκ
1331 1383 1414 1444 τῆς
1458 1381 1713 1448 Ιουδαϊκης

119 1445 322 1509 ἀμαθίας
357 1450 560 1513 ἐσόμενα
595 1453 739 1521 τυχὸν
777 1455 1068 1521 ἐγκλήματα,
1110 1464 1184 1510 καὶ
1217 1460 1276 1511 τὰ
1310 1464 1382 1531 ἐφ’
1412 1462 1480 1517 οἷς
1514 1464 1704 1533 ἐξαγρι-
1731 1470 1757 1511 b

118 1533 290 1580 οῦσθαι
327 1532 564 1588 πολλακις
607 1535 774 1591 αὐτους
817 1539 1105 1594 ἀπαιδεύτως
1144 1543 1466 1609 συμβέβηκεν.
1521 1545 1619 1614 ᾔδει
1661 1548 1710 1600 δὲ

50 1626 98 1651 10
117 1633 188 1661 οτι
227 1619 498 1678 λογιοῦνται
537 1618 644 1668 καθ’
673 1618 875 1684 ἑαυτους,
904 1626 966 1675 εἷς
1003 1622 1152 1688 μόνην
1185 1626 1383 1691 ὁρῶντες
1420 1627 1505 1692 τὴν
1535 1651 1707 1696 σαρκα,

114 1694 190 1744 καὶ
218 1692 301 1745 τὸν
323 1696 372 1746 ἐν
398 1698 515 1766 αὐτῇ
543 1699 666 1751 Θεὸν
694 1701 855 1768 Λόγον
880 1705 961 1755 οὐκ
994 1705 1301 1771 ἐννοήσαντες
1327 1709 1413 1763 Τίς
1447 1710 1583 1766 οὗτος
1617 1712 1708 1778 ἄρα

113 1776 245 1825 ἐστὶν
289 1777 315 1827 6
361 1783 458 1833 τοῖς
508 1783 788 1847 θεοπρεπέσι
840 1784 1004 1851 λόγοις
1054 1789 1327 1852 ἐπιπηδῶν·
1316 1831 1328 1852 ,
1391 1814 1461 1846 τις
1511 1792 1606 1858 γὰρ
1649 1794 1707 1844 ἂν

112 1858 376 1924 ἀνθρώποις
407 1863 675 1929 χορηγῆσαι
707 1866 906 1936 τροφὴν,
933 1868 1018 1933 τὴν
1049 1874 1110 1923 εἰς
1148 1870 1266 1936 ζωὴν
1293 1873 1595 1941 συνέχουσαν
1621 1898 1706 1940 την

111 1941 327 2005 αἱώνιονς
371 1943 561 2043 φύσεως
596 1946 682 2009 μὲν
708 1947 802 2014 γὰρ
828 1950 1127 2016 ἀνθρωπινης
1164 1959 1410 2009 παντελῶς
1446 1956 1705 2023 ἀλλότριον

68 2022 163 2074 5τὸ
203 2026 415 2077 τοιοῦτόν
452 2028 568 2091 ἐστι,
603 2030 733 2099 μόνω
776 2032 815 2082 δ
851 2030 909 2083 ἂν
947 2034 1116 2100 πρέποι
1159 2039 1225 2105 τῷ
1266 2038 1340 2088 ε’πι
1380 2037 1563 2093 πάντας
1604 2039 1703 2091 ὅντι

108 2108 230 2176 Θεῷ.
278 2117 680 2177 προαπολογεῖται
707 2121 958 2181 τοιγαροῦν
983 2117 1008 2166 6
1036 2088 1219 2184 Σωτὴρι,
1246 2121 1320 2170 καὶ
1356 2122 1571 2173 δυσωπεῖ
1601 2127 1700 2177 ταῖς
1718 2147 1739 2172 o

105 2189 332 2256 εὐκαίροις
365 2197 460 2243 τῶν
486 2193 646 2260 λόγων
670 2197 954 2263 ἐπαγωγαῖς,
983 2198 1067 2263 τὴν
1099 2203 1516 2269 προσδοκουμένην
1547 2206 1701 2256 αὐτῶν

105 2272 506 2339 ἀθυρογλωττιάν.
549 2274 772 2330 ἐπιδώσειν
794 2279 878 2343 μὲν
904 2280 997 2347 γὰρ
1025 2281 1110 2346 τὴν
1135 2288 1323 2349 βρῶσιν
1350 2286 1505 2340 αὐτοῖς
1532 2286 1617 2351 τὴν
1638 2291 1700 2341 εἱς

104 2351 224 2419 ζωὴν
250 2356 618 2426 ἀποτρέφουσαν
643 2359 729 2425 τὴν
755 2361 940 2413 αἰώνιον
966 2363 1049 2415 τὸν
1076 2367 1164 2416 υἱέν
1191 2368 1262 2417 τοῦ
1288 2366 1507 2436 ἀνθρώπου
1532 2371 1697 2437 φησὶν,

35 2460 84 2484 20
101 2437 415 2506 ἐσφραγίσθαι
464 2440 613 2505 γεμὴν
664 2442 758 2494 ἀπὸ
814 2450 897 2495 τοῦ
948 2446 1140 2512 Πατρὸς
1190 2448 1355 2499 ἑαυτὸν
1405 2454 1696 2518 παραχρῆμα

101 2519 450 2586 διισχυρῖσατο·
494 2520 523 2586 ἢ
559 2523 614 2574 τὸ
649 2525 978 2594 ἐσφραγίσθαι
1012 2529 1175 2593 πάλιν,
1202 2532 1305 2581 ἀντὶ
1337 2537 1419 2582 τοῦ
1448 2534 1694 2600 κεχρίσθαι

99 2602 326 2656 τεθεικώς·
392 2608 826 2674 κατασφραγίζεται
875 2608 970 2675 γὰρ
1021 2612 1046 2661 ὁ
1097 2612 1358 2679 χριόμενος·
1426 2614 1571 2679 ἤγουν
1622 2615 1693 2666 ὅτι

96 2682 406 2752 μεμόρφωται
438 2691 654 2755 φυσικῶς
685 2689 805 2755 πρὸς
830 2690 913 2742 τὸν
942 2692 1134 2758 Πατέρα
1166 2694 1355 2749 δεικνύς.
1410 2696 1572 2759 ὅμοιον
1597 2696 1691 2763 γὰρ

98 2766 160 2818 ὡς
200 2768 237 2816 εἱ
278 2763 440 2832 ἐ’λεγεν
479 2770 585 2821 Οὐκ
628 2772 912 2838 ἀδυνατήσω
956 2779 1144 2841 βρῶσιν
1179 2777 1285 2840 ὑμῖν
1328 2779 1564 2829 ἐπιδοῦναι
1605 2777 1735 2842 τὴνᾶ

147 2911 201 2935 12.
228 2900 268 2935 ἂν
285 2913 355 2936 orn.
376 2902 419 2937 B.
541 2915 594 2950 13.
621 2907 815 2953 χορηγῆσαι
837 2908 877 2944 Β.
883 2909 929 2943 D.
948 2909 1183 2954 χορηγήσοιτο
1205 2910 1270 2945 Ed.
1399 2923 1451 2955 14.
1477 2913 1539 2956 μέν
1556 2925 1625 2948 om.
1648 2914 1688 2947 Β.

94 2957 154 3028 ἒὲν.
172 2949 377 3029 ΙἙΞΧρίσθαι]
402 2954 437 2990 -l-
461 2949 577 2986 θεῖκῶς
596 2952 689 2989 Catt.
840 2967 897 2990 22.
922 2971 988 3002 γαρ
1007 2955 1042 3002 ὁ]
1065 2957 1100 2990 δὲ
1119 2958 1157 2991 οὐ
1178 2957 1219 2992 Β.
1365 2970 1419 3003 23.
1448 2960 1514 3004 γὰρ
1535 2960 1575 2994 Β.
1597 2960 1689 2996 Catt.

153 3065 244 3093 vm.
270 3067 298 3094 1.
848 3073 918 3114 3L
