2084 3317
322 160 404 199 146
722 161 771 201 B.
805 161 1079 202 CYRILLI
1120 161 1498 203 ALEXANDR.
1793 162 1818 202 i.
1844 171 1906 214 15.

100 272 235 355 {32³4
322 267 452 335 δείξῃ
487 268 717 334 Χριστὸν,
749 271 859 319 ἀλλ’
895 272 955 324 ὡς
994 270 1362 334 συντεθεαμένος
1397 279 1424 301 “
1444 270 1529 335 τὴν
1565 271 1710 339 δόξαν
1746 270 1905 331 αὐτοῦ,

323 356 350 378 “
377 348 522 417 δόξαν
557 351 618 403 ὡς
655 354 955 417 Μονογενοῦς
991 351 1121 417 παρὰ
1160 352 1350 419 Πατρὸς
1385 353 1571 418 πλήρης
1608 351 1798 420 χάριτος
1834 352 1909 401 καὶ

324 437 350 459 “
376 432 645 494 ἁληθείας.”

101 518 158 552 98
177 517 228 552 A·
285 528 307 552 a
400 515 548 562 Ποῖον
582 514 663 563 οὖν
695 513 753 563 ἄν
786 536 855 567 τις
893 512 1163 582 ἐφαρμόσαι
1203 514 1352 580 λόγον
1390 521 1486 569 τοῖς
1524 516 1670 569 οὕτως
1709 514 1909 580 ἀκαίρως

322 592 635 657 εἶσβεβηκόσι
676 594 994 660 διηγήμασιν;
1052 594 1080 660 ἢ
1121 601 1222 650 πῶς
1265 597 1322 647 ἄν
1366 620 1435 650 τις
1479 598 1588 661 ἡμῖν
1632 595 1952 662 ἑρμηνεύσοι5

321 679 507 742 σαφῶς,
544 679 606 729 εἷς
644 677 893 740 ποσότητα
931 675 1104 743 χρόνου
1142 677 1310 738 λαβὼν
1348 678 1400 728 τὸ
1440 678 1732 745 ζητούμενον,
1771 699 1907 727 τουτ-

321 756 451 806 έστιν
476 757 534 808 ‘O
568 761 708 808 ὀπίσω
744 782 829 825 μου
863 759 1089 827 ἐρχέμενσς
1124 760 1357 828 ἕμπρισθέν
1386 786 1472 828 μου
1506 759 1688 826 γίγανες
1737 759 1910 810 κείσθω

321 837 415 904 γὰρ
450 838 506 903 δὴ
542 842 617 890 καὶ
653 841 1046 906 ὁμολογουμένως
1080 839 1135 891 τὸ
1169 841 1366 893 κατόπιν
1400 842 1624 910 ἔρχεσθαι
1663 847 1745 892 τοῦ
1779 846 1907 901 βαπ-

321 925 487 970 τιστοῦ
514 920 595 971 τὸν
626 921 814 988 Κύριον,
843 921 923 972 ἅτε
950 921 1006 986 δὴ
1034 923 1264 988 γεγονότα
1289 927 1356 993 τῷ
1388 923 1544 992 χρόνῳ
1576 927 1642 991 τῷ
1675 921 1795 973 κατὰ
1826 922 1912 985 τὴν

321 1001 481 1067 σάρκα
507 1003 735 1068 δεύτερον·
771 1003 890 1054 κατὰ
916 1006 1019 1054 τίνα
1045 1004 1222 1070 τρόπον
1249 1007 1324 1056 καὶ
1355 1004 1587 1073 ἔμπροσθεν
1608 1006 1748 1055 αὐτοῦ
1777 1004 1910 1069 γενή-
1934 1026 1982 1050 10

323 1105 477 1146 σεται,
510 1083 628 1134 κατὰ
656 1083 827 1152 χρόνον
855 1085 902 1136 δὲ
930 1084 1182 1149 δηλονότι;
1227 1092 1366 1138 καλεῖ
1392 1087 1484 1154 γὰρ
1509 1091 1571 1141 εἷς
1599 1093 1766 1137 τοῦτον
1793 1087 1912 1149 ἡμᾶς

278 1169 306 1211 b
325 1164 405 1216 τὸν
434 1171 542 1217 νοῦν
569 1167 595 1230 ἡ
619 1172 715 1220 τοῖς
740 1173 1074 1233 προλαβοῦσιν
1099 1168 1346 1234 ἀναλόγως
1378 1169 1661 1236 ὀφειλομένη
1697 1168 1829 1237 τάξις
1863 1191 1912 1218 τε

324 1249 398 1297 καὶ
421 1249 693 1299 ἀκολουθία.
749 1250 860 1299 ἀλλ’
892 1247 1018 1313 οἶμαι
1046 1255 1185 1301 τοῦτο
1218 1252 1363 1302 παντί
1385 1274 1451 1319 τῳ
1484 1252 1704 1315 γενέσθαι
1738 1250 1910 1317 σαφὲς,

323 1330 385 1382 ὡς
427 1330 508 1380 οὐκ
549 1328 608 1380 ἂν
648 1330 714 1394 εἴη
753 1335 848 1380 τῶν
887 1333 1217 1398 ἐνδεχομένων.
1283 1331 1337 1383 τὸ
1376 1332 1468 1398 γὰρ
1512 1331 1751 1398 ὑστερίζον
1789 1331 1914 1386 τινος

323 1410 442 1461 κατὰ
487 1411 673 1478 χρόνον,
713 1413 795 1462 οὐκ
835 1412 892 1463 ἄν
930 1436 1043 1463 ποτε
1085 1412 1272 1480 φθάσαι
1309 1413 1363 1465 τὸ
1403 1414 1674 1479 ἡγούμενον.
1748 1414 1914 1464 οὐκοῦν
1937 1431 1983 1468 15

323 1492 498 1554 ἀμαθὲς
541 1497 722 1561 κομιδῇ,
765 1496 841 1545 καὶ
887 1500 1135 1549 παντελῶς
1182 1496 1424 1558 ἀπίθανον,
1467 1498 1571 1561 περὶ
1614 1494 1787 1562 χρόνου
1830 1501 1914 1546 τοῦ

324 1574 444 1626 κατὰ
495 1575 581 1640 τὴν
626 1576 784 1642 σάρκα
836 1576 919 1627 τὸν
963 1577 1099 1643 ἅγιον
1143 1581 1286 1628 εἰπεῖν
1332 1578 1513 1628 οἴεσθαι
1538 1575 1829 1641 βαπτιστήν
1854 1577 1913 1628 ‘O

325 1660 468 1708 ὀπίσω
510 1683 595 1726 μου
641 1660 863 1727 ἐρχόμενος
907 1658 1139 1727 ἔμπροσθέν
1182 1684 1266 1726 μου
1308 1659 1494 1725 ’γέγονεν’
1551 1657 1824 1712 ἀκολούθως
1865 1658 1915 1709 δὲ

325 1743 516 1800 μᾶλλον
552 1744 618 1808 τῷ
653 1741 762 1803 ἡμῖν
794 1743 1068 1805 προτεθέντι
1103 1746 1272 1810 σκοπῷ
1307 1747 1518 1795 νοοῦντες
1555 1740 1682 1804 αὐτὸ,
1716 1740 1922 1791 τοιῶσδέ

287 1841 426 1874 οπως
471 1824 685 1887 εἰρῆσθαι
729 1822 1067 1886 πιστεύσομεν.
1140 1822 1391 1889 χαριέντως
1437 1825 1461 1874 ὁ
1501 1821 1728 1887 μακάριος
1778 1827 1906 1883 βαπ-
1936 1844 1985 1869 20

325 1903 489 1967 τιστὴς
542 1903 635 1954 ἀπὸ
687 1909 769 1954 τοῦ
814 1902 933 1954 κατὰ
978 1904 1230 1968 συνήθειαν
1274 1904 1523 1972 σχήματος
1567 1903 1787 1971 ἀναφέρει
1832 1903 1915 1955 τὸν

325 1983 488 2050 λόγον,
535 1987 607 2036 ἐπὶ
651 1984 879 2050 ποιότητα
923 1986 1218 2052 πραγμάτων
1261 1986 1589 2050 πνευματικὴν,
1632 1988 1708 2036 καὶ
1751 1985 1914 2051 ὥσπερ

325 2065 419 2117 ἀπό
469 2090 592 2121 τινος
642 2066 814 2120 εἰκόνος
866 2072 960 2118 τῶν
1012 2069 1118 2118 καθ’
1168 2069 1287 2132 ἡμᾶς
1341 2073 1403 2122 εἷς
1452 2067 1682 2138 ἐξήγησιν
1731 2067 1914 2135 ἔρχεται

326 2146 573 2212 νοημάτων
607 2149 1064 2215 λεπτομερεστέρων.

402 2234 544 2281 Φιλεῖ
562 2230 647 2294 μὲν
671 2230 764 2296 γάρ
788 2254 888 2284 πως
915 2233 983 2282 ἀεὶ
1015 2231 1068 2282 τὸ
1104 2232 1321 2298 ἡγεῖσθαι
1345 2231 1568 2301 πεφυκὸς,
1595 2235 1689 2282 τῶν
1716 2231 1913 2282 ἕπεσθαι
1936 2254 1985 2291 25

327 2312 597 2376 λεγομένων
629 2310 852 2379 ὑπάρχειν
882 2313 1221 2381 ε’πιδοξότερον,
1248 2318 1525 2380 παραχωρεῖ
1551 2312 1599 2363 δὲ
1633 2318 1729 2366 τοῖς
1765 2313 1909 2378 ἡγου-

327 2395 480 2457 μένοις
517 2393 577 2444 τὰ
612 2393 831 2457 ἑπόμενα·
881 2393 978 2445 οἷον
1011 2396 1035 2445 ὁ
1069 2395 1381 2462 χαλκευτικὴν
1416 2395 1691 2460 ἀκριβώσας
1725 2394 1910 2462 τέχνην,

283 2474 357 2541 di>
384 2475 652 2540 τεκτονικὴν
678 2473 884 2543 τυχὸν,ἣ
913 2476 1186 2544 ὑφαντικὴν,
1207 2477 1390 2542 ἡγεῖταί
1411 2500 1524 2538 πως,
1546 2478 1621 2527 καὶ
1647 2475 1702 2527 τὸ
1729 2476 1915 2540 ἄμεινον

329 2558 421 2625 ε”χει
471 2563 554 2609 τοῦ
605 2557 722 2609 κατὰ
770 2558 1026 2621 μαθητείαν
1073 2558 1270 2609 ἕπεσθαι
1321 2558 1582 2621 νοουμένου,
1630 2560 1705 2608 καὶ
1749 2562 1810 2611 εἰς
1859 2557 1914 2609 τὸ

329 2642 517 2694 τελείως
557 2640 723 2691 εἰδέναι
760 2639 1048 2706 βαδίζοντος·
1105 2641 1214 2690 ἀλλ’
1253 2640 1366 2691 ὅταν
1402 2642 1426 2691 ὁ
1465 2645 1672 2694 τοιοῦτος
1710 2640 1797 2704 τὴν
1831 2645 1914 2691 τοῦ
1937 2659 1986 2694 30

379 2830 409 2853 1.
437 2820 678 2864 συντεθεμένος
697 2820 738 2854 Β.
952 2829 986 2864 5.
1012 2819 1089 2863 ἡμῖν
1106 2831 1176 2854 om.
1198 2819 1239 2854 B.
1445 2820 1477 2854 6.
1505 2821 1628 2866 σαφῶς
1646 2819 1688 2854 Β.
1707 2821 1828 2864 σοφῶς
1847 2820 1914 2855 Ed.

329 2866 361 2899 8.
388 2866 426 2909 δὴ
446 2878 515 2900 om.
537 2867 587 2906 B;
615 2879 659 2901 an
676 2867 732 2901 hic
751 2873 810 2901 aut
827 2867 888 2901 lin.
907 2878 958 2912 sq.
978 2867 1107 2901 nescio.
1353 2878 1476 2901 10-12.
1503 2866 1764 2913 ἔμπροσθεν-ἡ
1782 2879 1852 2901 om.
1873 2867 1914 2901 E.

331 2923 384 2945 10.
410 2912 606 2958 γενήσεται]
625 2914 785 2958 γενέσθαι
805 2913 847 2947 Β.
972 2923 1025 2958 15.
1052 2911 1151 2957 κατὰ]
1175 2917 1212 2954 -†-
1233 2914 1292 2947 τὸν
1310 2914 1377 2948 Ed.
1395 2915 1506 2949 invito
1525 2914 1567 2948 Β.
1693 2924 1747 2948 20.
1774 2912 1914 2948 πιστεύ-

329 2973 409 3002 ομεν
428 2959 468 2992 Β.
615 2961 670 2994 28.
696 2975 766 2996 πως
784 2961 837 2995 καὶ
854 2961 892 2995 τὸ
909 2960 1043 3004 ἄμεινον
1059 2961 1129 3005 ἕχει
1148 2971 1216 2993 om.
1240 2960 1280 2994 B.
