2084 3317
303 165 387 204 238
706 166 756 207 B.
790 165 1063 207 CYRILLI
1105 167 1485 208 ALEXANDR.
1746 164 1803 204 iii.
1823 176 1890 218 30.

304 275 465 336 δαλον,
500 275 629 325 οὕπω
663 273 714 325 δὲ
747 275 924 328 εἰδότας
962 278 1181 341 ἀκριβῶς,
1216 277 1284 329 τίς
1321 298 1370 326 τε
1411 277 1487 326 καὶ
1523 274 1669 326 πόθεν
1701 273 1832 323 ἐστὶν
1867 272 1892 321 ὃ

303 355 630 420 Ἐμμανουήλ.
704 357 758 408 οὐ
809 356 902 422 γὰρ
946 356 1082 423 μέχρι
1132 357 1325 420 τούτων,
1367 359 1504 425 φησί,
1546 355 1605 407 τὰ
1649 354 1718 406 ἐπ’
1765 355 1892 423 αὐτῷ

304 437 712 502 θαυμασθήσεται,
754 438 857 489 οὐδὲ
896 438 968 488 ὅτι
1005 439 1197 492 πλείους
1241 437 1546 504 βαπτίζονται
1589 438 1698 503 παρ’
1743 437 1889 505 αὐτῷ,

304 517 381 569 διὰ
418 524 556 570 τοῦτο
597 521 673 570 καὶ
710 519 855 583 μόνον
890 519 977 583 τὴν
1012 518 1127 583 ἐμὴν
1163 521 1458 586 ὑπεραλεῖται
1495 518 1648 583 τιμὴν,
1684 517 1797 569 ἀλλ’
1830 520 1893 571 εἰς

265 621 287 647 e
304 600 475 666 μέτρον
512 600 802 665 ἀναβήσεται
842 600 984 668 δόξης
1021 607 1267 664 τοσοῦτον,
1302 601 1421 652 ὅσον
1459 600 1517 651 ἂν
1553 601 1723 667 πρέποι
1762 604 1888 668 Θεῷ·
1913 611 1934 649 5

305 679 372 732 θεῖ
402 680 495 747 γὰρ
531 680 672 733 αὑτὸν
696 681 782 745 μὲν
813 686 874 735 εἰς
910 682 1109 752 αὔξησιν
1140 682 1350 736 εὐκλείας
1384 683 1509 745 ἰέναι,
1537 684 1612 733 καὶ
1646 686 1747 734 ταῖς
1782 685 1889 732 καθ’

303 763 479 828 ἡμεραν
513 768 609 815 τῶν
646 765 857 828 σημείων
893 764 1191 830 προσθήκαις·
1228 766 1295 815 ἀεὶ
1332 788 1452 831 προς
1489 763 1543 815 τὸ
1581 763 1736 830 μεῖζον
1773 765 1888 813 ἀνα-

303 847 472 909 πηδᾶν,
513 869 588 896 και
635 844 967 912 λαμπρότερον
1006 846 1352 914 ἀναφαίνεσθαι
1389 851 1456 916 τῷ
1494 845 1679 915 κόσμω·
1732 844 1810 913 ἐμὲ
1847 841 1894 895 δὲ

303 927 607 991 {Ammona-0001,
633 951 834 992 μενοντα
859 926 941 991 μὲν
968 930 1016 979 ἐν
1039 927 1207 995 οἷσπερ
1234 929 1458 996 ὑπάρχων
1484 930 1677 994 ὁρῶμαι,
1699 929 1773 978 καὶ
1799 931 1894 977 τῶν

305 1007 440 1078 απαξ
471 1009 702 1061 δοθεντων
736 1011 824 1078 οὐχ
858 1008 1142 1078 ὑφιζάνοντα
1173 1011 1367 1077 μέτρων,
1393 1016 1476 1061 τοῦ
1509 1009 1557 1061 δὲ
1590 1032 1708 1076 προς
1743 1008 1893 1077 αὔξην
1916 1030 1963 1055 10

304 1093 642 1153 ἀναβαίνοντος
676 1091 818 1161 δόξης
850 1094 930 1155 ἀεὶ,
957 1098 1188 1143 τοσοῦτον
1214 1093 1493 1157 ἡττώμενον,
1522 1093 1640 1143 ὅσον
1666 1090 1725 1142 ἂν
1751 1090 1894 1159 τρέχῃ

304 1175 379 1223 καί
407 1174 620 1241 φέρηται.

381 1257 474 1305 Καὶ
512 1261 659 1307 ταῦτα
697 1255 782 1320 μὲν
816 1257 926 1320 ἡμῖν
961 1257 985 1306 ὁ
1024 1255 1250 1324 μακάριος
1290 1257 1568 1323 διερμηνεύει
1605 1255 1891 1320 βαπτιστής·

260 1342 287 1382 d
306 1337 405 1405 ἥξει
450 1336 497 1388 δὲ
540 1339 787 1405 χρησίμως
834 1338 908 1389 διὰ
953 1338 1349 1405 παραδειγμάτων
1389 1340 1413 1389 ὁ
1453 1338 1614 1404 λόγος,
1658 1339 1888 1403 ἐναργεσ-

304 1418 442 1485 τέραν
471 1419 709 1486 παριστὰς
745 1424 838 1471 τῶν
873 1420 1124 1487 εἰρημένων
1157 1420 1242 1486 τὴν
1282 1422 1493 1484 δύναμιν.
1547 1420 1719 1486 δίπηχυ
1749 1418 1893 1486 τυχὸν
1917 1438 1962 1476 15

304 1501 377 1551 ἐπὶ
421 1504 509 1567 γῆς
553 1501 738 1553 ἑστάτω
784 1502 948 1571 ξύλον·
1011 1505 1316 1570 παρακείσθω
1361 1502 1409 1554 δὲ
1454 1505 1529 1554 καὶ
1580 1501 1746 1571 φυτὸν,
1789 1501 1894 1566 ἄρτι

303 1582 388 1645 μὲν
429 1586 516 1648 γῆς
560 1584 843 1648 ὑποκύπτον,
890 1585 1107 1653 χλωροὺς
1152 1585 1207 1637 δὲ
1245 1588 1485 1637 ἀνατεῖνον
1526 1588 1588 1638 εἰς
1633 1585 1744 1649 ἀέρα
1786 1581 1894 1648 τοὺς

304 1665 528 1730 ὄρπηκας,
554 1669 629 1718 καὶ
664 1672 766 1720 ταῖς
803 1667 897 1719 ἀπὸ
931 1668 1056 1735 ῥίζης
1092 1668 1311 1736 ἀσχέτοις
1344 1669 1508 1734 ὁρμαῖς
1533 1669 1601 1717 ἀεὶ
1626 1665 1745 1733 πρὸς
1771 1666 1894 1733 ὕψος

304 1745 358 1797 τὸ
399 1748 552 1815 μεῖζον
590 1749 932 1813 ἀνωθούμενον·
984 1747 1056 1818 ἆρ’
1098 1752 1180 1801 οὖν
1219 1751 1262 1801 ε’ί
1300 1773 1369 1805 τις
1408 1750 1616 1816 περιθείη
1656 1751 1722 1818 τῷ
1761 1748 1895 1817 ξύλῳ

306 1829 483 1897 φωνὴν,
528 1829 626 1882 εἶτα
671 1838 810 1882 τοῦτο
855 1832 989 1897 λέγοι
1032 1834 1143 1899 περί
1182 1856 1231 1884 τε
1277 1835 1441 1884 ἑαυτοῦ
1486 1834 1561 1882 καὶ
1610 1837 1762 1899 φυτοῦ
1811 1836 1895 1881 τοῦ
1917 1854 1968 1878 20

305 1913 513 1977 γείτονος
550 1918 706 1965 Τοῦτο
746 1916 818 1964 δεῖ
853 1913 1083 1982 αὐξάνειν,
1123 1913 1202 1978 ἐμὲ
1243 1914 1290 1966 δὲ
1332 1917 1662 1975 ἐλαττοῦσθαι,
1706 1914 1790 1964 οὐκ
1837 1911 1895 1964 ἂν

307 1995 493 2050 εἰκότως
529 2000 681 2047 νοοῖτο
715 1996 904 2058 βλάβος
935 1998 1020 2060 μέν
1053 2020 1097 2048 τι
1131 1999 1178 2048 ἐν
1209 2002 1305 2051 τοῖς
1342 1999 1448 2048 καθ’
1477 1995 1613 2047 ἑαυτὸ
1648 1996 1896 2060 σημαίνειν

270 2096 291 2122 e
309 2077 453 2141 οὐδὲν,
479 2080 589 2129 ἀλλ’
619 2078 723 2130 οὐδὲ
757 2082 818 2133 εἰς
853 2078 1128 2140 κολόβωσιν
1154 2078 1208 2130 τὸ
1244 2081 1369 2149 αὐτῷ
1400 2078 1586 2146 προσὸν
1612 2078 1896 2145 οἰχήσεσθαι

307 2160 491 2227 μέτρον,
522 2163 842 2212 ἐλαττοῦσθαι
880 2161 930 2212 δὲ
968 2161 1087 2212 κατὰ
1121 2167 1259 2213 τοῦτο
1297 2162 1442 2225 μόνον
1477 2159 1806 2228 διισχυρίζεται
1840 2159 1896 2211 τὸ

308 2239 439 2306 εἶδος,
479 2244 587 2294 καθ’
629 2242 654 2294 ὃ
695 2249 777 2294 τοῦ
817 2243 936 2310 πρὸς
977 2243 1179 2312 αὔξησιν
1221 2244 1370 2298 ἰόντος
1412 2245 1481 2295 ἀεὶ
1524 2243 1578 2295 τὸ
1619 2247 1749 2307 μεῖον
1788 2241 1896 2310 ε”χον
1918 2263 1966 2302 25

309 2326 587 2390 εὑρίσκεται.
645 2324 873 2390 συγγενὲς
910 2324 958 2375 δὲ
997 2325 1147 2395 τούτῳ
1179 2324 1328 2376 πάλιν
1357 2325 1543 2393 λήμψει
1581 2322 1895 2390 παράδειγμα,

310 2409 386 2458 καὶ
418 2406 472 2458 τὸ
507 2411 602 2458 τῶν
632 2407 847 2473 ἀστέρων
878 2407 1226 2471 ἐπισημότατον
1257 2411 1361 2472 περὶ
1401 2413 1485 2458 τοῦ
1523 2407 1659 2471 ἡλίου
1694 2405 1896 2471 λέγοντα

308 2494 430 2550 βοᾶν
467 2490 678 2540 Ἐκεῖνον
718 2491 788 2540 δεῖ
822 2487 1053 2558 αὐξάνειν,
1092 2489 1168 2553 ἐμὲ
1208 2489 1256 2540 δὲ
1295 2491 1629 2541 ἐλαττοῦσθαι.
1690 2488 1773 2542 ἕως
1811 2487 1897 2552 μὲν

356 2685 407 2724 3.
415 2672 493 2717 παρ’
511 2673 600 2720 αὐτῷ
620 2673 662 2708 Β.
680 2673 758 2719 παρ’
777 2673 886 2708 αὐτῶν
904 2673 950 2708 D.
970 2673 1036 2707 Ed.
1054 2673 1158 2708 αυτοῦ
1175 2674 1313 2719 conjicit
1333 2673 1398 2708 Ed.
1418 2685 1490 2719 mg.
1713 2683 1745 2716 9.
1773 2669 1896 2714 οἷσπερ

311 2720 353 2754 Β.
371 2723 421 2755 οἷς
440 2719 506 2755 Ed.
690 2731 741 2755 12.
768 2721 931 2765 φαίρηται
950 2720 996 2754 D.
1180 2720 1234 2755 16.
1258 2721 1475 2765 παρακείσθω
1497 2720 1537 2755 Β.
1543 2720 1589 2754 D.
1606 2718 1810 2764 περικείσθω
1830 2716 1896 2751 Ed.

314 2777 367 2811 17.
393 2766 585 2801 ὑποκύπτον
604 2767 678 2801 B.‘
663 2782 876 2812 υπερκυπτον
894 2767 960 2802 Ed.
1025 2767 1071 2802 εἷς
1087 2766 1170 2811 ἀέρα
1187 2774 1408 2812 assumptum
1427 2781 1468 2803 ex
1489 2767 1531 2803 B.
1742 2766 1795 2799 18.
1825 2765 1898 2799 ταῖς

311 2814 377 2848 ἀπὸ
394 2813 488 2858 ῥίζης
504 2814 665 2858 (ἰσχέτοις
682 2816 801 2859 ὁρμαῖς
820 2814 862 2848 Β.
879 2815 938 2858 τῆς
955 2813 1021 2848 ἀπὸ
1037 2812 1165 2858 ῥίζης”
1146 2829 1195 2848 ετι
1213 2815 1300 2858 ὥρας
1320 2814 1386 2849 Ed.
1629 2823 1686 2848 22.
1713 2826 1746 2846 τι
1763 2823 1834 2846 om.
1853 2810 1896 2848 Β.

313 2887 368 2921 23.
394 2876 551 2921 οἴχεσθαι
571 2877 611 2911 Β.
827 2888 882 2920 24.
910 2877 1152 2922 διισχυρίζεται
1172 2876 1213 2911 Β.
1234 2877 1507 2923 διισχυρίζεσθαι
1527 2877 1592 2911 Ed.
1644 2876 1769 2910 Statim
1787 2866 1897 2910 δόσιν

313 2922 384 2956 καθ
404 2925 421 2955 ὁ
439 2925 498 2957 τοῦ
515 2923 703 2967 προσαύξει
722 2924 873 2959 δόντος’
855 2939 906 2958 αει
926 2923 968 2958 Β.
1177 2924 1231 2958 26.
1258 2925 1362 2959 πάλιν
1379 2924 1512 2970 λήμψει
1532 2924 1574 2959 Β.
1593 2923 1691 2969 λήψῃ
1708 2923 1812 2957 πάλιν
1830 2922 1896 2957 Ed.

313 2970 368 3003 28.
395 2973 478 3004 νοῶν
496 2982 558 3015 pro
575 2972 661 3011 βοᾶν
680 2970 822 3005 Β.δὲ
841 2983 904 3016 pro
923 2971 972 3005 δεῖ
993 2970 1033 3005 Β.
