2084 3317
107 1614 213 1652 Supra

107 1666 173 1686 ver.
191 1664 243 1696 34.

261 1213 311 1253 35

908 764 1226 813 ΚΕΦΑΛΗ
1283 767 1346 812 Δ.

381 940 474 981 ’Ότι
505 941 550 982 οὐ
579 944 834 992 μεταληπτῶς
866 942 910 982 ἐν
939 942 1021 996 Ύῑῷ
1054 944 1099 982 τὰ
1130 945 1198 982 τοῦ
1230 944 1338 983 Θεοῦ
1369 942 1431 982 καὶ
1464 942 1619 995 Πατρὸς
1650 944 1738 992 ἴδια,
1771 943 1859 984 ἀλλ’

837 1027 1033 1070 οὐσιωδῶς
1064 1027 1125 1068 καὶ
1158 1029 1253 1068 κατὰ
1284 1028 1417 1081 φύσιν.

447 1207 501 1249 ‘O
539 1207 688 1266 Πατὴρ
725 1208 868 1268 ‹is-um}
907 1208 980 1250 τὸν
1017 1205 1118 1250 Υἷὸν
1158 1207 1225 1249 καὶ
1264 1208 1403 1249 Πάντα
1441 1206 1630 1249 δέδωκεν
1667 1208 1711 1249 ὲν
1754 1212 1801 1266 τῷ

981 1302 1088 1360 χειρὶ
1126 1301 1273 1344 αὐτοῦ.
1940 1312 1962 1350 5

405 1453 670 1500 ΕΠΕΙΔΗ
708 1449 802 1516 γὰρ
838 1450 1027 1517 εἴρηκεν,
1062 1452 1125 1504 ὡς
1159 1451 1208 1500 ἐκ
1245 1453 1369 1500 Θεοῦ
1404 1450 1652 1519 πεφηνότα
1683 1449 1807 1501 Θεὸν
1838 1449 1922 1502 τὸν

329 1530 446 1582 Υὶὸν
468 1531 533 1596 μὴ
560 1532 730 1598 ἑτέροις
756 1531 989 1583 δύνασθαι
1016 1534 1226 1599 χρῆσθαι
1261 1531 1424 1597 λόγοις
1459 1530 1487 1596 ἢ
1524 1530 1692 1598 οἷσπερ
1723 1531 1781 1582 ἂν
1805 1531 1922 1600 χρή-

329 1636 470 1664 σαιτο
508 1616 583 1665 καὶ
623 1616 648 1666 ὁ
687 1613 923 1681 γεννήσας
962 1613 1119 1677 αὐτὸν,
1156 1613 1358 1679 ἀληθέσι
1398 1613 1599 1679 δηλαδή·
1643 1611 1789 1666 “⁶012
1826 1614 1921 1683 γὰρ

290 1702 358 1740 0“
383 1695 663 1747 ἀπέστειλεν
702 1697 727 1747 ὁ
767 1696 888 1750 Θεὸς
925 1695 985 1748 τὰ
1023 1694 1212 1764 ῥήματα
1250 1701 1333 1747 τοῦ
1372 1700 1498 1747 Θεοῦ
1536 1697 1713 1759 λαλεῖ,”
1749 1699 1918 1766 φησίν·

329 1779 595 1843 ἀναγκαίως
641 1777 717 1830 διὰ
762 1783 856 1829 τῶν
896 1778 1214 1845 προκειμένων
1253 1777 1608 1847 ἐπεξεργάζεται
1650 1779 1731 1830 καί
1769 1783 1921 1849 φησιν
1946 1806 1993 1830 10

328 1860 386 1911 ‘O
419 1858 570 1929 Πατῆρ
608 1863 788 1932 ἀγαπᾷ
827 1861 893 1912 τὶν
925 1861 1033 1912 Ύὶἇν·
1087 1861 1170 1911 οὐκ
1209 1859 1480 1923 ἁνιάσομεν,
1515 1862 1652 1926 φησὶ,
1686 1860 1769 1911 τὸν
1797 1860 1922 1912 Θεὸν

330 1943 406 1992 καὶ
440 1941 647 2008 Πατέρα,
673 1940 759 2006 τὴν
788 1941 899 2007 ἴσην
930 1946 997 2011 τῷ
1036 1942 1092 2011 ἐξ
1127 1942 1269 1993 αὐτοῦ
1308 1941 1577 2007 γεννηθέντι
1614 1942 1923 2008 περιτιθέντες

329 2021 482 2087 τιμὴν,
514 2024 569 2074 οὐ
605 2023 1006 2091 προσκρούσομεν
1036 2027 1095 2092 τῇ
1135 2027 1385 2091 θεοπρεπεῖ
1418 2029 1765 2092 στεφανοῦντες
1803 2023 1922 2094 δόξῃ

328 2104 412 2157 τὸν
436 2110 532 2157 τῶν
557 2111 641 2157 τοῦ
669 2105 860 2173 Πατρὸς
887 2107 1081 2173 ἀγαθῶν
1107 2107 1347 2159 οὐσιωδῶς
1375 2105 1689 2171 κληρονόμον.
1745 2110 1924 2179 ἀγαπᾷ

327 2187 420 2254 γάρ
467 2196 590 2257 φησι
633 2187 702 2240 τὶν
741 2190 848 2241 Ὑὶόν.
915 2188 1082 2238 οὐκοῦν
1126 2187 1455 2257 ἐφησθήσεται
1499 2187 1585 2250 μὲν
1627 2188 1921 2258 δοξαζομένῳ
1947 2211 1992 2249 15

327 2269 447 2337 πρὸς
481 2270 629 2334 ἡμῶν,
657 2269 1009 2337 βαρυνθήσεται
1044 2269 1093 2321 δὲ
1126 2268 1244 2337 πρὸς
1280 2269 1334 2320 τὸ
1369 2269 1589 2322 ἐναντίον.
1641 2271 1717 2320 καὶ
1752 2269 1816 2334 μή
1851 2293 1921 2324 τις

329 2351 515 2416 οἰέσθω,
556 2354 720 2419 φησὶν,
762 2354 825 2406 ὡς
864 2350 964 2406 ἑνὸς
1009 2351 1065 2416 δὴ
1110 2351 1278 2402 τούτου
1321 2353 1397 2402 καὶ
1441 2350 1589 2414 μόνου
1633 2356 1922 2418 θεοπρεποῦς

283 2439 309 2481 d
329 2433 597 2503 ἀξιώματος
647 2432 945 2501 κληρονόμον
994 2433 1086 2502 ἔχει
1136 2432 1219 2485 τὸν
1265 2433 1381 2484 ἴδιον
1423 2433 1554 2484 Υἱόν·
1625 2433 1778 2485 πάντα
1827 2433 1922 2501 γὰρ

328 2514 510 2568 δέδωκεν
544 2517 584 2569 ἐν
616 2517 670 2586 τῇ
704 2521 815 2585 χειρὶ
855 2518 999 2579 αὐτοῦ,
1030 2515 1247 2567 τουτέστι
1286 2516 1484 2579 σύμπαν
1521 2514 1639 2567 ὅσον
1675 2517 1806 2567 ἐστὶν
1840 2517 1919 2567 οὐ·

325 2602 511 2654 σιωδῶς
549 2597 730 2666 ἀγαθὸν
767 2599 816 2649 ἐν
852 2599 1021 2665 Πατρῖ,
1059 2603 1199 2649 τοῦτο
1236 2596 1426 2652 πάντως
1470 2599 1601 2649 ἐστὶν
1641 2599 1690 2649 ἐν
1729 2596 1921 2662 δυνάμει
1943 2622 1993 2647 20

374 2767 407 2801 3.
435 2756 489 2791 καὶ
506 2762 728 2801 assumptum
748 2768 789 2790 ex
811 2756 852 2790 Β.
1044 2765 1076 2801 7.
1103 2754 1229 2800 ἑτέροις
1247 2755 1291 2799 μὴ
1311 2755 1451 2789 inverso
1469 2754 1592 2789 ordine
1609 2767 1640 2790 a.
1658 2755 1722 2800 οὐχ
1739 2754 1869 2799 ἑτέροις
1887 2755 1922 2791 b.

329 2802 436 2838 Cord.
547 2803 699 2849 χρῆσθαι
719 2803 760 2838 Β.
781 2803 873 2837 Catt.
895 2802 1030 2847 Migne.
1048 2803 1169 2847 χρῆναι
1188 2801 1254 2836 Ed.
1361 2801 1441 2836 ἀλλ’
1463 2814 1526 2847 pro
1544 2801 1562 2846 ἢ
1581 2802 1615 2836 b.
1634 2808 1799 2836 neutrum
1818 2801 1923 2838 habet

328 2849 436 2884 Cord.
619 2862 630 2884 Ι
641 2861 671 2885 1.
695 2848 896 2895 ἀνιάσομεν]
914 2848 1121 2892 ἀδικήσομεν
1137 2848 1301 2883 Catenae.
1381 2849 1511 2892 πατέρα
1529 2849 1581 2883 καὶ
1600 2849 1687 2883 Θεὸν
1704 2849 1844 2883 inverso
1860 2861 1917 2883 or-

328 2895 408 2930 dine
428 2896 470 2930 B.
587 2907 640 2939 14.
665 2899 732 2930 τῶν
749 2908 819 2931 om.
839 2896 882 2930 Β.
991 2905 1044 2941 15.
1070 2897 1161 2940 φησι
1178 2901 1402 2940 assumptum
1420 2908 1462 2930 ex
1485 2895 1523 2930 B.
1638 2895 1690 2930 16.
1716 2896 1802 2939 πρὸς
1818 2895 1917 2940 prius

330 2941 421 2978 B.D.
442 2942 507 2977 Ed.
527 2954 599 2988 mg.
616 2943 683 2988 πρὸ
704 2942 770 2978 Ed.
893 2954 945 2988 19.
972 2941 1302 2988 σύμπαν-ἀγαθὸν]
1322 2942 1497 2979 οὐσιωδῶς
1515 2941 1652 2986 σύμπαν
1669 2942 1764 2977 ἐστιν
1780 2941 1918 2987 ἀγαθῶν

329 2988 371 3024 Β.
453 2991 518 3024 πᾶν
537 2989 699 3026 Catenae.
764 2989 927 3026 οὐσιῶδες
946 2988 1053 3025 Cord.
