<?xml version="1.0" encoding="UTF-8"?>
<!DOCTYPE html PUBLIC "-//W3C//DTD XHTML 1.0 Transitional//EN"
    "http://www.w3.org/TR/xhtml1/DTD/xhtml1-transitional.dtd">
<html xmlns="http://www.w3.org/1999/xhtml" xml:lang="en" lang="en">
 <head>
  <title>
</title>
<meta http-equiv="Content-Type" content="text/html;charset=utf-8" />
  <meta name='ocr-system' content='tesseract 3.04.00' />
  <meta name='ocr-capabilities' content='ocr_page ocr_carea ocr_par ocr_line ocrx_word'/>
</head>
<body>
  <div class='ocr_page' id='page_1' title='image "./operacyrilli03cyriuoft_0677.png"; bbox 0 0 2084 3317; ppageno 0'>
   <div class='ocr_carea' id='block_1_1' title="bbox 131 141 1718 187">
    <p class='ocr_par' dir='ltr' id='par_1_1' title="bbox 131 141 1718 187">
     <span class='ocr_line' id='line_1_1' title="bbox 131 141 1718 187; baseline 0.003 -4"><span class='ocrx_word' id='word_1_1' title='bbox 131 141 200 184; x_wconf 85' lang='lat' dir='ltr'>vii.</span> <span class='ocrx_word' id='word_1_2' title='bbox 220 144 256 185; x_wconf 86' lang='lat'>8.</span> <span class='ocrx_word' id='word_1_3' title='bbox 377 145 452 185; x_wconf 93' lang='lat' dir='ltr'>IN</span> <span class='ocrx_word' id='word_1_4' title='bbox 496 145 537 185; x_wconf 89' lang='lat' dir='ltr'>S.</span> <span class='ocrx_word' id='word_1_5' title='bbox 570 145 904 186; x_wconf 85' lang='lat' dir='ltr'><strong>JOANNEM.</strong></span> <span class='ocrx_word' id='word_1_6' title='bbox 968 145 1092 186; x_wconf 89' lang='lat' dir='ltr'>LIB.</span> <span class='ocrx_word' id='word_1_7' title='bbox 1126 145 1204 185; x_wconf 90' lang='lat' dir='ltr'>IV.</span> <span class='ocrx_word' id='word_1_8' title='bbox 1267 145 1399 186; x_wconf 90' lang='lat' dir='ltr'>CAP.</span> <span class='ocrx_word' id='word_1_9' title='bbox 1423 146 1474 187; x_wconf 81' lang='lat' dir='ltr'>V.</span> <span class='ocrx_word' id='word_1_10' title='bbox 1634 147 1718 187; x_wconf 87' lang='lat'>589</span> 
     </span>
    </p>
   </div>
   <div class='ocr_carea' id='block_1_2' title="bbox 61 251 1945 2616">
    <p class='ocr_par' dir='ltr' id='par_1_2' title="bbox 61 251 1945 2616">
     <span class='ocr_line' id='line_1_2' title="bbox 131 251 1719 319; baseline 0.003 -18"><span class='ocrx_word' id='word_1_11' title='bbox 131 251 303 318; x_wconf 83' lang='grc' dir='ltr'>τε’ρπον</span> <span class='ocrx_word' id='word_1_12' title='bbox 329 252 474 303; x_wconf 79' lang='grc' dir='ltr'>οὐδέν·</span> <span class='ocrx_word' id='word_1_13' title='bbox 516 252 747 319; x_wconf 80' lang='grc' dir='ltr'>περιμένω</span> <span class='ocrx_word' id='word_1_14' title='bbox 775 252 822 304; x_wconf 81' lang='grc' dir='ltr'>δὲ</span> <span class='ocrx_word' id='word_1_15' title='bbox 848 257 1042 316; x_wconf 84' lang='grc' dir='ltr'>μᾶλλον</span> <span class='ocrx_word' id='word_1_16' title='bbox 1068 255 1151 316; x_wconf 80' lang='grc' dir='ltr'>τῆς</span> <span class='ocrx_word' id='word_1_17' title='bbox 1177 254 1385 316; x_wconf 80' lang='grc' dir='ltr'>ἀληθοῦς</span> <span class='ocrx_word' id='word_1_18' title='bbox 1411 251 1719 318; x_wconf 71' lang='grc' dir='ltr'>πανηγύρεως</span> 
     </span>
     <span class='ocr_line' id='line_1_3' title="bbox 131 331 1714 401; baseline -0.001 -16"><span class='ocrx_word' id='word_1_19' title='bbox 131 332 214 385; x_wconf 82' lang='grc' dir='ltr'>τὸν</span> <span class='ocrx_word' id='word_1_20' title='bbox 255 333 430 399; x_wconf 85' lang='grc' dir='ltr'>καιρὸν,</span> <span class='ocrx_word' id='word_1_21' title='bbox 469 333 520 388; x_wconf 73' lang='grc' dir='ltr'>ὃς</span> <span class='ocrx_word' id='word_1_22' title='bbox 566 335 696 386; x_wconf 81' lang='grc' dir='ltr'>οῧπω</span> <span class='ocrx_word' id='word_1_23' title='bbox 738 333 1064 400; x_wconf 87' lang='grc' dir='ltr'>πεπλήρωται.</span> <span class='ocrx_word' id='word_1_24' title='bbox 1126 332 1232 385; x_wconf 89' lang='grc' dir='ltr'>τότε</span> <span class='ocrx_word' id='word_1_25' title='bbox 1274 332 1368 400; x_wconf 83' lang='grc' dir='ltr'>γὰρ</span> <span class='ocrx_word' id='word_1_26' title='bbox 1408 331 1528 396; x_wconf 86' lang='grc' dir='ltr'>τότε,</span> <span class='ocrx_word' id='word_1_27' title='bbox 1568 335 1714 401; x_wconf 81' lang='grc' dir='ltr'>φησὶ,</span> 
     </span>
     <span class='ocr_line' id='line_1_4' title="bbox 129 414 1718 483; baseline 0 -18"><span class='ocrx_word' id='word_1_28' title='bbox 129 419 226 468; x_wconf 85' lang='grc' dir='ltr'>τοῖς</span> <span class='ocrx_word' id='word_1_29' title='bbox 263 415 389 478; x_wconf 84' lang='grc' dir='ltr'>ἐμοῖς</span> <span class='ocrx_word' id='word_1_30' title='bbox 426 415 683 470; x_wconf 83' lang='grc' dir='ltr'>θιασώταις</span> <span class='ocrx_word' id='word_1_31' title='bbox 722 415 984 479; x_wconf 79' lang='grc' dir='ltr'>συνέσομαι</span> <span class='ocrx_word' id='word_1_32' title='bbox 1021 415 1198 483; x_wconf 86' lang='grc' dir='ltr'>χαίρων</span> <span class='ocrx_word' id='word_1_33' title='bbox 1231 416 1280 466; x_wconf 89' lang='grc' dir='ltr'>ἐν</span> <span class='ocrx_word' id='word_1_34' title='bbox 1318 418 1376 483; x_wconf 82' lang='grc' dir='ltr'>τῇ</span> <span class='ocrx_word' id='word_1_35' title='bbox 1415 414 1718 482; x_wconf 82' lang='grc' dir='ltr'>λαμπρότητι</span> 
     </span>
     <span class='ocr_line' id='line_1_5' title="bbox 129 495 1719 566; baseline 0.001 -20"><span class='ocrx_word' id='word_1_36' title='bbox 129 500 224 546; x_wconf 84' lang='grc' dir='ltr'>τῶν</span> <span class='ocrx_word' id='word_1_37' title='bbox 244 496 404 561; x_wconf 84' lang='grc' dir='ltr'>ἁγίων,</span> <span class='ocrx_word' id='word_1_38' title='bbox 425 500 484 565; x_wconf 83' lang='grc' dir='ltr'>τῇ</span> <span class='ocrx_word' id='word_1_39' title='bbox 509 502 593 548; x_wconf 87' lang='grc' dir='ltr'>τοῦ</span> <span class='ocrx_word' id='word_1_40' title='bbox 619 497 812 562; x_wconf 84' lang='grc' dir='ltr'>Πατρὸς</span> <span class='ocrx_word' id='word_1_41' title='bbox 838 496 970 566; x_wconf 75' lang='grc' dir='ltr'>δόξῃ,</span> <span class='ocrx_word' id='word_1_42' title='bbox 989 495 1076 561; x_wconf 85' lang='grc' dir='ltr'>τὴν</span> <span class='ocrx_word' id='word_1_43' title='bbox 1102 500 1164 551; x_wconf 76' lang='grc' dir='ltr'>εἰς</span> <span class='ocrx_word' id='word_1_44' title='bbox 1190 496 1335 563; x_wconf 73' lang='grc' dir='ltr'>ἄκρον</span> <span class='ocrx_word' id='word_1_45' title='bbox 1358 497 1719 564; x_wconf 84' lang='grc' dir='ltr'>ἀπαστράπτων</span> 
     </span>
     <span class='ocr_line' id='line_1_6' title="bbox 87 576 1719 647; baseline 0.001 -20"><span class='ocrx_word' id='word_1_46' title='bbox 87 588 109 628; x_wconf 88' lang='lat'>5</span> <span class='ocrx_word' id='word_1_47' title='bbox 130 576 436 646; x_wconf 87' lang='grc' dir='ltr'>φαιδρότητα.</span> <span class='ocrx_word' id='word_1_48' title='bbox 500 579 666 630; x_wconf 86' lang='grc' dir='ltr'>ἑαυτοῦ</span> <span class='ocrx_word' id='word_1_49' title='bbox 712 579 766 630; x_wconf 84' lang='grc' dir='ltr'>δέ</span> <span class='ocrx_word' id='word_1_50' title='bbox 805 583 944 647; x_wconf 92' lang='grc' dir='ltr'>φησι,</span> <span class='ocrx_word' id='word_1_51' title='bbox 985 578 1060 629; x_wconf 81' lang='grc' dir='ltr'>καὶ</span> <span class='ocrx_word' id='word_1_52' title='bbox 1104 581 1166 632; x_wconf 89' lang='grc' dir='ltr'>ὡς</span> <span class='ocrx_word' id='word_1_53' title='bbox 1208 578 1326 630; x_wconf 78' lang='grc' dir='ltr'>ἰ’διον</span> <span class='ocrx_word' id='word_1_54' title='bbox 1367 580 1603 630; x_wconf 81' lang='grc' dir='ltr'>ἀποκαλεῖ</span> <span class='ocrx_word' id='word_1_55' title='bbox 1635 577 1719 629; x_wconf 83' lang='grc' dir='ltr'>τὸν</span> 
     </span>
     <span class='ocr_line' id='line_1_7' title="bbox 131 659 1762 728; baseline 0.002 -18"><span class='ocrx_word' id='word_1_56' title='bbox 131 660 292 727; x_wconf 70' lang='grc' dir='ltr'>καιρόν·</span> <span class='ocrx_word' id='word_1_57' title='bbox 344 661 486 712; x_wconf 82' lang='grc' dir='ltr'>αὐτοῦ</span> <span class='ocrx_word' id='word_1_58' title='bbox 523 659 617 727; x_wconf 81' lang='grc' dir='ltr'>γὰρ</span> <span class='ocrx_word' id='word_1_59' title='bbox 656 661 684 725; x_wconf 86' lang='grc' dir='ltr'><strong><em>ἡ</em></strong></span> <span class='ocrx_word' id='word_1_60' title='bbox 719 660 871 727; x_wconf 84' lang='grc' dir='ltr'>ἑορτὴ,</span> <span class='ocrx_word' id='word_1_61' title='bbox 898 660 1036 714; x_wconf 79' lang='grc' dir='ltr'>αὐτὸς</span> <span class='ocrx_word' id='word_1_62' title='bbox 1077 661 1101 711; x_wconf 84' lang='grc' dir='ltr'>ὁ</span> <span class='ocrx_word' id='word_1_63' title='bbox 1139 659 1526 728; x_wconf 80' lang='grc' dir='ltr'>πανηγυριάρχης</span> <span class='ocrx_word' id='word_1_64' title='bbox 1564 661 1712 711; x_wconf 84' lang='grc' dir='ltr'>ἐστίν.</span> <span class='ocrx_word' id='word_1_65' title='bbox 1735 672 1762 713; x_wconf 94' lang='lat' dir='ltr'><strong>b</strong></span> 
     </span>
     <span class='ocr_line' id='line_1_8' title="bbox 129 740 1719 810; baseline 0.001 -18"><span class='ocrx_word' id='word_1_66' title='bbox 129 742 255 810; x_wconf 75' lang='grc' dir='ltr'>αὐτῷ</span> <span class='ocrx_word' id='word_1_67' title='bbox 294 740 387 808; x_wconf 80' lang='grc' dir='ltr'>γὰρ</span> <span class='ocrx_word' id='word_1_68' title='bbox 426 741 571 806; x_wconf 82' lang='grc' dir='ltr'>αὐτὴν</span> <span class='ocrx_word' id='word_1_69' title='bbox 609 744 686 793; x_wconf 81' lang='grc' dir='ltr'>καὶ</span> <span class='ocrx_word' id='word_1_70' title='bbox 730 744 755 793; x_wconf 85' lang='grc' dir='ltr'>ὁ</span> <span class='ocrx_word' id='word_1_71' title='bbox 793 742 1021 809; x_wconf 78' lang='grc' dir='ltr'>μακάριος</span> <span class='ocrx_word' id='word_1_72' title='bbox 1058 743 1284 808; x_wconf 86' lang='grc' dir='ltr'>Ἱερεμίας</span> <span class='ocrx_word' id='word_1_73' title='bbox 1324 743 1520 794; x_wconf 81' lang='grc' dir='ltr'>ἀνετίθει</span> <span class='ocrx_word' id='word_1_74' title='bbox 1561 743 1719 808; x_wconf 80' lang='grc' dir='ltr'>λέγων</span> 
     </span>
     <span class='ocr_line' id='line_1_9' title="bbox 129 822 1718 894; baseline 0 -20"><span class='ocrx_word' id='word_1_75' title='bbox 129 828 225 877; x_wconf 85' lang='grc' dir='ltr'>τοῖς</span> <span class='ocrx_word' id='word_1_76' title='bbox 253 823 609 888; x_wconf 88' lang='grc' dir='ltr'>κατημεληκόσι</span> <span class='ocrx_word' id='word_1_77' title='bbox 635 826 717 887; x_wconf 83' lang='grc' dir='ltr'>τῆς</span> <span class='ocrx_word' id='word_1_78' title='bbox 744 828 805 878; x_wconf 78' lang='grc' dir='ltr'>εἰς</span> <span class='ocrx_word' id='word_1_79' title='bbox 833 822 958 875; x_wconf 79' lang='grc' dir='ltr'>Θεὸν</span> <span class='ocrx_word' id='word_1_80' title='bbox 983 825 1237 887; x_wconf 78' lang='grc' dir='ltr'>εὐσεβείας,</span> <span class='ocrx_word' id='word_1_81' title='bbox 1266 827 1342 875; x_wconf 77' lang='grc' dir='ltr'>καὶ</span> <span class='ocrx_word' id='word_1_82' title='bbox 1377 826 1425 875; x_wconf 84' lang='grc' dir='ltr'>ἐν</span> <span class='ocrx_word' id='word_1_83' title='bbox 1452 828 1518 894; x_wconf 73' lang='grc' dir='ltr'>τῷ</span> <span class='ocrx_word' id='word_1_84' title='bbox 1556 826 1718 889; x_wconf 83' lang='grc' dir='ltr'>μηδενὶ</span> 
     </span>
     <span class='ocr_line' id='line_1_10' title="bbox 128 903 1929 972; baseline 0.001 -17"><span class='ocrx_word' id='word_1_85' title='bbox 128 905 454 968; x_wconf 78' lang='grc' dir='ltr'>πεποιημένοις</span> <span class='ocrx_word' id='word_1_86' title='bbox 479 903 533 956; x_wconf 79' lang='grc' dir='ltr'>τὸ</span> <span class='ocrx_word' id='word_1_87' title='bbox 560 905 825 965; x_wconf 86' lang='grc' dir='ltr'>βούλεσθαι</span> <span class='ocrx_word' id='word_1_88' title='bbox 857 905 1126 970; x_wconf 80' lang='grc' dir='ltr'>διαπρέπειν</span> <span class='ocrx_word' id='word_1_89' title='bbox 1153 907 1200 956; x_wconf 89' lang='grc' dir='ltr'>ἐν</span> <span class='ocrx_word' id='word_1_90' title='bbox 1226 908 1420 972; x_wconf 84' lang='grc' dir='ltr'>ἀγαθοῖς</span> <span class='ocrx_word' id='word_1_91' title='bbox 1447 913 1474 936; x_wconf 85' lang='grc'><strong>“</strong></span> <span class='ocrx_word' id='word_1_92' title='bbox 1497 907 1564 957; x_wconf 89' lang='grc' dir='ltr'>Τί</span> <span class='ocrx_word' id='word_1_93' title='bbox 1584 905 1718 970; x_wconf 85' lang='grc' dir='ltr'>ποιή-</span> <span class='ocrx_word' id='word_1_94' title='bbox 1782 909 1864 941; x_wconf 84' lang='lat' dir='ltr'>Hos.</span> <span class='ocrx_word' id='word_1_95' title='bbox 1883 911 1929 941; x_wconf 62' lang='lat'>1³·</span> 
     </span>
     <span class='ocr_line' id='line_1_11' title="bbox 61 985 1717 1055; baseline 0.006 -27"><span class='ocrx_word' id='word_1_96' title='bbox 61 1003 109 1028; x_wconf 92' lang='lat'>10</span> <span class='ocrx_word' id='word_1_97' title='bbox 130 994 156 1016; x_wconf 76' lang='lat'>‘⁶</span> <span class='ocrx_word' id='word_1_98' title='bbox 182 1009 290 1037; x_wconf 87' lang='grc' dir='ltr'>σετε</span> <span class='ocrx_word' id='word_1_99' title='bbox 317 989 365 1037; x_wconf 85' lang='grc' dir='ltr'>ἐν</span> <span class='ocrx_word' id='word_1_100' title='bbox 390 986 540 1055; x_wconf 78' lang='grc' dir='ltr'>ἡμέρᾳ</span> <span class='ocrx_word' id='word_1_101' title='bbox 566 985 888 1052; x_wconf 83' lang='grc' dir='ltr'>πανηγύρεως,</span> <span class='ocrx_word' id='word_1_102' title='bbox 906 988 982 1037; x_wconf 78' lang='grc' dir='ltr'>καὶ</span> <span class='ocrx_word' id='word_1_103' title='bbox 1007 989 1054 1038; x_wconf 88' lang='grc' dir='ltr'>ἐν</span> <span class='ocrx_word' id='word_1_104' title='bbox 1075 987 1265 1053; x_wconf 78' lang='grc' dir='ltr'>ἡμέραις</span> <span class='ocrx_word' id='word_1_105' title='bbox 1291 989 1453 1054; x_wconf 81' lang='grc' dir='ltr'>ἑορτῆς</span> <span class='ocrx_word' id='word_1_106' title='bbox 1477 988 1656 1054; x_wconf 84' lang='grc' dir='ltr'>Κυρίου</span> <span class='ocrx_word' id='word_1_107' title='bbox 1674 989 1717 1050; x_wconf 85' lang='lat'>;’&#39;</span> 
     </span>
     <span class='ocr_line' id='line_1_12' title="bbox 128 1066 1718 1137; baseline 0.001 -18"><span class='ocrx_word' id='word_1_108' title='bbox 128 1071 171 1119; x_wconf 81' lang='grc' dir='ltr'>οἱ</span> <span class='ocrx_word' id='word_1_109' title='bbox 207 1066 301 1135; x_wconf 79' lang='grc' dir='ltr'>γὰρ</span> <span class='ocrx_word' id='word_1_110' title='bbox 340 1068 479 1131; x_wconf 81' lang='grc' dir='ltr'>ὅλως,</span> <span class='ocrx_word' id='word_1_111' title='bbox 514 1070 652 1137; x_wconf 77' lang='grc' dir='ltr'>φησὶ,</span> <span class='ocrx_word' id='word_1_112' title='bbox 689 1068 744 1119; x_wconf 85' lang='grc' dir='ltr'>τὸ</span> <span class='ocrx_word' id='word_1_113' title='bbox 785 1067 900 1135; x_wconf 78' lang='grc' dir='ltr'>ὑπὲρ</span> <span class='ocrx_word' id='word_1_114' title='bbox 938 1071 1021 1133; x_wconf 84' lang='grc' dir='ltr'>τῆς</span> <span class='ocrx_word' id='word_1_115' title='bbox 1060 1070 1226 1136; x_wconf 86' lang='grc' dir='ltr'>ἀρετῆς</span> <span class='ocrx_word' id='word_1_116' title='bbox 1267 1073 1422 1137; x_wconf 81' lang='grc' dir='ltr'>ἱδροῦν</span> <span class='ocrx_word' id='word_1_117' title='bbox 1455 1071 1718 1136; x_wconf 91' lang='grc' dir='ltr'>παραιτού-</span> 
     </span>
     <span class='ocr_line' id='line_1_13' title="bbox 127 1148 1721 1221; baseline 0.001 -20"><span class='ocrx_word' id='word_1_118' title='bbox 127 1172 272 1214; x_wconf 87' lang='grc' dir='ltr'>μενοι,</span> <span class='ocrx_word' id='word_1_119' title='bbox 310 1151 386 1201; x_wconf 80' lang='grc' dir='ltr'>καὶ</span> <span class='ocrx_word' id='word_1_120' title='bbox 431 1150 485 1201; x_wconf 84' lang='grc' dir='ltr'>τὸ</span> <span class='ocrx_word' id='word_1_121' title='bbox 527 1148 752 1216; x_wconf 83' lang='grc' dir='ltr'>λαμπρὸν</span> <span class='ocrx_word' id='word_1_122' title='bbox 789 1153 872 1214; x_wconf 84' lang='grc' dir='ltr'>τῆς</span> <span class='ocrx_word' id='word_1_123' title='bbox 917 1154 979 1204; x_wconf 77' lang='grc' dir='ltr'>εἰς</span> <span class='ocrx_word' id='word_1_124' title='bbox 1021 1150 1147 1202; x_wconf 78' lang='grc' dir='ltr'>Θεὸν</span> <span class='ocrx_word' id='word_1_125' title='bbox 1185 1151 1374 1217; x_wconf 82' lang='grc' dir='ltr'>ἀγάπης</span> <span class='ocrx_word' id='word_1_126' title='bbox 1419 1153 1599 1221; x_wconf 78' lang='grc' dir='ltr'>ἄμφιον</span> <span class='ocrx_word' id='word_1_127' title='bbox 1638 1154 1721 1204; x_wconf 82' lang='grc' dir='ltr'>οὐκ</span> 
     </span>
     <span class='ocr_line' id='line_1_14' title="bbox 129 1231 1720 1301; baseline 0.003 -19"><span class='ocrx_word' id='word_1_128' title='bbox 129 1231 326 1299; x_wconf 71' lang='grc' dir='ltr'>ἔχοντες,</span> <span class='ocrx_word' id='word_1_129' title='bbox 366 1234 411 1283; x_wconf 89' lang='grc' dir='ltr'>τί</span> <span class='ocrx_word' id='word_1_130' title='bbox 453 1231 677 1296; x_wconf 85' lang='grc' dir='ltr'>ποιήσετε</span> <span class='ocrx_word' id='word_1_131' title='bbox 720 1233 769 1283; x_wconf 87' lang='grc' dir='ltr'>ἐν</span> <span class='ocrx_word' id='word_1_132' title='bbox 807 1231 957 1301; x_wconf 66' lang='grc' dir='ltr'>ἡμέρᾳ</span> <span class='ocrx_word' id='word_1_133' title='bbox 1000 1232 1320 1300; x_wconf 82' lang='grc' dir='ltr'>πανηγύρεως,</span> <span class='ocrx_word' id='word_1_134' title='bbox 1363 1238 1465 1288; x_wconf 80' lang='grc' dir='ltr'>πῶς</span> <span class='ocrx_word' id='word_1_135' title='bbox 1512 1235 1720 1287; x_wconf 75' lang='grc' dir='ltr'>εἰσελεύ-</span> 
     </span>
     <span class='ocr_line' id='line_1_15' title="bbox 129 1313 1721 1381; baseline 0.003 -18"><span class='ocrx_word' id='word_1_136' title='bbox 129 1318 280 1365; x_wconf 90' lang='grc' dir='ltr'>σεσθε</span> <span class='ocrx_word' id='word_1_137' title='bbox 317 1314 436 1381; x_wconf 83' lang='grc' dir='ltr'>πρὸς</span> <span class='ocrx_word' id='word_1_138' title='bbox 474 1313 560 1378; x_wconf 88' lang='grc' dir='ltr'>τὴν</span> <span class='ocrx_word' id='word_1_139' title='bbox 599 1314 728 1365; x_wconf 80' lang='grc' dir='ltr'>θείαν</span> <span class='ocrx_word' id='word_1_140' title='bbox 765 1336 816 1364; x_wconf 94' lang='grc' dir='ltr'>τε</span> <span class='ocrx_word' id='word_1_141' title='bbox 854 1318 930 1364; x_wconf 85' lang='grc' dir='ltr'>καὶ</span> <span class='ocrx_word' id='word_1_142' title='bbox 972 1315 1187 1381; x_wconf 82' lang='grc' dir='ltr'>οὐράνιον</span> <span class='ocrx_word' id='word_1_143' title='bbox 1225 1315 1402 1381; x_wconf 88' lang='grc' dir='ltr'>ἑορτὴν,</span> <span class='ocrx_word' id='word_1_144' title='bbox 1442 1315 1471 1380; x_wconf 75' lang='grc' dir='ltr'>ἢ</span> <span class='ocrx_word' id='word_1_145' title='bbox 1518 1321 1619 1372; x_wconf 82' lang='grc' dir='ltr'>πῶς</span> <span class='ocrx_word' id='word_1_146' title='bbox 1663 1317 1721 1368; x_wconf 77' lang='grc' dir='ltr'>ἂν</span> 
     </span>
     <span class='ocr_line' id='line_1_16' title="bbox 64 1395 1760 1468; baseline 0.004 -26"><span class='ocrx_word' id='word_1_147' title='bbox 64 1413 110 1452; x_wconf 85' lang='lat'>15</span> <span class='ocrx_word' id='word_1_148' title='bbox 132 1397 249 1459; x_wconf 84' lang='grc' dir='ltr'>ὑμᾶς</span> <span class='ocrx_word' id='word_1_149' title='bbox 285 1397 310 1446; x_wconf 85' lang='grc' dir='ltr'>ὁ</span> <span class='ocrx_word' id='word_1_150' title='bbox 347 1401 430 1447; x_wconf 86' lang='grc' dir='ltr'>τοῦ</span> <span class='ocrx_word' id='word_1_151' title='bbox 465 1397 652 1447; x_wconf 88' lang='grc' dir='ltr'>δείπνου</span> <span class='ocrx_word' id='word_1_152' title='bbox 689 1395 925 1460; x_wconf 85' lang='grc' dir='ltr'>δεσπότης</span> <span class='ocrx_word' id='word_1_153' title='bbox 960 1397 1043 1447; x_wconf 84' lang='grc' dir='ltr'>οὐκ</span> <span class='ocrx_word' id='word_1_154' title='bbox 1079 1395 1137 1448; x_wconf 78' lang='grc' dir='ltr'>ἂν</span> <span class='ocrx_word' id='word_1_155' title='bbox 1166 1396 1373 1464; x_wconf 80' lang='grc' dir='ltr'>εὐλόγως</span> <span class='ocrx_word' id='word_1_156' title='bbox 1407 1399 1600 1468; x_wconf 75' lang='grc' dir='ltr'>ἐξώσειε</span> <span class='ocrx_word' id='word_1_157' title='bbox 1637 1405 1760 1451; x_wconf 83' lang='grc' dir='ltr'>τοῦο</span> 
     </span>
     <span class='ocr_line' id='line_1_17' title="bbox 129 1477 1945 1560; baseline 0.003 -33"><span class='ocrx_word' id='word_1_158' title='bbox 129 1477 448 1545; x_wconf 79' lang='grc' dir='ltr'>φαιδροτάτου</span> <span class='ocrx_word' id='word_1_159' title='bbox 485 1482 581 1528; x_wconf 78' lang='grc' dir='ltr'>τῶν</span> <span class='ocrx_word' id='word_1_160' title='bbox 620 1478 918 1542; x_wconf 79' lang='grc' dir='ltr'>κεκλημένων</span> <span class='ocrx_word' id='word_1_161' title='bbox 955 1484 1101 1546; x_wconf 83' lang='grc' dir='ltr'>χοροῦ</span> <span class='ocrx_word' id='word_1_162' title='bbox 1141 1479 1298 1544; x_wconf 79' lang='grc' dir='ltr'>λέγων</span> <span class='ocrx_word' id='word_1_163' title='bbox 1333 1487 1360 1509; x_wconf 84' lang='grc'><strong>“</strong></span> <span class='ocrx_word' id='word_1_164' title='bbox 1380 1481 1582 1547; x_wconf 82' lang='grc' dir='ltr'>Ἑταῖρε,</span> <span class='ocrx_word' id='word_1_165' title='bbox 1619 1485 1719 1535; x_wconf 79' lang='grc' dir='ltr'>πῶς</span> <span class='ocrx_word' id='word_1_166' title='bbox 1781 1485 1945 1560; x_wconf 39' lang='lat' dir='ltr'>{gaf}-</span> 
     </span>
     <span class='ocr_line' id='line_1_18' title="bbox 131 1553 1933 1631; baseline 0.003 -22"><span class='ocrx_word' id='word_1_167' title='bbox 131 1566 158 1589; x_wconf 78' lang='lat'>‘⁶</span> <span class='ocrx_word' id='word_1_168' title='bbox 184 1561 403 1623; x_wconf 80' lang='grc' dir='ltr'>εἰσῆλθες</span> <span class='ocrx_word' id='word_1_169' title='bbox 441 1558 529 1610; x_wconf 79' lang='grc' dir='ltr'>ὧδε</span> <span class='ocrx_word' id='word_1_170' title='bbox 566 1559 632 1624; x_wconf 86' lang='grc' dir='ltr'>μὴ</span> <span class='ocrx_word' id='word_1_171' title='bbox 671 1560 793 1627; x_wconf 80' lang='grc' dir='ltr'>ἔχων</span> <span class='ocrx_word' id='word_1_172' title='bbox 827 1560 1000 1623; x_wconf 76' lang='grc' dir='ltr'>ε”νδυμα</span> <span class='ocrx_word' id='word_1_173' title='bbox 1035 1560 1190 1626; x_wconf 78' lang='grc' dir='ltr'>γάμου</span> <span class='ocrx_word' id='word_1_174' title='bbox 1213 1562 1255 1623; x_wconf 82' lang='grc'>;”</span> <span class='ocrx_word' id='word_1_175' title='bbox 1297 1561 1447 1631; x_wconf 81' lang='grc' dir='ltr'>τούτῳ</span> <span class='ocrx_word' id='word_1_176' title='bbox 1487 1563 1531 1613; x_wconf 88' lang='grc' dir='ltr'>δ’</span> <span class='ocrx_word' id='word_1_177' title='bbox 1561 1562 1619 1614; x_wconf 81' lang='grc' dir='ltr'>ἂν</span> <span class='ocrx_word' id='word_1_178' title='bbox 1650 1563 1718 1628; x_wconf 74' lang='grc' dir='ltr'>ε’ίη</span> <span class='ocrx_word' id='word_1_179' title='bbox 1855 1554 1861 1561; x_wconf 48' lang='lat'>&#39;</span> <span class='ocrx_word' id='word_1_180' title='bbox 1926 1553 1933 1560; x_wconf 25' lang='grc' dir='ltr'><strong><em>ι</em></strong></span> 
     </span>
     <span class='ocr_line' id='line_1_19' title="bbox 131 1640 1722 1712; baseline 0.003 -20"><span class='ocrx_word' id='word_1_181' title='bbox 131 1640 361 1707; x_wconf 76' lang='grc' dir='ltr'>συγγενὲς</span> <span class='ocrx_word' id='word_1_182' title='bbox 406 1643 482 1692; x_wconf 74' lang='grc' dir='ltr'>καὶ</span> <span class='ocrx_word' id='word_1_183' title='bbox 524 1641 611 1707; x_wconf 89' lang='grc' dir='ltr'>τὴν</span> <span class='ocrx_word' id='word_1_184' title='bbox 648 1642 760 1707; x_wconf 78' lang='grc' dir='ltr'>ἴσην</span> <span class='ocrx_word' id='word_1_185' title='bbox 799 1643 909 1706; x_wconf 83' lang='grc' dir='ltr'>ἡμῖν</span> <span class='ocrx_word' id='word_1_186' title='bbox 948 1643 1214 1709; x_wconf 74' lang='grc' dir='ltr'>εἷσκομίζον</span> <span class='ocrx_word' id='word_1_187' title='bbox 1254 1642 1462 1695; x_wconf 83' lang='grc' dir='ltr'>διάνοιαν</span> <span class='ocrx_word' id='word_1_188' title='bbox 1499 1643 1553 1696; x_wconf 82' lang='grc' dir='ltr'>τὸ</span> <span class='ocrx_word' id='word_1_189' title='bbox 1591 1645 1722 1712; x_wconf 79' lang='grc' dir='ltr'>παρὰ</span> 
     </span>
     <span class='ocr_line' id='line_1_20' title="bbox 130 1723 1906 1810; baseline 0.003 -37"><span class='ocrx_word' id='word_1_190' title='bbox 130 1727 197 1792; x_wconf 79' lang='grc' dir='ltr'>τῷ</span> <span class='ocrx_word' id='word_1_191' title='bbox 222 1723 447 1792; x_wconf 84' lang='grc' dir='ltr'>προφήτῃ</span> <span class='ocrx_word' id='word_1_192' title='bbox 473 1724 683 1786; x_wconf 86' lang='grc' dir='ltr'>κείμενον</span> <span class='ocrx_word' id='word_1_193' title='bbox 712 1724 928 1793; x_wconf 71' lang='grc' dir='ltr'>Ζαχαρία</span> <span class='ocrx_word' id='word_1_194' title='bbox 955 1731 982 1754; x_wconf 85' lang='grc'><strong>“</strong></span> <span class='ocrx_word' id='word_1_195' title='bbox 1005 1726 1099 1776; x_wconf 84' lang='grc' dir='ltr'>Καὶ</span> <span class='ocrx_word' id='word_1_196' title='bbox 1126 1725 1261 1776; x_wconf 71' lang='grc' dir='ltr'>ε”σται</span> <span class='ocrx_word' id='word_1_197' title='bbox 1286 1724 1394 1792; x_wconf 79' lang='grc' dir='ltr'>γὰρ,</span> <span class='ocrx_word' id='word_1_198' title='bbox 1421 1728 1586 1794; x_wconf 76' lang='grc' dir='ltr'>φησὶν,</span> <span class='ocrx_word' id='word_1_199' title='bbox 1615 1726 1722 1777; x_wconf 77' lang='grc' dir='ltr'>ὅσοι</span> <span class='ocrx_word' id='word_1_200' title='bbox 1783 1735 1906 1810; x_wconf 48' lang='grc' dir='ltr'><em>ΧΖῗέῙὲὅ</em></span> 
     </span>
     <span class='ocr_line' id='line_1_21' title="bbox 61 1802 1915 1872; baseline 0.003 -17"><span class='ocrx_word' id='word_1_201' title='bbox 61 1825 111 1850; x_wconf 88' lang='lat'>20</span> <span class='ocrx_word' id='word_1_202' title='bbox 133 1811 160 1834; x_wconf 76' lang='lat'>‘⁶</span> <span class='ocrx_word' id='word_1_203' title='bbox 184 1803 243 1855; x_wconf 76' lang='grc' dir='ltr'>ἂν</span> <span class='ocrx_word' id='word_1_204' title='bbox 281 1808 670 1872; x_wconf 83' lang='grc' dir='ltr'>καταλειφθῶσιν</span> <span class='ocrx_word' id='word_1_205' title='bbox 707 1807 757 1856; x_wconf 83' lang='grc' dir='ltr'>ἐκ</span> <span class='ocrx_word' id='word_1_206' title='bbox 800 1805 993 1857; x_wconf 82' lang='grc' dir='ltr'>πάντων</span> <span class='ocrx_word' id='word_1_207' title='bbox 1031 1810 1126 1856; x_wconf 83' lang='grc' dir='ltr'>τῶν</span> <span class='ocrx_word' id='word_1_208' title='bbox 1165 1808 1312 1858; x_wconf 83' lang='grc' dir='ltr'>ἐθνῶν</span> <span class='ocrx_word' id='word_1_209' title='bbox 1350 1812 1445 1859; x_wconf 85' lang='grc' dir='ltr'>τῶν</span> <span class='ocrx_word' id='word_1_210' title='bbox 1485 1807 1723 1859; x_wconf 84' lang='grc' dir='ltr'>ἐλθόντων</span> <span class='ocrx_word' id='word_1_211' title='bbox 1844 1804 1850 1811; x_wconf 50' lang='grc'><strong>’</strong></span> <span class='ocrx_word' id='word_1_212' title='bbox 1908 1802 1915 1810; x_wconf 52' lang='grc'><strong>’</strong></span> 
     </span>
     <span class='ocr_line' id='line_1_22' title="bbox 131 1885 1722 1954; baseline 0.003 -16"><span class='ocrx_word' id='word_1_213' title='bbox 131 1893 160 1915; x_wconf 81' lang='grc'><strong>“</strong></span> <span class='ocrx_word' id='word_1_214' title='bbox 185 1888 260 1938; x_wconf 72' lang='grc' dir='ltr'>ἐπὶ</span> <span class='ocrx_word' id='word_1_215' title='bbox 314 1885 649 1954; x_wconf 83' lang='grc' dir='ltr'>Ἰερουσαλὴμ,</span> <span class='ocrx_word' id='word_1_216' title='bbox 702 1889 779 1938; x_wconf 77' lang='grc' dir='ltr'>καὶ</span> <span class='ocrx_word' id='word_1_217' title='bbox 837 1886 1164 1952; x_wconf 81' lang='grc' dir='ltr'>ἀναβήσονται</span> <span class='ocrx_word' id='word_1_218' title='bbox 1220 1889 1318 1939; x_wconf 87' lang='grc' dir='ltr'>κατ’</span> <span class='ocrx_word' id='word_1_219' title='bbox 1372 1889 1584 1941; x_wconf 79' lang='grc' dir='ltr'>ἐνιαυτὸν</span> <span class='ocrx_word' id='word_1_220' title='bbox 1639 1896 1722 1941; x_wconf 87' lang='grc' dir='ltr'>τοῦ</span> 
     </span>
     <span class='ocr_line' id='line_1_23' title="bbox 132 1970 1722 2039; baseline 0.003 -20"><span class='ocrx_word' id='word_1_221' title='bbox 132 1976 158 1998; x_wconf 89' lang='grc'><strong>“</strong></span> <span class='ocrx_word' id='word_1_222' title='bbox 183 1972 520 2035; x_wconf 84' lang='grc' dir='ltr'>προσκυνῆσαι</span> <span class='ocrx_word' id='word_1_223' title='bbox 560 1972 628 2038; x_wconf 75' lang='grc' dir='ltr'>τῷ</span> <span class='ocrx_word' id='word_1_224' title='bbox 670 1973 872 2030; x_wconf 84' lang='grc' dir='ltr'>βασιλεῖ</span> <span class='ocrx_word' id='word_1_225' title='bbox 912 1970 1072 2039; x_wconf 76' lang='grc' dir='ltr'>Κυρίῳ</span> <span class='ocrx_word' id='word_1_226' title='bbox 1113 1970 1460 2038; x_wconf 79' lang='grc' dir='ltr'>παντοκράτορι</span> <span class='ocrx_word' id='word_1_227' title='bbox 1510 1974 1586 2023; x_wconf 76' lang='grc' dir='ltr'>καὶ</span> <span class='ocrx_word' id='word_1_228' title='bbox 1638 1978 1722 2024; x_wconf 86' lang='grc' dir='ltr'>τοῦ</span> 
     </span>
     <span class='ocr_line' id='line_1_24' title="bbox 131 2049 1767 2119; baseline 0.001 -19"><span class='ocrx_word' id='word_1_229' title='bbox 131 2057 158 2080; x_wconf 83' lang='grc'><strong>“</strong></span> <span class='ocrx_word' id='word_1_230' title='bbox 182 2049 411 2117; x_wconf 76' lang='grc' dir='ltr'>ἑορτάζειν</span> <span class='ocrx_word' id='word_1_231' title='bbox 443 2049 529 2114; x_wconf 87' lang='grc' dir='ltr'>τὴν</span> <span class='ocrx_word' id='word_1_232' title='bbox 563 2051 729 2117; x_wconf 86' lang='grc' dir='ltr'>ἑορτὴν</span> <span class='ocrx_word' id='word_1_233' title='bbox 763 2054 846 2115; x_wconf 86' lang='grc' dir='ltr'>τῆς</span> <span class='ocrx_word' id='word_1_234' title='bbox 884 2053 1255 2118; x_wconf 86' lang='grc' dir='ltr'>σκηνοπηγιάς.”</span> <span class='ocrx_word' id='word_1_235' title='bbox 1298 2053 1633 2119; x_wconf 82' lang='grc' dir='ltr'>ἀναβήσεσθαι</span> <span class='ocrx_word' id='word_1_236' title='bbox 1672 2054 1720 2106; x_wconf 77' lang='grc' dir='ltr'>δὲ</span> <span class='ocrx_word' id='word_1_237' title='bbox 1740 2061 1767 2102; x_wconf 83' lang='grc'>(1</span> 
     </span>
     <span class='ocr_line' id='line_1_25' title="bbox 129 2131 1722 2202; baseline 0.004 -19"><span class='ocrx_word' id='word_1_238' title='bbox 129 2131 236 2186; x_wconf 76' lang='grc' dir='ltr'>τοὺς</span> <span class='ocrx_word' id='word_1_239' title='bbox 271 2134 672 2200; x_wconf 79' lang='grc' dir='ltr'>καταλειφθέντας</span> <span class='ocrx_word' id='word_1_240' title='bbox 708 2134 861 2202; x_wconf 77' lang='grc' dir='ltr'>φησὶν</span> <span class='ocrx_word' id='word_1_241' title='bbox 894 2135 967 2184; x_wconf 79' lang='grc' dir='ltr'>ἐπὶ</span> <span class='ocrx_word' id='word_1_242' title='bbox 1001 2133 1088 2198; x_wconf 85' lang='grc' dir='ltr'>τὴν</span> <span class='ocrx_word' id='word_1_243' title='bbox 1112 2140 1195 2185; x_wconf 83' lang='grc' dir='ltr'>τοῦ</span> <span class='ocrx_word' id='word_1_244' title='bbox 1229 2135 1445 2201; x_wconf 79' lang='grc' dir='ltr'>μεγάλου</span> <span class='ocrx_word' id='word_1_245' title='bbox 1479 2137 1722 2198; x_wconf 78' lang='grc' dir='ltr'>βασιλέως</span> 
     </span>
     <span class='ocr_line' id='line_1_26' title="bbox 61 2214 1715 2284; baseline 0.001 -17"><span class='ocrx_word' id='word_1_246' title='bbox 61 2229 110 2268; x_wconf 86' lang='lat'>25</span> <span class='ocrx_word' id='word_1_247' title='bbox 130 2214 473 2281; x_wconf 89' lang='grc' dir='ltr'>προσκύνησιν,</span> <span class='ocrx_word' id='word_1_248' title='bbox 501 2217 576 2265; x_wconf 79' lang='grc' dir='ltr'>καὶ</span> <span class='ocrx_word' id='word_1_249' title='bbox 606 2214 726 2280; x_wconf 83' lang='grc' dir='ltr'>πρὸς</span> <span class='ocrx_word' id='word_1_250' title='bbox 757 2215 1107 2282; x_wconf 88' lang='grc' dir='ltr'>ἀποπλήρωσιν</span> <span class='ocrx_word' id='word_1_251' title='bbox 1132 2219 1215 2281; x_wconf 85' lang='grc' dir='ltr'>τῆς</span> <span class='ocrx_word' id='word_1_252' title='bbox 1241 2218 1403 2284; x_wconf 82' lang='grc' dir='ltr'>ἑορτῆς</span> <span class='ocrx_word' id='word_1_253' title='bbox 1428 2221 1511 2282; x_wconf 82' lang='grc' dir='ltr'>τῆς</span> <span class='ocrx_word' id='word_1_254' title='bbox 1537 2241 1715 2283; x_wconf 91' lang='grc' dir='ltr'>σκηνο-</span> 
     </span>
     <span class='ocr_line' id='line_1_27' title="bbox 130 2296 1722 2367; baseline 0.004 -20"><span class='ocrx_word' id='word_1_255' title='bbox 130 2297 318 2361; x_wconf 88' lang='grc' dir='ltr'>πηγίας.</span> <span class='ocrx_word' id='word_1_256' title='bbox 370 2301 571 2348; x_wconf 83' lang='grc' dir='ltr'>πολλῶν</span> <span class='ocrx_word' id='word_1_257' title='bbox 597 2296 690 2363; x_wconf 82' lang='grc' dir='ltr'>γὰρ</span> <span class='ocrx_word' id='word_1_258' title='bbox 725 2296 801 2348; x_wconf 81' lang='grc' dir='ltr'>διὰ</span> <span class='ocrx_word' id='word_1_259' title='bbox 836 2300 920 2362; x_wconf 84' lang='grc' dir='ltr'>τῆς</span> <span class='ocrx_word' id='word_1_260' title='bbox 955 2297 1146 2365; x_wconf 86' lang='grc' dir='ltr'>χάριτος</span> <span class='ocrx_word' id='word_1_261' title='bbox 1182 2300 1495 2363; x_wconf 78' lang='grc' dir='ltr'>κεκλημένων,</span> <span class='ocrx_word' id='word_1_262' title='bbox 1523 2304 1566 2351; x_wconf 79' lang='grc' dir='ltr'>οἱ</span> <span class='ocrx_word' id='word_1_263' title='bbox 1601 2300 1722 2367; x_wconf 81' lang='grc' dir='ltr'>πρὸς</span> 
     </span>
     <span class='ocr_line' id='line_1_28' title="bbox 131 2377 1945 2466; baseline 0.004 -39"><span class='ocrx_word' id='word_1_264' title='bbox 131 2377 218 2442; x_wconf 90' lang='grc' dir='ltr'>τὴν</span> <span class='ocrx_word' id='word_1_265' title='bbox 262 2377 358 2429; x_wconf 77' lang='grc' dir='ltr'>ἄνω</span> <span class='ocrx_word' id='word_1_266' title='bbox 400 2377 545 2430; x_wconf 92' lang='grc' dir='ltr'>πόλιν</span> <span class='ocrx_word' id='word_1_267' title='bbox 590 2378 924 2440; x_wconf 85' lang='grc' dir='ltr'>ἀναβαίνοντες</span> <span class='ocrx_word' id='word_1_268' title='bbox 969 2381 1023 2430; x_wconf 83' lang='grc' dir='ltr'>οὐ</span> <span class='ocrx_word' id='word_1_269' title='bbox 1068 2382 1263 2432; x_wconf 86' lang='grc' dir='ltr'>πολλοί·</span> <span class='ocrx_word' id='word_1_270' title='bbox 1326 2383 1483 2447; x_wconf 86' lang='grc' dir='ltr'>ὀλίγοι</span> <span class='ocrx_word' id='word_1_271' title='bbox 1533 2381 1627 2449; x_wconf 79' lang='grc' dir='ltr'>γὰρ</span> <span class='ocrx_word' id='word_1_272' title='bbox 1678 2386 1721 2434; x_wconf 81' lang='grc' dir='ltr'>οἱ</span> <span class='ocrx_word' id='word_1_273' title='bbox 1781 2391 1945 2466; x_wconf 52' lang='grc' dir='ltr'>ὃΜξὲῐῆ·</span> 
     </span>
     <span class='ocr_line' id='line_1_29' title="bbox 132 2446 1903 2530; baseline 0.005 -20"><span class='ocrx_word' id='word_1_274' title='bbox 132 2461 352 2522; x_wconf 76' lang='grc' dir='ltr'>ἐκλεκτοὶ,</span> <span class='ocrx_word' id='word_1_275' title='bbox 380 2459 501 2511; x_wconf 81' lang='grc' dir='ltr'>κατὰ</span> <span class='ocrx_word' id='word_1_276' title='bbox 525 2460 611 2524; x_wconf 89' lang='grc' dir='ltr'>τὴν</span> <span class='ocrx_word' id='word_1_277' title='bbox 636 2466 720 2511; x_wconf 82' lang='grc' dir='ltr'>τοῦ</span> <span class='ocrx_word' id='word_1_278' title='bbox 747 2464 967 2528; x_wconf 80' lang='grc' dir='ltr'>Σωτῆρος</span> <span class='ocrx_word' id='word_1_279' title='bbox 998 2462 1174 2529; x_wconf 85' lang='grc' dir='ltr'>φωνὴν,</span> <span class='ocrx_word' id='word_1_280' title='bbox 1204 2465 1252 2514; x_wconf 84' lang='grc' dir='ltr'>ἐκ</span> <span class='ocrx_word' id='word_1_281' title='bbox 1286 2463 1462 2518; x_wconf 82' lang='grc' dir='ltr'>παντὸς</span> <span class='ocrx_word' id='word_1_282' title='bbox 1498 2463 1720 2530; x_wconf 88' lang='grc' dir='ltr'>δηλονότι</span> <span class='ocrx_word' id='word_1_283' title='bbox 1781 2446 1837 2467; x_wconf 77' lang='lat' dir='ltr'>xx.</span> <span class='ocrx_word' id='word_1_284' title='bbox 1898 2460 1903 2467; x_wconf 49' lang='lat'>¹</span> 
     </span>
     <span class='ocr_line' id='line_1_30' title="bbox 131 2542 1717 2616; baseline 0.004 -24"><span class='ocrx_word' id='word_1_285' title='bbox 131 2542 392 2610; x_wconf 81' lang='grc' dir='ltr'>ληφθέντες</span> <span class='ocrx_word' id='word_1_286' title='bbox 436 2542 612 2597; x_wconf 76' lang='grc' dir='ltr'>ἔθνους.</span> <span class='ocrx_word' id='word_1_287' title='bbox 681 2542 1006 2607; x_wconf 88' lang='grc' dir='ltr'>ἀναβήσονται</span> <span class='ocrx_word' id='word_1_288' title='bbox 1048 2544 1095 2595; x_wconf 79' lang='grc' dir='ltr'>δὲ</span> <span class='ocrx_word' id='word_1_289' title='bbox 1135 2545 1291 2611; x_wconf 82' lang='grc' dir='ltr'>λέγων</span> <span class='ocrx_word' id='word_1_290' title='bbox 1333 2547 1408 2598; x_wconf 81' lang='grc' dir='ltr'>ἐπὶ</span> <span class='ocrx_word' id='word_1_291' title='bbox 1450 2551 1516 2616; x_wconf 79' lang='grc' dir='ltr'>τῷ</span> <span class='ocrx_word' id='word_1_292' title='bbox 1557 2569 1717 2614; x_wconf 89' lang='grc' dir='ltr'>προσ·</span> 
     </span>
    </p>
   </div>
   <div class='ocr_carea' id='block_1_3' title="bbox 134 2664 1722 2934">
    <p class='ocr_par' dir='ltr' id='par_1_3' title="bbox 134 2664 1722 2934">
     <span class='ocr_line' id='line_1_31' title="bbox 184 2664 1721 2717; baseline 0.005 -19"><span class='ocrx_word' id='word_1_293' title='bbox 184 2675 214 2698; x_wconf 91' lang='lat'>1.</span> <span class='ocrx_word' id='word_1_294' title='bbox 240 2664 406 2709; x_wconf 80' lang='grc' dir='ltr'>περιμένω</span> <span class='ocrx_word' id='word_1_295' title='bbox 425 2665 468 2700; x_wconf 90' lang='grc' dir='ltr'>Β.</span> <span class='ocrx_word' id='word_1_296' title='bbox 486 2665 673 2711; x_wconf 82' lang='grc' dir='ltr'>περιμένων</span> <span class='ocrx_word' id='word_1_297' title='bbox 690 2665 757 2700; x_wconf 87' lang='lat' dir='ltr'>Ed.</span> <span class='ocrx_word' id='word_1_298' title='bbox 949 2667 981 2700; x_wconf 90' lang='lat'>6.</span> <span class='ocrx_word' id='word_1_299' title='bbox 1008 2666 1091 2712; x_wconf 80' lang='grc' dir='ltr'>γὰρ]</span> <span class='ocrx_word' id='word_1_300' title='bbox 1117 2672 1152 2708; x_wconf 66' lang='grc' dir='ltr'>-ί-</span> <span class='ocrx_word' id='word_1_301' title='bbox 1175 2667 1215 2711; x_wconf 81' lang='grc' dir='ltr'>ἧν</span> <span class='ocrx_word' id='word_1_302' title='bbox 1233 2668 1299 2703; x_wconf 83' lang='lat' dir='ltr'>Ed.</span> <span class='ocrx_word' id='word_1_303' title='bbox 1318 2669 1426 2703; x_wconf 77' lang='lat' dir='ltr'>invito</span> <span class='ocrx_word' id='word_1_304' title='bbox 1446 2669 1489 2704; x_wconf 86' lang='lat' dir='ltr'>B.</span> <span class='ocrx_word' id='word_1_305' title='bbox 1569 2685 1721 2717; x_wconf 87' lang='grc' dir='ltr'>πανηγυ-</span> 
     </span>
     <span class='ocr_line' id='line_1_32' title="bbox 134 2720 1720 2793; baseline 0.004 -16"><span class='ocrx_word' id='word_1_306' title='bbox 134 2720 277 2788; x_wconf 53' lang='grc' dir='ltr'>ριάέ-ξήςς</span> <span class='ocrx_word' id='word_1_307' title='bbox 297 2743 338 2777; x_wconf 89' lang='grc' dir='ltr'>Β.</span> <span class='ocrx_word' id='word_1_308' title='bbox 485 2754 515 2790; x_wconf 86' lang='lat'>7.</span> <span class='ocrx_word' id='word_1_309' title='bbox 541 2744 701 2789; x_wconf 82' lang='grc' dir='ltr'>Ἱερεμίας</span> <span class='ocrx_word' id='word_1_310' title='bbox 718 2759 788 2782; x_wconf 90' lang='lat' dir='ltr'>om.</span> <span class='ocrx_word' id='word_1_311' title='bbox 809 2747 851 2782; x_wconf 88' lang='grc' dir='ltr'>Β.</span> <span class='ocrx_word' id='word_1_312' title='bbox 999 2759 1050 2782; x_wconf 87' lang='lat'>10.</span> <span class='ocrx_word' id='word_1_313' title='bbox 1079 2749 1131 2781; x_wconf 77' lang='grc' dir='ltr'>καὶ</span> <span class='ocrx_word' id='word_1_314' title='bbox 1150 2759 1219 2781; x_wconf 88' lang='lat' dir='ltr'>om.</span> <span class='ocrx_word' id='word_1_315' title='bbox 1240 2747 1283 2782; x_wconf 89' lang='grc' dir='ltr'>Β.</span> <span class='ocrx_word' id='word_1_316' title='bbox 1368 2747 1506 2793; x_wconf 83' lang='grc' dir='ltr'>ἡμέραις</span> <span class='ocrx_word' id='word_1_317' title='bbox 1524 2748 1566 2782; x_wconf 83' lang='lat' dir='ltr'>B.</span> <span class='ocrx_word' id='word_1_318' title='bbox 1587 2748 1720 2792; x_wconf 83' lang='lat' dir='ltr'>(Alex.)</span> 
     </span>
     <span class='ocr_line' id='line_1_33' title="bbox 135 2790 1720 2839; baseline 0.004 -16"><span class='ocrx_word' id='word_1_319' title='bbox 135 2790 241 2835; x_wconf 81' lang='grc' dir='ltr'>ἡμέρᾳ</span> <span class='ocrx_word' id='word_1_320' title='bbox 261 2790 327 2824; x_wconf 88' lang='lat' dir='ltr'>Ed.</span> <span class='ocrx_word' id='word_1_321' title='bbox 348 2790 461 2835; x_wconf 78' lang='lat' dir='ltr'>(Vat.)</span> <span class='ocrx_word' id='word_1_322' title='bbox 572 2802 625 2837; x_wconf 86' lang='lat'>17.</span> <span class='ocrx_word' id='word_1_323' title='bbox 651 2793 778 2828; x_wconf 83' lang='grc' dir='ltr'>τούτων</span> <span class='ocrx_word' id='word_1_324' title='bbox 798 2794 840 2829; x_wconf 89' lang='grc' dir='ltr'>Β.</span> <span class='ocrx_word' id='word_1_325' title='bbox 954 2806 1007 2839; x_wconf 86' lang='lat'>19.</span> <span class='ocrx_word' id='word_1_326' title='bbox 1035 2796 1099 2828; x_wconf 87' lang='grc' dir='ltr'>Καὶ</span> <span class='ocrx_word' id='word_1_327' title='bbox 1117 2800 1150 2828; x_wconf 81' lang='lat' dir='ltr'>et</span> <span class='ocrx_word' id='word_1_328' title='bbox 1167 2794 1277 2837; x_wconf 76' lang='grc' dir='ltr'>φησὶν</span> <span class='ocrx_word' id='word_1_329' title='bbox 1295 2806 1364 2828; x_wconf 89' lang='lat' dir='ltr'>om.</span> <span class='ocrx_word' id='word_1_330' title='bbox 1387 2795 1429 2828; x_wconf 90' lang='lat' dir='ltr'>B.</span> <span class='ocrx_word' id='word_1_331' title='bbox 1537 2806 1591 2830; x_wconf 91' lang='lat'>20.</span> <span class='ocrx_word' id='word_1_332' title='bbox 1619 2795 1659 2829; x_wconf 85' lang='grc' dir='ltr'>ἂν</span> <span class='ocrx_word' id='word_1_333' title='bbox 1680 2795 1720 2830; x_wconf 83' lang='grc' dir='ltr'>Β.</span> 
     </span>
     <span class='ocr_line' id='line_1_34' title="bbox 136 2837 1722 2887; baseline 0.003 -17"><span class='ocrx_word' id='word_1_334' title='bbox 136 2838 268 2881; x_wconf 81' lang='lat' dir='ltr'>(Alex.)</span> <span class='ocrx_word' id='word_1_335' title='bbox 287 2838 344 2871; x_wconf 81' lang='grc' dir='ltr'>ἐὰν</span> <span class='ocrx_word' id='word_1_336' title='bbox 362 2837 428 2872; x_wconf 79' lang='lat' dir='ltr'>Ed.</span> <span class='ocrx_word' id='word_1_337' title='bbox 504 2838 629 2873; x_wconf 78' lang='lat' dir='ltr'>Statim</span> <span class='ocrx_word' id='word_1_338' title='bbox 648 2841 917 2885; x_wconf 83' lang='grc' dir='ltr'>καταληφθῶσιν</span> <span class='ocrx_word' id='word_1_339' title='bbox 937 2841 1042 2881; x_wconf 84' lang='grc' dir='ltr'>Β.Ι).,</span> <span class='ocrx_word' id='word_1_340' title='bbox 1063 2841 1123 2875; x_wconf 79' lang='lat' dir='ltr'>sed</span> <span class='ocrx_word' id='word_1_341' title='bbox 1149 2841 1193 2874; x_wconf 89' lang='lat' dir='ltr'>Cf.</span> <span class='ocrx_word' id='word_1_342' title='bbox 1217 2840 1253 2874; x_wconf 83' lang='lat' dir='ltr'>S.</span> <span class='ocrx_word' id='word_1_343' title='bbox 1273 2841 1354 2887; x_wconf 81' lang='lat' dir='ltr'><strong>Cyr.</strong></span> <span class='ocrx_word' id='word_1_344' title='bbox 1376 2841 1420 2875; x_wconf 83' lang='lat' dir='ltr'>ad</span> <span class='ocrx_word' id='word_1_345' title='bbox 1445 2842 1509 2876; x_wconf 81' lang='lat' dir='ltr'>loc.</span> <span class='ocrx_word' id='word_1_346' title='bbox 1532 2841 1722 2887; x_wconf 72' lang='grc' dir='ltr'>[κατειλημ-</span> 
     </span>
     <span class='ocr_line' id='line_1_35' title="bbox 135 2883 1722 2934; baseline 0.003 -16"><span class='ocrx_word' id='word_1_347' title='bbox 135 2885 275 2929; x_wconf 85' lang='grc' dir='ltr'>φθωσιν</span> <span class='ocrx_word' id='word_1_348' title='bbox 294 2883 444 2930; x_wconf 80' lang='lat' dir='ltr'>(AleX.)]</span> <span class='ocrx_word' id='word_1_349' title='bbox 497 2885 601 2919; x_wconf 83' lang='grc' dir='ltr'>ἐθνῶν</span> <span class='ocrx_word' id='word_1_350' title='bbox 619 2889 685 2922; x_wconf 84' lang='grc' dir='ltr'>τῶν</span> <span class='ocrx_word' id='word_1_351' title='bbox 701 2886 888 2932; x_wconf 81' lang='grc' dir='ltr'>ἐλθόντων]</span> <span class='ocrx_word' id='word_1_352' title='bbox 909 2887 1024 2922; x_wconf 82' lang='grc' dir='ltr'>ἐθνῶν.</span> <span class='ocrx_word' id='word_1_353' title='bbox 1057 2888 1230 2922; x_wconf 82' lang='grc' dir='ltr'>ἐλθόντων</span> <span class='ocrx_word' id='word_1_354' title='bbox 1249 2887 1291 2922; x_wconf 76' lang='grc' dir='ltr'>Β,</span> <span class='ocrx_word' id='word_1_355' title='bbox 1436 2899 1491 2933; x_wconf 83' lang='grc'>23.</span> <span class='ocrx_word' id='word_1_356' title='bbox 1519 2888 1573 2934; x_wconf 78' lang='grc' dir='ltr'>δὲ]</span> <span class='ocrx_word' id='word_1_357' title='bbox 1593 2889 1659 2934; x_wconf 80' lang='grc' dir='ltr'>γὰρ</span> <span class='ocrx_word' id='word_1_358' title='bbox 1681 2889 1722 2924; x_wconf 88' lang='grc' dir='ltr'>Β.</span> 
     </span>
    </p>
   </div>
   <div class='ocr_carea' id='block_1_4' title="bbox 136 2942 1627 2995">
    <p class='ocr_par' dir='ltr' id='par_1_4' title="bbox 136 2942 1627 2995">
     <span class='ocr_line' id='line_1_36' title="bbox 136 2942 1627 2995; baseline 0.004 -20"><span class='ocrx_word' id='word_1_359' title='bbox 136 2953 190 2984; x_wconf 85' lang='lat'>24.</span> <span class='ocrx_word' id='word_1_360' title='bbox 218 2942 496 2995; x_wconf 77' lang='grc' dir='ltr'>καταληφθέντας</span> <span class='ocrx_word' id='word_1_361' title='bbox 518 2943 611 2978; x_wconf 88' lang='lat' dir='ltr'><strong>B.D.</strong></span> <span class='ocrx_word' id='word_1_362' title='bbox 756 2944 811 2979; x_wconf 89' lang='lat'>26.</span> <span class='ocrx_word' id='word_1_363' title='bbox 839 2945 878 2989; x_wconf 84' lang='grc' dir='ltr'>δὴ</span> <span class='ocrx_word' id='word_1_364' title='bbox 898 2958 960 2990; x_wconf 87' lang='lat' dir='ltr'>pro</span> <span class='ocrx_word' id='word_1_365' title='bbox 979 2946 1032 2980; x_wconf 84' lang='grc' dir='ltr'>διὰ</span> <span class='ocrx_word' id='word_1_366' title='bbox 1053 2946 1099 2981; x_wconf 86' lang='lat' dir='ltr'>D.</span> <span class='ocrx_word' id='word_1_367' title='bbox 1243 2954 1297 2990; x_wconf 88' lang='lat'>27.</span> <span class='ocrx_word' id='word_1_368' title='bbox 1325 2946 1384 2989; x_wconf 80' lang='grc' dir='ltr'>τὴν</span> <span class='ocrx_word' id='word_1_369' title='bbox 1402 2957 1470 2981; x_wconf 87' lang='lat' dir='ltr'>om.</span> <span class='ocrx_word' id='word_1_370' title='bbox 1492 2946 1627 2992; x_wconf 81' lang='lat' dir='ltr'>Migne.</span> 
     </span>
    </p>
   </div>
  </div>
 </body>
</html>
