2084 3317
318 214 402 252 264
720 214 768 253 Β.
803 212 1075 252 CYRILLI
1119 181 1497 253 ALEXANDR.
1786 210 1839 250 iv.
1860 210 1897 248 6.

318 326 486 382 λαβεῖν
523 320 605 372 τὸν
643 322 785 388 ἄρτον
823 326 916 372 τῶν
954 323 1127 371 τέκνων
1173 323 1248 372 καὶ
1292 325 1460 382 βαλεῖν
1506 325 1601 374 τοῖς
1647 320 1896 384 κυναρίοις,

319 405 678 470 δακρυρῥοοῦντι
719 406 793 453 καὶ
831 408 1034 456 πολλοῖς
1073 407 1134 456 εὶς
1175 401 1309 453 ἔλεον
1346 404 1674 468 ἐκλιπαροῦντι
1719 399 1898 466 λόγοις,

317 486 615 553 προσέῥριψε
641 489 707 554 τῷ
733 485 907 553 γυναίῳ
932 483 1017 547 τὴν
1043 483 1195 551 χάριν,
1222 485 1274 534 οὐ
1301 483 1410 550 παρ’
1436 484 1592 549 ἑτέρου
1620 482 1899 543 νομοθετού-

318 591 455 630 μενος
501 567 583 618 τὸν
626 573 708 617 τοῦ
753 566 929 617 διδόναι
974 566 1149 631 καιρὸν,
1189 567 1298 615 ἀλλ’
1340 566 1479 619 αὐτὸς
1524 565 1746 633 ὑπάρχων
1787 564 1904 628 μετὰ

322 647 512 713 Πατρός
551 647 758 714 ὀριστὴς,
794 650 854 700 ὡς
888 645 1002 700 Υἱὸς
1041 649 1116 697 καὶ
1153 645 1275 700 Θεὸς
1313 648 1388 697 καὶ
1427 647 1616 713 Κύριος·
1670 648 1791 697 οὕτω
1830 647 1904 696 καὶ
1926 658 1947 696 5

273 739 299 778 b
321 731 613 796 Σαμαρείτας
649 729 787 794 ἠλὲει,
820 730 895 779 καὶ
934 731 1016 792 τῆς
1053 732 1341 794 θεοπρεποῦς
1374 728 1594 797 ἐξουσίας
1628 728 1714 792 τὴν
1746 728 1902 797 ἄφρα-

319 835 438 862 στον
481 812 830 862 ἀνακαλύπτων
875 809 1085 873 δύναμιν,
1131 811 1241 861 ὁδοῦ
1291 809 1530 876 πάρεργον
1582 809 1738 877 χώρας
1791 810 1906 874 ὅλης

317 899 515 944 ποιεῖται
553 893 635 944 τὸν
667 892 935 962 φωτισμόν.

385 975 486 1027 ςΗν
520 976 568 1027 δὲ
604 978 679 1027 καὶ
714 975 878 1041 ἑτέρως
915 974 1105 1036 ἄτοπον,
1138 974 1226 1039 ἤδη
1265 978 1365 1027 ταῖς
1399 974 1639 1027 ἀπονοίαις
1677 979 1907 1037 λελυττη-

319 1060 433 1110 κότα
461 1060 536 1109 καὶ
569 1062 790 1126 φονῶντα
822 1056 942 1108 κατὰ
977 1062 1059 1108 τοῦ
1090 1056 1265 1122 Κυρίου
1292 1055 1374 1106 τὸν
1399 1055 1601 1121 Ἰσραὴλ
1626 1057 1907 1120 ἀγαπᾶσθαι
1932 1079 1978 1103 10

319 1142 518 1194 τελείως.
572 1139 728 1203 ἐπειδὴ
765 1138 813 1190 δὲ
847 1140 976 1190 οὔπω
1013 1137 1098 1201 μὲν
1134 1140 1386 1199 ὁλοτελῶς,
1413 1139 1565 1188 διώκει
1601 1139 1643 1187 δ’
1672 1138 1754 1187 οὖν
1783 1136 1908 1199 ὅμως

319 1223 384 1274 ἔτι
425 1222 721 1288 συμμέτρως,
764 1221 840 1272 διὰ
882 1227 1021 1272 τοῦτο
1067 1223 1142 1271 καὶ
1187 1222 1211 1270 ὁ
1260 1220 1432 1285 Κύριος
1478 1220 1608 1282 ἡμῶν
1649 1218 1837 1283 Ἰησοῦς
1883 1220 1907 1268 ὁ

320 1303 533 1370 Χριστὸς
560 1305 689 1355 οὔπω
718 1303 801 1362 μὲν
828 1301 970 1354 αὐτὸν
997 1302 1272 1367 ὁλοκλήρως
1303 1303 1571 1366 ἀπογυμνοῖ
1590 1304 1671 1364 τῆς
1698 1299 1905 1368 χάριτος,

319 1386 498 1455 ἐξὲλκει
533 1386 577 1436 δ’
610 1387 691 1437 οὖν
724 1386 849 1447 ὅμως
888 1388 950 1438 εἷς
989 1384 1170 1450 ἑτερους
1205 1385 1290 1447 τὴν
1324 1384 1545 1449 εὐλογίαν
1577 1382 1696 1433 κατὰ
1730 1380 1904 1450 βραχύ.

281 1468 374 1519 orb
410 1468 459 1519 δὲ
495 1468 620 1521 ὅλως
654 1471 736 1532 τῆς
761 1467 1000 1518 Ἰουδαίων
1027 1467 1386 1517 ἀπανίστασθαι
1418 1465 1588 1531 χώρας,
1617 1469 1691 1515 καὶ
1727 1469 1790 1518 εἷς
1824 1463 1909 1528 τὴν
1934 1485 1978 1521 15

321 1555 415 1602 τῶν
456 1553 735 1616 ἀλλογενῶν
776 1548 1059 1614 σπουδάζειν
1106 1547 1231 1609 ἱέναι,
1273 1546 1348 1598 διὰ
1391 1545 1477 1610 τὴν
1515 1552 1608 1598 τῶν
1648 1547 1910 1598 διωκόντων

320 1634 672 1699 ἀπανθρωπίαν,
704 1633 876 1696 ἀπειλή
916 1655 984 1685 τις
1023 1629 1093 1694 ἧν,
1127 1630 1336 1696 καθάπερ
1375 1631 1423 1680 ἐν
1457 1629 1589 1699 τύπῳ
1626 1630 1906 1698 ζωγραφου-

319 1717 434 1781 με’νη
482 1721 540 1783 τῇ
591 1721 675 1766 τοῦ
727 1714 1008 1780 πράγματος
1062 1711 1220 1781 φύσει,
1266 1714 1327 1765 ὡς
1379 1711 1645 1777 ὁλόκληρον
1689 1711 1778 1775 ἤδη
1829 1713 1910 1774 τῆς

319 1797 510 1865 χάριτος
546 1799 832 1860 ὑπομενοῦσι
868 1797 1046 1863 ζημίαν,
1082 1798 1156 1846 καὶ
1193 1794 1602 1863 παραπέμψουσιν
1635 1798 1696 1847 εἷς
1730 1792 1911 1858 ἑτέρους

321 1880 375 1930 τὸ
403 1885 568 1930 οἰκεῖον
595 1879 790 1944 ἀγαθὸν,
819 1879 1035 1930 τουτέστι
1061 1877 1143 1930 τὸν
1169 1874 1398 1943 Χριστὸν,
1420 1881 1457 1927 εἰ
1482 1876 1546 1940 μὴ
1574 1879 1654 1940 τῆς
1681 1880 1743 1930 εἷς
1770 1876 1911 1927 αὐτὸν
1934 1899 1982 1924 20

321 1962 564 2027 παροινίας
589 1960 895 2028 ἀπόσχοιντο.

283 2125 305 2161 6
343 2118 428 2161 ‘'l-{v
467 2119 512 2161 δὲ
549 2116 637 2160 ἐκεῖ
675 2118 786 2166 ΠΗῐ-ἐι
825 2120 899 2159 τοῦ
931 2117 1100 2166 Ἰακώβ·
1154 2118 1175 2159 ὃ
1213 2114 1286 2157 οὖν
1318 2117 1485 2156 ἸΗσοῦε
1525 2114 1795 2155 κεκοπιακὼς
1833 2115 1879 2154 ἐκ

279 2200 305 2240 d
537 2206 612 2244 τῆς
649 2201 901 2258 ὁδοιπορίας
939 2201 1161 2257 ἐκαθέζετο
1199 2201 1337 2240 οὕτως
1375 2199 1443 2240 ἐπὶ
1486 2202 1532 2255 τιῇ
1571 2201 1700 2255 unffi.

397 2309 523 2365 Τοὺς
573 2314 656 2374 τῆς
705 2310 934 2363 Ἰουδαίας
985 2309 1120 2374 ὅρους
1172 2306 1458 2371 ἐκβεβηκὼς,
1513 2309 1590 2357 καὶ
1639 2305 1769 2372 παρὰ
1817 2310 1913 2359 τοῖς

322 2392 637 2459 ἀλλογενέσιν
675 2393 764 2457 ἤδη
803 2390 1007 2458 γεγονὼς
1049 2393 1072 2441 ὁ
1114 2387 1282 2454 Σωτὴρ
1322 2391 1395 2440 ἐπὶ
1443 2395 1490 2462 τῇ
1529 2395 1650 2460 vary}
1690 2387 1911 2438 καταλύει
1935 2407 1983 2444 25

322 2478 394 2527 τοῦ
419 2475 613 2533 Ἰακώβ·
657 2477 720 2528 ὡς
745 2476 793 2525 ἐν
819 2474 950 2542 τύπῳ
984 2472 1132 2525 πάλιν
1159 2473 1267 2536 ἡμῖν
1295 2473 1369 2522 καὶ
1408 2472 1462 2521 δι’
1491 2472 1764 2536 αἰνίγματος
1801 2471 1913 2521 ὑπο-

322 2556 513 2620 δεικνὺς,
542 2557 613 2608 ὅτι
647 2557 734 2608 κᾶν
765 2559 847 2620 τῆς
873 2554 1193 2623 Ἰερουσαλὴμ
1228 2553 1280 2605 τὸ
1317 2553 1623 2619 εὐαγγελικὸν
1651 2552 1912 2620 ἐκφοιτήσῃ

323 2640 555 2705 κήρυγμα,
595 2642 670 2690 καὶ
713 2642 775 2691 εὶς
821 2638 930 2702 ε”θνη
970 2635 1138 2687 λοιπον
1177 2637 1202 2686 ὁ
1242 2639 1362 2688 θεῖος
1400 2635 1620 2699 ἐκδράμοι
1660 2633 1820 2699 λόγος,
1860 2636 1913 2684 οὐ

323 2720 811 2786 συναποβληθήσεται
845 2724 912 2789 τῷ
944 2717 1148 2785 Ἰσραὴλ
1184 2718 1210 2781 ἡ
1247 2722 1308 2770 εἷς
1343 2716 1452 2771 τους
1486 2717 1689 2782 πατερας
1726 2716 1908 2782 ἀγάπη,

1384 2839 1543 2871 πράγματος

371 2878 404 2911 8.
429 2879 574 2911 ποιεῖται
594 2877 635 2911 Β.
654 2877 799 2911 ἐποιεῖτο
818 2875 885 2910 Ed.
1032 2874 1084 2907 18.
1111 2875 1150 2917 τῇ
1169 2885 1239 2907 om.
1261 2873 1302 2907 B.
1367 2874 1556 2916 πνεύματος
1576 2872 1616 2907 Β.
1772 2883 1826 2906 20.
1854 2874 1912 2906 τὸν

324 2936 393 2957 om.
416 2924 455 2957 B.
618 2935 673 2966 24.
698 2926 757 2967 τῆς
771 2922 936 2957 Ἰουδαίας
956 2921 1031 2955 B.a.
1052 2920 1158 2954 Cord.
1177 2923 1243 2954 τῶν
1258 2919 1430 2954 Ἰουδαίων
1449 2919 1514 2954 Ed.
1581 2921 1633 2953 καὶ
1651 2931 1720 2953 orn.
1743 2919 1783 2952 B.
1804 2918 1910 2954 Cord.

326 2970 426 3003 habet
445 2982 475 3003 a.
574 2980 628 3015 27.
653 2969 728 3015 κᾶν]
750 2975 785 3011 4-
804 2970 870 3003 ἀπὸ
890 2968 996 3003 Cord.
1015 2967 1081 3001 ἀπὸ
1100 2966 1195 3001 deest
1213 2967 1248 3001 in
1266 2979 1296 3000 a.
1346 2966 1497 3012 φοιτήσῃ
1517 2966 1623 3000 Cord.
1641 2965 1861 3011 ἅποφοιτὴσῃ
1879 2977 1909 2999 a.

326 3016 380 3050 28.
407 3015 469 3061 εἷς]
494 3021 529 3056 -ξ-
551 3018 592 3050 τὰ
610 3029 639 3051 a.
660 3016 765 3051 Cord.
