2084 3317
122 170 175 211 vi.
198 184 293 223 2-4,
346 172 419 212 IN
461 172 504 213 S„
537 171 874 214 JOANNEM.
937 167 1062 213 LIB.
1096 172 1182 212 III.
1245 173 1378 214 CAP.
1413 173 1491 213 IV.
1624 174 1706 214 405

123 287 149 309 ιι
176 279 246 330 ΤΧ
329 279 341 297 ἱ
410 280 433 298 ³!
666 282 680 299 X
759 281 776 299 A
824 282 834 296 )
878 279 891 296 Χ
1026 285 1046 295 Α
1135 281 1145 295 9
1191 279 1203 297 ἱ
1284 280 1296 297 ἱ
1345 281 1367 299 ³!
1695 285 1715 294 Α
1771 284 1814 313 Su
1840 292 1876 312 ra
1892 292 1922 312 v.

223 303 253 330 α
283 303 376 346 γαρ
402 303 529 346 εργα,
559 285 724 350 φησιν,
751 304 781 331 α
811 304 905 347 εγω
929 303 1063 343 ποιω,
1091 303 1209 331 αυτα
1244 303 1303 331 τα
1338 303 1454 347 εργα
1487 303 1709 346 μαρτυρει
1772 293 1838 364 36?

123 369 149 391 ‘g
264 363 278 380 Χ
318 363 328 377 ’
396 367 416 377 ⁹·
440 361 464 377 θ’
579 364 593 381 x
675 361 688 376 Ι
795 369 821 393 ‘g
890 366 899 380 9
975 363 986 377 5
1121 367 1141 376 Α
1221 362 1234 379 x
1274 362 1296 379 ,Ι
1469 368 1489 377 Α
1672 361 1682 376 Ι

174 384 280 428 περι
305 384 434 425 εμου.
518 385 594 413 και
619 370 767 414 παλιν
842 367 901 413 Ει
936 385 990 413 ου
1025 385 1145 414 ποιω
1180 385 1240 414 τα
1266 385 1382 429 εργα
1407 385 1490 413 του
1518 366 1709 428 Πατρος
1770 368 1912 452 {¹7¹f1'38X·

121 449 149 472 ‘⁶
175 466 280 506 μου,
306 442 370 507 μὴ
398 443 646 495 πιστεύετέ
663 464 760 508 μοι·
804 448 841 495 εὶ
869 442 916 495 δὲ
941 448 1074 507 ποιῶ,
1102 442 1190 495 κᾶν
1216 446 1316 509 ἐμοὶ
1342 443 1408 508 μὴ
1435 443 1706 507 πιστεύητε,
1815 436 1822 447 ’

123 532 150 554 “
175 530 271 578 Τοῖς
308 524 459 591 e’joyocs
498 549 591 590 μου
631 526 920 577 πιστεύετε.”
970 524 1134 593 ὥσπερ
1175 527 1257 577 οῦν
1295 533 1322 555 “
1349 524 1443 578 ἀπὸ
1484 525 1710 592 μεγέθους
1771 522 1928 565 Sap-⁸³1³·

1773 575 1803 607 5.

80 613 149 655 5“
175 610 414 671 καλλονῆς
463 608 738 671 κτισμάτων
784 610 808 659 ὁ
857 607 1188 675 γενεσιουργὸς
1237 609 1392 659 αὐτῶν
1441 607 1749 675 θεωρεῖται”ῡ

122 688 257 752 Θεὸς,
284 690 430 743 οὕτως
469 689 563 741 ἀπὸ
601 693 684 754 τῆς
723 691 1014 755 θεοσημείας,
1042 689 1161 741 κατὰ
1199 689 1286 755 τὴν
1318 690 1431 756 ’ίσην
1464 695 1560 741 τῶν
1596 714 1708 756 νοη-

120 772 283 834 μάτων
304 771 570 836 διασκευὴν,
592 773 616 822 ὁ
645 777 740 822 τῶν
766 775 962 839 σημείων
988 773 1152 838 ὁρᾶται
1178 772 1439 837 τελειωτὴς,
1462 775 1538 824 καὶ
1563 774 1591 838 ἡ
1619 778 1712 824 τῶν

122 853 510 905 ἀκολουθούντων
535 854 696 907 πίστις
721 854 908 908 δικαίως
934 853 992 904 ἂν
1020 853 1314 919 θαυμάᾷνιτο.

198 933 347 999 Οἶμαι
386 936 429 986 δ’
458 935 606 1001 ἔγωγε
643 936 1005 1002 περιεργοτεραν
1037 936 1143 987 τινὰ
1181 938 1256 987 καὶ
1295 937 1383 1004 οὐχ
1422 938 1584 1000 ἁπλῆν
1616 940 1713 990 τοῖς

56 1036 103 1060 10
122 1017 375 1083 εἰρημένοις
413 1017 728 1086 ἐγκεκρύφθαι
767 1017 990 1068 διάνοιαν.
1046 1019 1228 1084 ὁρῶμεν
1259 1017 1353 1084 γὰρ
1389 1018 1596 1084 λέγοντα
1630 1017 1714 1069 τὸν

123 1098 504 1165 Εὐαγγελιστὴν,
533 1100 620 1167 οὐχ
652 1099 722 1150 ὅτι
752 1098 898 1162 μόνον
925 1102 1123 1167 σημείων
1147 1098 1276 1164 ἦσαν
1302 1099 1645 1169 φιλοθεάμονες
1671 1103 1714 1150 οἱ

121 1180 534 1246 ἀκολουθήσαντες
565 1187 631 1252 τῷ
658 1184 874 1251 Χριστῷ,
899 1181 1030 1232 ἀλλά
1065 1184 1142 1232 καὶ
1176 1182 1325 1233 ποίων
1350 1181 1477 1246 ἦσαν
1502 1183 1714 1246 σημείων

122 1261 404 1314 δικαιότατοι
443 1265 730 1328 θαυμασταί.
796 1265 1090 1331 προστίθησι
1129 1264 1222 1330 γὰρ
1262 1264 1332 1315 ὅτι
1362 1263 1424 1315 “A
1464 1266 1598 1316 ἐποίει
1638 1265 1711 1316 ἐπὶ

121 1345 202 1397 τῶν
244 1344 527 1409 ἀσθενούντων,
566 1347 641 1397 ἵνα
680 1344 756 1397 διὰ
797 1346 977 1397 τούτων
1013 1347 1231 1400 ἐναντίως
1271 1347 1478 1414 ἔχουσαν
1515 1350 1574 1414 τῇ
1618 1351 1758 1398 τῶνᾶ

56 1433 102 1472 Ι5
121 1429 361 1479 Ἰουδαίων
386 1427 473 1492 τὴν
498 1433 593 1479 τῶν
618 1428 1005 1480 ἀκολουθούντων
1028 1429 1255 1498 ἀποδείξῃ
1283 1428 1504 1480 διάνοιαν.
1560 1432 1601 1479 οἱ
1627 1427 1713 1492 μὲν

120 1510 214 1577 γὰρ
253 1510 324 1561 ὅτι
362 1510 444 1561 τὸν
473 1510 749 1577 παράλυτον
785 1512 1077 1562 ἀσθενοῦντα
1111 1509 1431 1578 τεθεράπευκε,
1459 1514 1714 1571 δυσσεβῶς

121 1593 508 1660 χαλεπαίνουσιν,
537 1596 579 1643 οἱ
613 1591 662 1643 δὲ
698 1594 752 1644 οὐ
786 1591 931 1657 μόνον
957 1595 1031 1644 ἐπὶ
1067 1593 1248 1647 τούτοις
1283 1593 1497 1660 παρόντα
1523 1592 1708 1657 θαυμά-

122 1675 296 1741 ζουσιν,
334 1675 465 1725 ἀλλὰ
504 1677 579 1725 καὶ
618 1677 937 1740 ἀποδημοῦντι
978 1676 1386 1743 συνεκτρέχουσιν,
1426 1677 1488 1728 ὡς
1527 1679 1708 1738 θαυμα-

122 1762 308 1827 τουργῴ
333 1759 409 1808 καὶ
434 1761 560 1827 Θεῷ.
616 1757 844 1825 φύγωμεν
870 1757 1025 1808 τοίνυν
1051 1756 1137 1822 τὴν
1162 1757 1402 1811 Ἰουδαίοις
1434 1756 1713 1823 πρέπουσαν

55 1856 104 1882 20
124 1840 341 1902 ἀμαθίαν,
381 1842 424 1890 οἱ
462 1838 679 1905 Χριστὸν
718 1837 956 1903 δεσπότην
994 1837 1379 1908 ἐπιγραφόμενοι,
1417 1837 1710 1905 προσεδρεύ-

123 1943 286 1985 σωμεν
324 1922 449 1992 αὐτῷ
489 1920 564 1973 διὰ
608 1925 690 1985 τῆς
736 1923 988 1985 ὑπομονῆς,
1030 1921 1144 1988 ὅπερ
1184 1921 1330 1987 ε”δρων
1368 1924 1625 1985 τληπαθῶς
1670 1924 1713 1972 οὶ

122 2004 399 2072 σοφώτατοι
426 2004 649 2068 μαθηταί·
684 2002 967 2071 χωρίζεσθαι
992 2002 1077 2066 μὲν
1102 2006 1178 2055 καὶ
1202 2008 1525 2055 λειποτακτεῖν
1550 2001 1712 2070 ἀνεχό-
1730 2024 1751 2050 e

121 2109 252 2149 μενοι
276 2090 517 2151 μηδαμῶς,
545 2088 700 2140 αὐτοῖς
727 2086 775 2137 δὲ
801 2086 972 2137 λοιπὸν
997 2089 1295 2148 ἀναβοῶντες
1329 2090 1426 2140 τοῖς
1457 2084 1712 2152 πράγμασι

1772 2162 1858 2192 Rom

122 2168 177 2219 τὸ
203 2173 421 2223 νεανικῶς
449 2168 539 2220 ὑπὸ
565 2174 647 2219 τοῦ
676 2169 875 2219 Παύλου
912 2167 1169 2233 λεγόμενον
1194 2174 1220 2198 “
1240 2169 1326 2222 Τίς
1361 2168 1482 2232 ἡμᾶς
1515 2167 1711 2235 χωρίσει
1771 2206 1838 2237 ὤ.
1860 2186 1912 2245 35-

55 2262 102 2302 25
123 2257 150 2280 ‘⁶
176 2249 270 2302 ἀπὸ
308 2254 392 2315 τῆς
430 2249 619 2317 ἀγάπης
656 2256 739 2302 τοῦ
777 2255 995 2317 Χριστοῦ
1017 2251 1061 2314 ;”
1115 2250 1519 2316 ἀκολουθήσωμεν
1556 2251 1712 2301 τοίνυν

124 2333 250 2403 αὐτῷ
277 2335 352 2384 καὶ
380 2332 646 2402 διωκομένῳ
674 2334 750 2383 καὶ
777 2332 1003 2402 φεύγοντι
1040 2331 1123 2386 τὰς
1157 2337 1253 2384 τῶν
1279 2332 1560 2400 μαχομένων
1586 2333 1712 2402 αὐτῷ

123 2416 428 2481 δυστροπίας,
454 2417 529 2465 ἵνα
556 2417 632 2466 καὶ
660 2420 718 2470 εἷς
746 2415 833 2485 ἔρος
859 2415 1200 2480 ἀναβαίνωμεν,
1225 2421 1301 2467 καὶ
1330 2416 1421 2466 ἐκεῖ
1447 2413 1713 2479 καθίσωμεν

123 2496 217 2548 σὺν
242 2498 382 2567 αὐτῷ,
409 2496 651 2548 τουτέστιν
677 2501 738 2551 εἷς
769 2500 1005 2567 περιφανῆ
1041 2499 1117 2549 καὶ
1152 2496 1497 2560 εὐκλεεστάτην
1521 2498 1708 2561 ἀναπη-

124 2579 346 2643 δήσωμεν
382 2578 530 2648 χάριν,
564 2579 640 2631 διὰ
677 2586 759 2631 τοῦ
798 2579 1175 2645 συμβασιλεύειν
1208 2580 1348 2648 αὐτῷ,
1381 2576 1593 2644 καθάπερ
1631 2578 1713 2630 οὖν

176 2767 205 2788 1.
231 2754 342 2799 φησὶν
359 2759 439 2798 post
458 2756 543 2788 ποιῶ
567 2759 610 2788 tr.
628 2753 695 2788 Ed.
714 2754 823 2789 invito
844 2754 886 2789 B.
976 2755 1060 2789 αὐτὰ
1082 2754 1123 2789 τὰ
1146 2752 1245 2799 ἔργα]
1271 2758 1307 2794 -l-
1329 2752 1349 2787 ἂ
1373 2753 1438 2798 ἐγὼ
1461 2755 1546 2786 ποιῶ
1571 2752 1637 2787 Ed.
1657 2753 1712 2787 in-

1455 2809 1647 2832 γενεσιουργος

123 2835 196 2869 vito
215 2834 257 2869 Β.
365 2842 398 2878 5.
425 2832 609 2879 καλλονῆς]
635 2838 669 2873 4—
692 2838 757 2869 τῶν
776 2835 842 2870 Ed.
862 2835 972 2869 invito
991 2835 1033 2869 B.
1083 2836 1101 2868 ὁ
1119 2846 1189 2869 om.
1209 2834 1252 2867 B.
1304 2833 1430 2867 Statim
1448 2833 1651 2878 δημιουργὸς
1670 2833 1712 2868 Β.

126 2891 157 2927 7.
184 2883 202 2915 ὁ
220 2893 290 2915 om.
312 2880 354 2915 B.
436 2880 584 2924 σημείων
603 2881 694 2915 Β.[).
713 2883 879 2925 σωμάτων
897 2881 964 2916 Ed.
1123 2893 1175 2915 11.
1202 2881 1350 2924 σημείων
1367 2885 1591 2924 assumptum
1609 2892 1650 2914 ex
1670 2880 1712 2914 B.

128 2940 180 2963 12.
207 2928 356 2973 σημείων
372 2927 461 2971 ἦσαν
478 2929 615 2962 inverso
633 2928 755 2962 Ordine
774 2929 817 2963 Β.
949 2938 1001 2974 15.
1028 2928 1176 2962 διάνοιαν
1193 2927 1354 2970 ἀποδείξῃ
1372 2927 1510 2961 inverso
1528 2926 1649 2961 ordine
1669 2926 1711 2961 B.

126 2985 181 3021 25.
206 2977 386 3020 τοιγαροῦν
406 2975 447 3008 Β.
516 2974 639 3009 Statim
658 2975 746 3021 αὐτῷ
765 2987 835 3010 om.
857 2976 897 3009 B.
1044 2973 1097 3009 26.
1125 2975 1177 3009 καὶ
1195 2975 1253 3008 alt.
1273 2985 1342 3008 om.
1363 2973 1405 3007 B.
