2084 3317
364 165 450 206 540
766 164 818 205 B.
850 162 1124 205 CYRILLI
1164 159 1546 203 ALEXANDR.
1810 156 1866 198 vi.
1885 165 1954 210 57.

367 276 555 341 σοφοῦν
579 271 849 337 δυνάμενον,
876 273 930 324 οὐ
964 271 1018 324 τὸ
1054 275 1331 341 σοφοῦσθαι
1365 269 1590 342 πεφυκός.
1646 270 1814 321 οὐκοῦν
1840 267 1952 318 καθ’

368 357 488 419 ὑμᾶς
523 355 831 423 διαψεύσεται
864 354 1005 419 μὲνὴ
1040 353 1253 419 ἀλήθεια,
1280 356 1356 405 καὶ
1389 353 1472 404 οὐκ
1506 351 1764 417 ἀληθεύσει
1798 349 1956 415 λέγων

368 438 393 488 5
419 437 634 504 Χριστός
659 436 790 503 Ἐγώ
816 440 908 500 εἶμι
942 437 970 500 ἡ
1007 435 1113 502 ζωή.
1168 433 1527 505 ψευδομυθήσει
1562 434 1611 486 δὲ
1644 432 1794 485 πάλιν
1820 432 1896 482 καὶ
1930 430 1956 480 5

367 517 588 585 λαμπρὸς
614 523 709 570 τῶν
735 517 883 585 ἁγίων
908 517 1062 586 χορὸς,
1088 516 1196 572 τοὺς
1232 517 1308 568 διὰ
1341 523 1425 569 τοῦ
1452 515 1730 581 Πνεύματος
1763 511 1952 581 ἐρευγό-

367 623 506 663 μενος
543 599 733 667 λόγους,
772 601 849 651 καὶ
888 599 1009 667 ζωὴν
1047 601 1307 651 ἀποκαλῶν
1344 598 1428 651 τὸν
1468 600 1733 665 Μονογενῆ.
1801 597 1826 648 5
1869 594 1956 660 μὲν
1976 609 1998 648 5

321 697 349 738 b
368 681 462 750 γὰρ
514 686 635 737 θεῖος
686 682 795 746 ἡμῖν
838 679 1109 751 ψαλμῳδὸς
1160 683 1222 736 ὡς
1273 679 1393 749 πρὸς
1436 679 1520 732 τὸν
1559 680 1754 746 Πατέρα
1799 679 1960 744 λέγων

144 762 200 795 Ps.

143 817 245 839 xxxv.
265 815 315 838 ω
369 765 629 832 εὑρίσκεται
666 770 694 794 “
713 763 829 816 Οτι
866 762 998 830 παρὰ
1036 786 1116 815 σοι
1154 763 1287 864 πηγὴ
1326 762 1488 830 ζωῆς”
1543 764 1568 814 5
1606 760 1654 813 δὲ
1692 760 1958 827 θαυμάσιος

371 845 738 913 Εὑαγγελιστὴς
760 845 984 911 Ἰωάννης
1022 847 1071 897 ἐν
1105 847 1288 901 οἰκείαις
1327 848 1605 899 ἐπιστολαῖς
1643 846 1765 896 οὕτω
1806 842 1959 912 φησίν

146 937 159 960 1
171 929 306 962 S.J0an.

143 973 211 1014 i.1,
232 983 262 1005 2.
369 934 423 959 κ
419 926 538 980 Ο
511 935 569 993 ἠν
600 927 679 981 ἀπ
708 930 871 997 ἀρχῆς,
900 927 925 980 5
960 927 1240 993 ἀκηκόαμεν,
1269 953 1294 980 ο
1329 928 1598 997 ἑωράκαμεν
1627 931 1724 981 τοῖς
1761 927 1956 995 ὀφθαλ-

369 1018 396 1043 “
422 1017 527 1076 μοῖς
552 1012 699 1077 ἡμῶν,
720 1009 745 1062 ῗ)
771 1010 1069 1075 ἐθεασάμεθα
1096 1012 1171 1062 καὶ
1198 1014 1245 1062 αἱ
1269 1016 1417 1079 χεῖρες
1443 1011 1577 1076 ἡμῶν
1602 1008 1955 1079 ἐψηλάφησαν,
1982 1023 2031 1050 10

368 1101 396 1125 ‘⁶
421 1096 527 1161 περὶ
553 1099 636 1146 τοῦ
663 1093 813 1160 λόγου
839 1096 922 1158 τῆς
949 1093 1084 1159 ζωῆς·
1122 1095 1198 1145 καὶ
1224 1093 1252 1157 ἡ
1280 1091 1371 1160 ζωὴ
1397 1091 1684 1162 ἐφανερώθη,
1705 1092 1781 1143 καὶ
1807 1089 1955 1156 ἑωρά-

368 1183 396 1207 “
422 1199 584 1240 καμεν,
613 1177 689 1227 καὶ
723 1181 1065 1243 μαρτυροῦμεν,
1091 1176 1169 1226 καὶ
1195 1173 1576 1241 ἀπαγγέλλομεν
1596 1175 1702 1237 ὑμῖν
1728 1171 1813 1236 τὴν
1839 1170 1960 1238 ζωὴν

368 1265 396 1288 “
421 1256 507 1322 τὴν
549 1258 748 1321 αἰώνιον,
788 1258 887 1322 ἥτις
932 1255 990 1321 ἦν
1031 1256 1152 1324 πρὸς
1194 1256 1278 1308 τὸν
1318 1255 1525 1324 Πατέρα,
1564 1257 1640 1307 καὶ
1685 1253 1959 1324 ἐφανερώθη

327 1360 350 1386 0
369 1347 397 1369 ‘⁶
422 1340 577 1404 ἡμῖν.”
645 1341 759 1409 ὁρᾷς
809 1339 1105 1404 ἀληθεύοντα
1155 1337 1237 1390 τὸν
1287 1336 1573 1408 ψαλμῳδὸν,
1625 1338 1702 1389 καὶ
1750 1334 1827 1388 διὰ
1875 1337 1959 1399 τῆς

367 1421 589 1474 Ἰωάννου
626 1424 802 1491 φωνῆς,
829 1421 905 1472 ὅτε
938 1423 1063 1489 φησὶ
1088 1421 1208 1489 πρὸς
1233 1421 1317 1472 τὸν
1339 1425 1435 1472 τῶν
1460 1420 1589 1473 ὅλων
1616 1418 1809 1486 Πατέρα
1834 1416 1959 1470 Θεόν
1982 1433 2029 1470 15

369 1511 396 1533 “
415 1503 531 1555 ΓΌτι
565 1503 696 1570 παρὰ
732 1505 813 1554 σοὶ
847 1502 979 1570 πηγὴ
1011 1503 1129 1570 ζωῆς
1147 1505 1191 1567 ;”
1233 1502 1291 1567 ἧν
1317 1502 1412 1570 γὰρ
1448 1505 1522 1554 καὶ
1558 1503 1662 1554 ἔστι
1695 1502 1805 1568 παρ’
1833 1501 1960 1570 αὐτῷ

369 1585 500 1653 πηγὴ
534 1586 653 1651 ζωῆς
685 1587 709 1637 ὁ
737 1585 867 1640 Υἱός·
912 1585 982 1637 ὅτι
1019 1585 1115 1653 γάρ
1152 1590 1305 1655 φησιν
1331 1587 1436 1653 περὶ
1463 1586 1606 1636 αὐτοῦ
1631 1583 1691 1636 τὰ
1715 1588 1908 1635 τοιαῦτα
1934 1584 1959 1635 ὁ

370 1667 778 1738 πνευματοφόρος,
807 1667 884 1719 διὰ
913 1672 1008 1719 τῶν
1033 1669 1178 1720 αὐτοῦ
1203 1668 1351 1720 πάλιν
1377 1667 1744 1736 πληροφορήσει
1776 1663 1955 1731 λόγων·

143 1764 195 1796 Ib-
209 1776 238 1797 v.
254 1774 305 1798 20.
370 1750 646 1803 ἐπιστέλλει
683 1750 777 1818 γὰρ
812 1751 959 1804 οὕτως
985 1758 1011 1781 “
1033 1752 1127 1802 Καὶ
1167 1751 1356 1815 οἴδαμεν
1392 1750 1462 1802 ὅτι
1501 1751 1527 1802 5
1562 1749 1677 1803 Υἱὸς
1714 1753 1797 1800 τοῦ
1834 1751 1960 1799 Θεοῦ

372 1840 398 1864 “
425 1834 537 1899 ἥκει,
565 1835 640 1885 καὶ
677 1833 845 1884 ε”δωκεν
875 1833 986 1897 ἡμῖν
1019 1831 1226 1884 διάνοιαν
1259 1833 1334 1884 ἵνα
1373 1832 1682 1899 γινώσκωμεν
1712 1829 1797 1882 τὸν
1832 1831 1953 1895 άλη-
1980 1848 2031 1875 20

372 1923 399 1946 ‘⁶
426 1915 568 1979 θινὸν,
596 1918 673 1967 καὶ
707 1914 852 1978 ἐσμὲν
887 1916 935 1965 ἐν
967 1919 1034 1985 τῷ
1069 1916 1294 1985 ἀληθινῷ,
1320 1918 1367 1966 ἐν
1397 1918 1464 1985 τῷ
1490 1916 1592 1984 Υὶῷ
1627 1915 1770 1965 αὐτοῦ
1795 1913 1960 1976 Ἰησοῦ

373 2005 400 2027 “
425 2002 643 2067 Χριστῷ·
702 1995 838 2051 οὗτός
884 1998 1016 2048 ἐστιν
1061 1997 1086 2047 5
1137 1996 1362 2061 ἀληθινὸς
1407 1997 1529 2050 Θεὸς
1580 1997 1656 2047 καὶ
1706 1995 1735 2060 ἦ
1787 1993 1879 2061 ζωὴ
1929 1994 1959 2058 ἡ

326 2086 401 2132 d“
428 2080 649 2134 αἱώνιος.”
701 2077 799 2130 εἶτα
837 2077 906 2132 τίς
945 2077 1046 2130 εἰπέ
1077 2100 1157 2143 μοι
1195 2079 1366 2130 λοιπὸν
1396 2081 1479 2143 τῆς
1514 2083 1609 2129 τῶν
1640 2075 1962 2147 ἑτεροφρόνων

372 2164 610 2230 τερθρείας
635 2162 877 2231 ἀνέξεταις
922 2158 951 2224 ἢ
983 2161 1052 2215 τίς
1086 2163 1170 2225 τῆς
1205 2161 1392 2212 ἐκείνων
1418 2161 1704 2222 δυσσεβείας
1731 2159 1785 2210 οῦ
1809 2181 1958 2210 κατα-

371 2244 542 2310 βοήσει
594 2244 793 2307 δικαίως,
839 2243 957 2310 ζωῆς
999 2245 1083 2306 τῆς
1131 2243 1241 2309 παρ’
1294 2243 1452 2308 ἑτέρου
1503 2242 1704 2310 μέτοχον
1752 2243 1960 2292 ἀποτολ-
1981 2257 2031 2297 25

370 2327 569 2391 μώντων
602 2330 746 2378 εἰπεῖν
777 2323 860 2376 τὸν
884 2324 1016 2388 Υἱὸν,
1050 2325 1198 2375 καίτοι
1233 2327 1316 2389 τῆς
1351 2324 1488 2390 ἁγίας
1525 2326 1602 2375 καὶ
1642 2322 1961 2375 θεοπνεύστου

371 2412 565 2478 γραφῆς
599 2407 731 2460 οὐδὲν
756 2406 841 2472 μὲν
867 2412 1079 2458 τοιοῦτον
1105 2406 1344 2472 λεγούσης
1378 2409 1484 2474 περὶ
1523 2407 1679 2470 αὐτοῦ,
1707 2404 1962 2473 διαῤῥήδην

372 2490 422 2542 δὲ
456 2496 647 2555 μᾶλλον
672 2490 881 2555 βοώσης,
909 2488 980 2540 ὅτι
1015 2491 1090 2541 καὶ
1118 2487 1239 2543 Θεὸς
1269 2489 1338 2554 εἴη
1374 2489 1495 2541 κατὰ
1532 2488 1698 2559 φύσιν,
1725 2490 1800 2540 καὶ
1834 2490 1956 2552 ἀλη-

371 2572 514 2636 θινὸς,
541 2575 617 2624 καὶ
651 2571 783 2638 πηγὴ
818 2571 947 2638 ζωῆς,
976 2573 1052 2622 καὶ
1085 2570 1176 2637 ζωὴ
1208 2570 1358 2623 πάλιν
1384 2572 1601 2634 αἰώνιος;
1644 2575 1745 2625 πῶς
1776 2569 1869 2637 γὰρ
1903 2568 1963 2621 ἂν

374 2660 528 2707 νοοῖτο
574 2654 697 2709 Θεὸς
746 2652 973 2722 ὑπάρχειν
1016 2653 1242 2718 ἀληθινὸς
1288 2655 1313 2704 ὁ
1359 2654 1476 2721 ζωῆς
1523 2657 1606 2718 τῆς
1649 2653 1760 2720 παρ’
1804 2651 1962 2719 ἑτέρου
1980 2667 2032 2704 30

424 2789 454 2812 2.
481 2777 639 2820 ἀληθεύει
659 2777 701 2811 Β.
802 2786 840 2821 17
848 2777 931 2822 .ηφ
935 2791 972 2811 σι
990 2781 1070 2821 post
1087 2778 1224 2810 τοιαῦτα
1242 2782 1284 2810 tr.
1305 2776 1373 2811 Ed.
1391 2777 1501 2811 invito
1521 2777 1564 2812 B.
1674 2787 1728 2811 20.
1755 2775 1899 2810 δέδωκεν
1917 2774 1960 2810 Β.

374 2825 418 2859 cf.
440 2825 494 2858 De
514 2824 556 2858 R.
576 2823 660 2858 Fide
677 2823 720 2858 ad
740 2823 891 2867 Reginus
913 2833 952 2868 77
969 2789 1012 2863 dp
1023 2822 1083 2857 sed
1101 2823 1167 2857 hoc
1184 2824 1260 2857 loco
1280 2823 1492 2858 Commelini
1510 2823 1564 2858 ed
1584 2835 1618 2868 p.
1631 2832 1714 2869 45s.
1728 2822 1787 2857 fin.
1806 2834 1824 2856 e
1841 2821 1962 2856 codice

374 2879 414 2905 ut
432 2877 525 2915 patet
541 2871 654 2905 bonae
670 2877 773 2904 notae
790 2870 912 2905 ἔδωκεν
929 2869 1080 2905 exhibet.
1239 2881 1294 2904 21.
1321 2886 1356 2904 εν
1373 2873 1419 2917 τῷ
1437 2872 1497 2916 υἱῲ
1514 2870 1635 2916 αὐτοῦ]
1653 2870 1756 2905 αυτοῦ
1773 2870 1833 2915 υἱῲ
1854 2868 1895 2902 Β.
1914 2868 1960 2903 cf.

374 2918 465 2952 infra
483 2919 551 2962 850
565 2930 582 2952 e
600 2929 619 2951 a
635 2917 826 2951 rischend.
845 2917 902 2952 cit.
1048 2927 1104 2951 22.
1131 2917 1148 2949 ὁ
1166 2916 1341 2962 ἀληθινὸς]
1367 2922 1403 2957 -Ι-
1425 2919 1443 2952 ὁ
1463 2906 1505 2952 Β.
1643 2928 1699 2960 24.
1723 2916 1897 2960 ἀνθέξεται
1916 2915 1959 2950 Β.

375 2974 431 3009 25.
460 2963 560 3009 ζωῆς]
582 2965 634 2998 καὶ
653 2965 737 3008 ζωῆς
756 2963 799 2998 Β.
943 2974 999 3009 30.
1026 2963 1190 3008 ὑπάρχειν
1207 2969 1430 3010 assumptum
1449 2976 1490 2999 ex
1510 2964 1552 3000 B.
