2084 3317
365 150 450 191 688
767 153 818 194 Β.
851 153 1123 194 CYRILLI
1166 152 1549 194 ALEXANDR.
1790 150 1862 192 vii.
1882 150 1949 206 38.

367 260 394 310 ὁ
432 260 646 326 Χριστὸς
685 262 739 312 οὐ
777 262 957 328 κυρίως,
990 262 1094 313 οὐδὲ
1132 263 1324 325 ἀληθῶς
1362 264 1445 325 τῆς
1483 262 1645 326 ἑορτῆς
1682 261 1730 311 ἐν
1767 260 1953 313 ἐκείνοις

367 343 470 393 ἐστὶ
517 343 571 394 τὸ
613 346 794 411 σχῆμα,
836 344 904 408 εἴη
950 345 995 394 δ’
1043 342 1102 394 ἂν
1145 348 1337 406 μᾶλλον
1380 342 1674 409 πραγμάτων
1723 341 1956 404 σύμβολα

368 429 561 489 νοητῶν,
588 425 619 476 ἂ
650 426 903 490 δοθήσεται
937 430 1034 478 τοῖς
1070 426 1326 486 εὐσεβοῦσι
1362 423 1439 475 διὰ
1474 427 1710 490 Χριστοῦ.

446 507 755 572 Πλατύτερον
796 507 845 558 δὲ
885 509 990 573 περὶ
1032 507 1186 557 αὐτῶν
1230 508 1278 556 ἐν
1319 510 1385 575 τῷ
1428 505 1623 575 δευτέρῳ
1663 502 1957 571 διειληφότες

368 590 567 658 βιβλίῳ,
605 587 817 655 καθάπερ
858 589 940 639 οὖν
971 587 1061 652 ἤδη
1099 588 1397 654 προείπομεν,
1432 587 1486 637 οὐ
1525 584 1956 651 ταυτολογήσομεν,
1976 601 2002 639 5

371 670 587 739 ἑψόμεθα
612 670 660 721 δὲ
686 675 879 734 μᾶλλον
905 675 1000 724 τοῖς
1026 669 1215 739 ἐφεξῆς.

304 793 353 840 33
382 801 438 843 ‘O
476 803 690 844 Πιστεύων
728 799 789 843 εἰς
826 802 914 854 ἐμὲ,
953 803 1096 844 καθὼς
1134 798 1252 844 εἶπεν
1291 803 1314 844 ιῗι
1356 803 1514 860 Γραφὴ,
1550 801 1737 851 Ποταμοὶ
1773 802 1821 843 ἐκ
1857 805 1935 844 τῆς

668 885 833 927 κοιλίας
870 887 1000 928 αὑτοῦ
1041 886 1263 944 ῥεύσουσιν
1301 885 1457 928 ὕδατος,
1495 885 1665 943 ζῶντος.

333 966 356 993 ⁰
450 981 659 1048 Μακρᾶν
685 984 760 1033 καὶ
787 982 950 1050 ἀγήρω
976 986 1058 1047 τῆς
1083 984 1292 1038 πίστεως
1318 983 1600 1034 ἐπιδείκνυσι
1627 981 1712 1046 τὴν
1738 980 1958 1045 ἀμοιβὴν,

373 1065 450 1114 καὶ
487 1064 866 1119 πλουσιωτάτοις
898 1064 1211 1133 ἐντρυφήσειν
1244 1065 1512 1133 χαρίσμασι
1544 1069 1641 1118 τοῖς
1674 1062 1804 1129 παρὰ
1835 1067 1961 1114 Θεοῦ
1984 1086 2033 1111 10
2074 1070 2078 1080 '

372 1145 456 1197 τὸν
495 1146 578 1196 οὐκ
616 1145 899 1198 ἀπειθοῦντά
938 1151 1104 1216 φησιν.
1164 1147 1298 1198 ἔσται
1339 1146 1432 1213 γὰρ
1472 1148 1594 1197 οὕτω
1631 1150 1726 1196 τῶν
1765 1144 1840 1195 διὰ
1878 1150 1963 1195 τοῦ

376 1227 654 1291 Πνεύματος
680 1227 971 1294 δωρημάτων
998 1228 1261 1291 ἀνάπλεως,
1289 1231 1352 1282 ὡς
1385 1228 1451 1293 μὴ
1483 1227 1630 1292 μόνον
1656 1226 1739 1278 τὸν
1764 1228 1812 1277 ἐν
1839 1227 1965 1296 αὐτῷ

375 1308 768 1361 καταπιαίνεσθαι
813 1315 936 1373 νοῦν,
982 1311 1093 1362 ἀλλ’
1140 1309 1229 1374 ἤδη
1276 1312 1350 1361 καὶ
1395 1314 1496 1363 ταῖς
1540 1308 1710 1376 ἑτέρων
1756 1308 1965 1374 καρδίαις

376 1391 636 1457 ἐπικλύζειν
663 1391 910 1455 δύνασθαι,
936 1393 1168 1456 ποταμίου
1201 1392 1432 1459 ῥεύματος
1468 1393 1601 1455 δίκην
1627 1390 1680 1442 τὸ
1708 1390 1966 1441 θεόσδοτον

376 1472 557 1538 ἀγαθὸν
583 1476 659 1524 καὶ
684 1478 746 1527 εἰς
771 1474 854 1525 τὸν
879 1473 1031 1529 πέλας
1067 1473 1399 1541 ἐκβλύζοντας.
1453 1472 1567 1524 αὐτὸ
1603 1472 1660 1537 δὴ
1697 1478 1836 1524 τοῦτο
1870 1477 1966 1527 τοῖς
1989 1491 2036 1531 15

156 1552 316 1586 S.Matth.
391 1557 403 1570 ‘
452 1557 462 1573 Ι
570 1558 579 1572 ’
729 1556 739 1571 '
883 1558 893 1572 ’
944 1556 957 1572 f
1166 1557 1179 1574 ²
1290 1563 1318 1586 <c
1488 1555 1500 1572 “
1570 1557 1580 1572 ’
1634 1554 1647 1569 s
1920 1554 1931 1571 “

154 1608 188 1630 x.
208 1599 239 1630 ὃ.
377 1579 528 1622 αγιοις
554 1562 846 1610 αποστολοις
871 1579 1090 1608 επεταττε
1117 1564 1274 1622 λεγων
1336 1562 1534 1622 Δωρεαν
1559 1561 1769 1618 ελαβετε,
1790 1558 1967 1622 δωρεαν

333 1638 361 1680 d
379 1645 406 1668 ‘⁶
434 1637 578 1690 δότε.”
616 1638 801 1705 ἐνεργὸς
827 1637 876 1690 δὲ
902 1638 992 1704 ἤδη
1018 1643 1125 1706 περὶ
1151 1637 1264 1690 αὐτὸ
1291 1639 1513 1705 γενέσθαι
1537 1642 1701 1689 ποθῶν
1727 1637 1968 1692 καὶαῦτὸς

156 1713 285 1745 Rom.i
394 1720 405 1734 ‘
448 1724 468 1733 Α
524 1721 534 1734 ‘
685 1719 699 1735 Χ
824 1721 837 1738 ³
875 1723 885 1737 ε
946 1720 960 1736 ¹
1040 1723 1050 1737 ⁹
1179 1721 1190 1738 1
1417 1726 1435 1735 ⁶
1596 1720 1606 1735 ⁹
1820 1724 1839 1733 Α
1920 1719 1933 1736 ἱ

160 1767 210 1789 11·
288 1737 295 1746 ·
379 1744 490 1785 ημιν
515 1743 540 1770 ο
575 1724 732 1789 σοφος
764 1744 840 1772 και
874 1744 993 1788 ιερος
1028 1729 1299 1773 επιστελλει
1327 1724 1525 1774 Παῦλος
1551 1726 1578 1749 “
1613 1723 1843 1771 Επιποθω
1875 1742 1969 1785 γαρ

379 1809 408 1831 “
434 1805 544 1852 ἰδεῖν
571 1803 704 1866 ὑμᾶς,
730 1803 807 1854 ἵνα
831 1826 876 1854 τι
908 1806 1095 1868 μεταδῶ
1129 1801 1346 1871 χάρισμα
1380 1800 1742 1866 πνευματικόν.”
1783 1801 1896 1855 ’ίδοις
1923 1802 1966 1852 δ’

382 1883 442 1934 ἂν
480 1889 619 1935 τοῦτο
657 1883 854 1954 σφόδρα
892 1890 1052 1939 καλῶς
1089 1885 1138 1937 ε”ν
1177 1908 1225 1936 τε
1267 1889 1362 1939 τοῖς
1401 1885 1551 1950 ἁγίοις
1593 1884 1970 1949 εῦαγγελισταῖς,
1992 1908 2044 1934 20

381 1964 515 2016 ἀλλὰ
541 1969 616 2016 καὶ
643 1968 690 2017 ἐν
717 1972 814 2020 τοῖς
848 1968 1169 2033 εῦαγγελικοῖς
1202 1970 1285 2030 τῆς
1310 1967 1603 2030 Ἐκκλησίας
1638 1966 1968 2029 διδασκάλοις,

383 2047 426 2098 οἳ
463 2053 559 2101 τοῖς
600 2052 751 2099 ἰοῦσιν
786 2048 860 2100 ἐπὶ
895 2048 1113 2115 Χριστὸν
1149 2047 1224 2099 διὰ
1263 2051 1345 2112 τῆς
1383 2048 1603 2111 πίστεως,
1632 2049 1973 2116 ἀφθονώτατον

381 2132 466 2193 τῆς
516 2130 674 2181 ἐνθέου
726 2131 1036 2185 διδασκαλίας
1093 2130 1373 2198 προχεόντες
1430 2129 1597 2196 λόγον,
1649 2135 1973 2193 πνευματικῶς

343 2230 364 2257 e
383 2213 822 2281 κατευφραίνουσιν,
850 2213 1002 2263 οὐκέτι
1036 2212 1085 2263 δὲ
1117 2215 1266 2281 διψῆν
1293 2213 1616 2278 ἐπιτρέποντες
1641 2215 1725 2276 τῆς
1751 2213 1975 2276 ἀληθείας
2076 2280 2078 2284 v

381 2293 470 2358 τὴν
507 2298 703 2360 γνῶσιν,
742 2299 916 2362 σοφοῖς
958 2296 1002 2344 δ’
1044 2292 1211 2361 ὥσπερ
1256 2296 1304 2345 ἐν
1342 2293 1559 2362 ἠχήμασι
1601 2296 1854 2360 μονονουχὶ
1898 2295 1974 2345 καὶ
1997 2304 2077 2352 25³

382 2375 747 2442 λαρυγγίζοντες
786 2380 850 2430 εἰς
887 2374 974 2440 τὴν
1012 2380 1106 2427 τῶν
1143 2376 1492 2439 παιδευομένων
1531 2376 1740 2442 καρδίαν.
1807 2375 1878 2427 διὸ
1917 2375 1976 2441 δὴ

383 2458 560 2525 χαίρων
612 2459 636 2508 ὁ
687 2458 956 2528 ψαλμῳδὸς
1007 2461 1055 2509 ἐν
1102 2459 1331 2520 πνεύματι
1381 2460 1486 2524 περὶ
1542 2460 1697 2508 αὐτῶν
1749 2457 1976 2527 ἀνεφώνει

161 2537 311 2620 Ξ3·Χοῆ·
385 2548 412 2570 “
436 2541 653 2606 Ἐπῆραν
698 2544 741 2591 οἱ
789 2542 994 2605 ποταμοὶ
1042 2541 1199 2607 Κύριε,
1242 2542 1420 2606 ἐπῆραν
1465 2544 1507 2591 οἱ
1557 2542 1762 2603 ποταμοὶ
1814 2539 1977 2609 φωνὰς

434 2669 465 2692 2.
492 2658 532 2691 ἂν
547 2659 682 2701 μᾶλλον
700 2657 743 2692 Β.
761 2664 794 2692 et
812 2658 861 2692 sic
880 2658 1029 2703 conjecit
1046 2657 1141 2692 Aub.
1160 2658 1196 2691 in
1214 2658 1319 2692 notis.
1337 2658 1519 2702 ἀνωμάλων
1538 2657 1656 2692 Holst.
1674 2656 1743 2691 Ed.
1852 2667 1906 2691 12.
1933 2657 1978 2691 ὡς

385 2716 416 2739 a.
436 2706 526 2739 ὥστε
548 2704 612 2738 Ht.
632 2703 699 2738 Ed.
750 2705 929 2739 Neutrum
948 2705 1053 2739 habet
1073 2705 1114 2740 B.
1271 2716 1323 2747 13.
1350 2706 1410 2740 τὰς
1427 2705 1551 2750 ἑτέρων
1569 2704 1706 2749 καρδίας
1722 2715 1752 2737 a.
1775 2702 1853 2737 Cat.
1878 2703 1977 2737 Harl.

390 2762 443 2795 15.
471 2751 696 2793 ἐκβλὺζοντας
716 2751 792 2786 Βλι.
814 2752 878 2786 Ht.
897 2752 1121 2794 ἐκβλῦζοντος
1138 2750 1233 2786 Aub.
1252 2763 1269 2785 e
1289 2751 1368 2786 Cat.
1556 2760 1609 2796 17.
1635 2751 1772 2795 ἐνεργὸς
1789 2750 1918 2784 retinui
1935 2762 1978 2783 ex

386 2797 630 2831 emendatione
657 2798 751 2832 Aub.
782 2798 841 2844 qui
871 2799 908 2832 in
938 2800 1030 2832 notis
1062 2799 1108 2833 ita
1139 2798 1219 2832 dat:
1256 2798 1291 2831 in
1320 2804 1418 2832 textu
1446 2804 1575 2841 autem,
1602 2809 1663 2842 per
1692 2797 1779 2841 preli
1808 2797 1978 2841 sphalma,

387 2845 517 2890 ἐνεργὰ.
537 2844 735 2889 ἐνεργοῦσιν
755 2845 796 2879 Β.
815 2845 972 2891 ἐνεργοὺς
992 2845 1055 2879 Ht.
1266 2856 1319 2889 19.
1346 2845 1518 2890 χάρισμα]
1541 2849 1577 2885 -Ι-
1599 2845 1677 2888 ὑμῖν
1694 2843 1788 2878 Aub.
1807 2843 1916 2877 invito
1936 2843 1978 2877 Β.

388 2912 416 2946 δ’
436 2913 476 2946 ἂν
494 2912 597 2946 edidi.
615 2891 680 2957 '5¹27'
701 2913 743 2947 B.
762 2912 790 2946 δ’
808 2913 849 2947 ἂν
865 2914 931 2959 γὰρ
951 2913 1017 2947 Ed.
1151 2925 1206 2948 22.
1231 2912 1262 2947 οἳ
1279 2915 1351 2949 τοῖς
1371 2914 1411 2947 Β.
1431 2912 1551 2949 οἵτινες
1572 2913 1636 2947 Hb.
1657 2912 1723 2947 Ed.
1862 2921 1917 2954 25.
1944 2910 1980 2945 ἐν

388 2957 540 3004 ἠχήμασι
558 2959 746 2995 edidimus.
766 2960 821 3004 ε’νὴ
839 2960 991 3005 χὴμασιν
1012 2960 1052 2995 Β.
1072 2961 1107 2996 ἐν
1124 2960 1282 3006 σχήμασι
1305 2960 1367 2995 Ht.
1387 2960 1454 2995 Ed.
