2084 3317
115 175 316 233 i.32,33.
368 179 444 219 IN
487 180 527 222 s,
561 179 897 220 JOANNEM.
959 179 1082 219 ΜΒ.
1117 179 1178 219 H.
1240 178 1374 218 CAP.
1410 178 1444 218 1.
1621 177 1702 216 179

115 287 342 352 σχηκώς;
389 292 426 337 εὶ
452 288 500 338 δὲ
527 293 671 339 κεῖται
704 288 895 342 πάντως
928 290 976 338 ἐν
1002 286 1237 353 ἑτερότητι
1274 289 1455 355 φυσικῇ
1491 288 1549 352 τῇ
1583 285 1702 350 πρὸς

115 367 316 432 ἄλληλα
355 368 415 420 τὰ
455 370 685 436 εἰρημένα,
718 373 794 420 καὶ
829 369 1059 433 διατέμνει
1095 370 1239 434 λόγος
1274 371 1524 433 ἀναγκαῖος
1561 366 1698 427 αὐτὰ,

115 449 367 514 ὁράτωσαν
393 455 434 502 οὶ
471 453 520 502 ἐκ
554 455 756 519 μετοχῆς
791 451 846 502 τὸ
874 455 1071 514 Πνεῦμα
1098 451 1302 503 διδόντες
1327 453 1393 519 τῷ
1422 453 1699 513 Μονογενεῖ,

114 529 233 596 πρὸς
272 531 393 596 ὅσην
431 534 873 587 κατολισθαίνοντες
911 535 1134 594 ἀσέβειαν
1172 534 1254 583 οὐκ
1292 531 1612 582 αἰσθάνονται,
1666 534 1703 580 εἱ

72 633 94 671 5
115 611 209 679 γὰρ
233 612 430 682 μέτοχός
462 617 566 666 ἐστι
600 621 684 666 τοῦ
711 614 986 679 Πνεύματος
1013 617 1038 665 ὁ
1065 615 1194 678 Υἱὸς,
1219 613 1354 680 ἅγιον
1381 614 1429 663 δὲ
1464 617 1521 681 τῇ
1559 613 1701 681 φύσει
1721 623 1747 663 (1

114 693 168 745 τὸ
198 697 394 760 Πνεῦμά
419 699 563 760 ἐστιν,
592 699 675 748 οὐκ
701 698 836 749 ἔσται
863 696 982 748 κατὰ
1008 698 1160 766 φύσιν
1184 696 1317 762 ἅγιος
1341 695 1492 757 αὐτὸς,
1520 696 1702 763 ἐδείχθη

116 776 164 827 δὲ
198 783 337 829 τοῦτο
369 777 509 842 μόλις
543 783 600 847 τῇ
637 779 756 845 πρὸς
788 779 945 846 ἕτερον
971 784 1247 847 συμπλοκῇ,
1272 779 1390 845 πρὸς
1426 778 1480 829 τὸ
1516 779 1704 841 ἄμεινον

114 856 143 921 ἢ
180 860 228 908 ἐν
260 858 428 927 οἷσπερ
463 860 520 925 ἧν
546 864 669 929 ἀρχῇ
703 861 822 912 κατὰ
856 861 995 929 χάριν
1025 861 1535 929 μεταστοιχειούμενος.
1591 858 1702 910 ἀλλ’

115 939 270 1004 ὁράτω
305 942 454 993 πάλιν
488 944 514 993 ὁ
551 943 795 1011 θεομάχος,
823 947 885 996 εἷς
921 944 1043 1007 ὅσην
1074 945 1200 1012 αὐτῷ
1234 943 1522 1004 δυσσέβειαν
1554 965 1700 992 κατα-

49 1043 96 1067 10
116 1023 312 1091 στρέφει
350 1023 410 1074 τὰ
447 1025 786 1090 προβλήματα.
849 1030 1038 1091 πρῶτον
1076 1023 1161 1088 μὲν
1200 1024 1294 1090 γὰρ
1337 1024 1597 1076 ἀλλοίωσίς
1638 1046 1705 1076 τις

115 1106 190 1154 καὶ
216 1105 382 1171 τροπὴ,
410 1105 620 1173 καθάπερ
647 1107 735 1171 ἤδη
760 1112 999 1173 προεῖπον,
1019 1109 1124 1173 περὶ
1150 1106 1232 1158 τὸν
1254 1105 1372 1157 Υὶὸν
1395 1105 1706 1173 εὑρεθήσεται,

115 1187 395 1242 ἀλλοιωθεῖς
421 1187 470 1239 δὲ
498 1190 604 1239 καθ’
636 1191 752 1252 ὑμᾶς
789 1191 864 1239 καὶ
897 1188 1150 1258 προκόψας
1187 1191 1260 1240 ἐπὶ
1297 1189 1350 1239 τὸ
1388 1189 1590 1252 ἄμεινον,
1619 1189 1706 1255 οὐχ

116 1267 242 1322 ὅπως
268 1269 477 1321 ἐλάττων
503 1273 605 1322 ἐστὶ
632 1277 715 1322 τοῦ
743 1270 949 1337 Πατρός,
970 1273 1079 1322 ἀλλ’
1109 1272 1197 1336 ἤδη
1224 1295 1324 1325 πως
1351 1273 1426 1322 καὶ
1451 1273 1500 1322 ἐν
1525 1270 1705 1336 μείζοσι
1721 1289 1745 1314 e

116 1351 320 1417 γεγονὼς
372 1353 690 1420 δειχθήσεται·
748 1356 824 1404 καὶ
870 1354 1011 1416 ὅπως,
1054 1355 1260 1419 ἐροῦμεν,
1305 1353 1399 1404 ἀπὸ
1450 1356 1533 1417 τῆς
1582 1353 1707 1406 θείας

47 1445 94 1483 15
115 1433 348 1494 λαβόντες
392 1438 597 1504 γραφῆς.
670 1437 695 1486 ὁ
739 1437 994 1490 θεσπέσιος
1040 1440 1238 1490 Παῦλος
1278 1437 1382 1501 περὶ
1429 1436 1571 1486 αὑτοῦ
1615 1457 1707 1485 που

117 1518 248 1583 φησί
281 1521 486 1568 “Τοῦτο
528 1522 741 1585 φρονεῖτε
781 1519 981 1572 ἕκαστος
1021 1519 1069 1568 ἐν
1111 1520 1219 1581 ὑμῖν
1258 1519 1426 1580 αὐτοῖς,
1467 1516 1491 1568 ὃ
1537 1520 1612 1567 καὶ
1659 1518 1708 1567 ἐν
1769 1513 1905 1597 ἔξω·

116 1604 144 1626 “
168 1601 370 1667 Χριστῷ
394 1600 571 1663 Ἰησοῦ,
594 1598 643 1653 ὃς
669 1601 718 1650 ἐν
743 1604 908 1668 μορφῇ
937 1604 1062 1651 Θεοῦ
1090 1599 1316 1667 ὑπάρχων
1337 1601 1425 1667 οὐχ
1453 1597 1707 1666 ἁρπαγμὸν

115 1687 143 1709 “
169 1679 386 1745 ἡγήσατο
420 1681 474 1732 τὸ
508 1680 622 1732 εἶναι
657 1681 742 1733 ’ίσα
777 1685 903 1751 Θεῷ,
938 1683 1049 1732 ἀλλ’
1084 1682 1248 1733 ἑαυτὸν
1282 1682 1479 1733 ἐκένωσε-
1515 1680 1707 1751 μορφὴν

116 1768 143 1791 “
170 1762 342 1814 δούλου
388 1764 570 1827 λαβὼν,
615 1766 663 1815 ἐν
707 1764 963 1828 ὁμοιώματι
1015 1764 1278 1830 ἀνθρώπων
1322 1764 1586 1830 γενόμενος,
1629 1767 1708 1816 καὶ

46 1860 96 1886 20
116 1850 143 1874 ‘⁶
169 1843 382 1911 σχήματι
417 1848 615 1911 εὑρεθεὶς
652 1848 713 1900 ὡς
749 1847 997 1913 ἅνθρωπος
1032 1847 1346 1898 ἐταπείνωσεν
1379 1845 1588 1898 ἑαυτόν·”
1631 1845 1747 1898 b'rea
1781 1862 1862 1896 120
1879 1860 1930 1895 A.

114 1926 269 1977 τοίνυν
294 1929 369 1978 καὶ
394 1927 488 1995 πρὸ
514 1928 598 1992 μὲν
624 1931 706 1993 τῆς
732 1928 1132 1995 ε’νανθρωπήσεως
1158 1927 1216 1992 ἧν
1241 1930 1289 1979 ἐν
1314 1932 1478 1997 μορφῇ
1503 1930 1579 1979 καὶ
1606 1927 1708 1979 ἶσό-

114 2030 218 2072 τητι
243 2015 326 2060 τοῦ
354 2008 558 2076 Πατρὸς,
587 2009 707 2061 κατὰ
734 2011 782 2061 δὲ
805 2010 888 2062 τὸν
914 2014 995 2075 τῆς
1023 2010 1425 2077 ἐνανθρωπήσεως
1457 2010 1628 2078 χρόνον
1653 2010 1708 2061 τὸ

117 2093 315 2154 Πνεῦμα
348 2091 518 2152 λαβὼν
543 2093 600 2161 ἐξ
633 2093 832 2159 οὐρανοῦ
871 2092 1082 2159 ἡγιάσθη
1119 2094 1216 2144 κατ’
1245 2093 1454 2154 ἐκείνους,
1487 2094 1709 2159 κρείττων

114 2195 165 2223 τε
215 2172 313 2237 ἅμα
364 2176 440 2225 καὶ
489 2175 656 2241 μείζων
701 2177 866 2226 ἑαυτοῦ
913 2174 990 2226 διὰ
1033 2176 1208 2240 ταύτην
1250 2176 1577 2243 ἀναπέφανται
1622 2174 1708 2238 τὴν

48 2270 95 2309 25
115 2255 280 2318 αἰτίαν,
317 2257 551 2324 ὑπεραίρει
589 2256 811 2322 δηλονότι
849 2256 1021 2308 λοιπὸν
1060 2259 1134 2308 καὶ
1174 2256 1228 2308 τὸ
1267 2262 1350 2308 τοῦ
1388 2257 1708 2322 γεννήσαντος

112 2336 296 2403 μέτρον.
354 2341 428 2389 καὶ
468 2342 504 2389 εἰ
543 2336 598 2390 τὸ
631 2343 828 2402 Πνεῦμα
867 2338 1035 2399 λαβών
1069 2342 1131 2393 εἷς
1170 2338 1222 2390 τὸ
1263 2338 1588 2405 ὑπερεπέκεινα
1625 2343 1708 2388 τοῦ

118 2419 310 2486 Πατρὸς
347 2420 643 2485 ἀναβεβηκεν
678 2421 879 2490 ἀξίωμα,
910 2426 1119 2487 κρεῖττον
1150 2421 1242 2488 ἄρα
1280 2423 1382 2471 ἐστὶ
1421 2419 1474 2471 τὸ
1511 2424 1706 2482 Πνεῦμα

116 2502 192 2550 καὶ
228 2502 371 2552 αὑτοῦ
406 2507 489 2553 τοῦ
519 2501 724 2569 Πατρός,
751 2502 837 2567 τὴν
870 2505 968 2554 κατ’
998 2504 1140 2554 αὐτοῦ
1175 2507 1240 2571 τῷ
1266 2507 1367 2571 Υἱῴ
1402 2502 1705 2569 χαριζόμενον
1722 2516 1749 2556 b

116 2581 366 2650 ὑπεροχήν.
429 2585 499 2637 τίς
532 2584 614 2634 οὖν
645 2585 737 2651 ἄρα
772 2586 848 2635 καὶ
883 2585 1002 2651 πρὸς
1034 2584 1184 2649 μόνην
1218 2586 1301 2635 οὐκ
1336 2583 1589 2650 ἀποφρίξει
1621 2582 1707 2646 τὴν

48 2686 98 2722 30
115 2663 291 2728 ἀκοήν;
337 2665 551 2732 χαλεπὸν
587 2665 673 2730 μὲν
711 2665 804 2733 γὰρ
844 2666 989 2721 ὅντως
1030 2670 1105 2718 καὶ
1143 2666 1198 2717 τὸ
1237 2666 1313 2717 διὰ
1352 2670 1446 2716 τῶν
1485 2665 1708 2716 τοιούτων

165 2853 197 2876 2.
223 2843 410 2888 ἀναγκαίως
430 2842 472 2877 Β.
666 2856 719 2890 13.
744 2845 822 2879 ἀλλ’
842 2845 921 2891 ἤδη]
941 2846 1042 2880 ἀλλεῖ
1061 2846 1103 2879 Β.
1298 2844 1349 2879 16.
1377 2845 1535 2889 φρονεῖτε
1557 2844 1598 2878 Β.
1617 2846 1706 2889 φρο-

117 2889 212 2923 νείτω
232 2889 298 2923 Ed.
363 2890 477 2925 αὐτοῖς
501 2898 724 2936 assumptum
749 2904 790 2926 ex
819 2892 860 2926 B.
887 2893 931 2927 cf.
957 2893 1048 2926 infra
1077 2903 1136 2926 121
1159 2904 1189 2932 a,
1220 2892 1284 2936 185
1303 2903 1341 2932 e;
1369 2891 1413 2925 ad
1442 2891 1564 2925 Herm.
1589 2902 1657 2933 404
1676 2903 1705 2931 e,

119 2936 185 2980 718
199 2936 243 2976 b;
271 2936 314 2969 de
331 2942 423 2970 recta
441 2936 508 2970 fide
530 2948 590 2979 141
606 2937 641 2972 b.
787 2950 841 2973 21.
869 2939 922 2973 καὶ
939 2939 1037 2984 prius
1055 2944 1277 2983 assumptum
1295 2950 1336 2972 ex
1358 2937 1399 2972 B.
1544 2948 1599 2980 24.
1626 2938 1705 2972 ἀνα-

117 2981 267 3026 πέφαται
287 2983 333 3016 D.
458 2983 512 3017 28.
539 2986 598 3018 τοῦ
615 2996 684 3019 om.
705 2985 838 3030 Migne.

855 3054 880 3079 A
903 3055 924 3079 a
950 3053 969 3080 2
