2084 3317
145 143 170 183 i.
189 155 345 198 49—51.
403 143 476 183 IN
518 143 561 182 S.
596 141 934 182 JOANNEM.
997 141 1121 181 LIB.
1155 141 1215 180 ΙΙ.
1278 140 1412 181 CAP.
1446 141 1482 180 I.
1654 142 1735 181 199

145 250 360 318 φιλόθεοι
399 251 568 318 ψυχαί.
633 252 824 301 ὑπονοεῖ
855 249 902 300 δὲ
942 249 1057 303 ’ίο-ως
1099 248 1230 315 παρὰ
1265 248 1511 300 Φιλίππου
1551 270 1595 298 τι
1635 249 1731 298 κατ’

144 332 286 384 αὐτὸν
311 335 541 400 δεδεῖχθαι
564 332 647 383 τὸν
677 332 868 398 Κύριον.

144 491 234 547 Πρὸ
271 494 345 532 τοῦ
384 507 430 533 σε
469 489 684 532 Φίλιππον
723 495 922 547 φωνῆσαι
967 490 1070 533 ὄντα
1114 490 1197 532 ὑπὸ
1237 490 1314 531 τήν
1353 490 1483 532 mmm
1522 485 1635 532 εἶδόν
1674 493 1783 533 &ed

209 608 427 661 ’Έλυσεν
465 612 591 680 αὐτῷ
630 609 714 674 τὴν
754 610 975 661 ὑπόνοιαν
1014 611 1039 660 ὁ
1080 609 1262 676 Σωτὴρ,
1298 612 1372 660 καὶ
1413 608 1493 673 πρό
1532 613 1614 673 τῆς
1653 616 1737 660 τοῦ

102 695 381 743 5Φιλίππου
431 692 722 761 συντεύξεώς
773 714 824 742 τε
874 694 948 742 καὶ
1001 692 1188 756 ὁμιλίας·
1238 692 1486 758 ἑωρακέναι
1532 691 1737 759 φάσκων

146 773 287 824 αὐτὸν
313 778 396 826 ὑπὸ
427 774 494 833 τὴν
522 774 666 836 συκῗην,
694 775 842 824 καίτοι
867 772 932 838 μὴ
958 772 1122 840 παρῶν
1147 778 1214 843 τῷ
1239 774 1444 835 σώματι.
1490 773 1736 841 χρησίμως

144 878 192 906 τε
236 855 430 925 σφόδρα
469 859 544 907 καὶ
583 857 610 920 ἡ
651 855 775 919 συκὴ
818 859 892 906 καὶ
939 857 963 906 ὁ
1008 855 1151 909 τόπος
1197 854 1485 922 ὀνομάζεται,
1526 855 1612 919 τὴν
1653 860 1736 906 τοῦ

144 941 464 1004 τεθεωρῆσθαι
499 938 664 989 πίστιν
700 936 842 989 αὐτὸν
872 937 1162 1003 ἐγγυώμενα·
1206 938 1231 987 ὁ
1270 935 1364 1002 γὰρ
1402 938 1609 1001 ἀκριβῶς
1648 937 1736 1001 ἤδη

145 1019 309 1081 μαθὼν
335 1022 411 1071 καὶ
437 1019 492 1071 τὸ
518 1018 610 1070 σὺν
638 1020 776 1089 αὐτῷ,
803 1020 997 1082 ἑτοίμως
1024 1018 1082 1069 ἂν
1108 1018 1413 1088 παρεδέξατο.
1757 1041 1778 1066 e

78 1206 126 1230 10
178 1191 340 1243 Ῥαββί,
379 1193 426 1234 σὺ
466 1188 505 1234 εἶ
541 1193 563 1234 ὁ
602 1191 690 1235 υἱὸς
728 1195 801 1233 τοῦ
841 1192 965 1243 Θεοῦ,
1003 1192 1051 1234 σὺ
1091 1191 1289 1241 βασιλεὺς
1326 1186 1365 1232 εἶ
1399 1194 1474 1233 τοῦ
1505 1190 1698 1247 Ἰσραήλ.
1759 1204 1810 1242 50

221 1311 336 1364 Οῗδε
374 1312 519 1376 μόνον
552 1312 665 1363 ὄντα
701 1316 901 1379 καρδιῶν
933 1311 1178 1378 ἐρευνητὴν
1211 1310 1294 1362 τὸν
1329 1310 1468 1374 Θεὸν,
1499 1312 1647 1362 οὐδενὶ
1689 1310 1738 1361 δὲ

145 1395 285 1465 ἑτέρῳ
312 1400 406 1446 τῶν
433 1396 694 1461 ἀνθρώπων
720 1396 914 1445 δίδωσιν
940 1393 1284 1462 ἐξεπίστασθαι
1311 1399 1434 1456 νοῦν,
1455 1392 1509 1443 τὸ
1535 1394 1583 1443 ἐν
1603 1396 1738 1461 ψαλ-

145 1482 249 1540 μοῖς
284 1479 428 1528 ἐκεῖνο
467 1476 586 1528 κατὰ
625 1475 679 1528 τὸ
719 1475 839 1530 εἰκὸς
878 1475 1217 1540 ἐνθυμούμενος
1250 1483 1275 1504 “
1302 1475 1513 1542 Ἐτάζων
1545 1474 1737 1541 καρδίας
1799 1480 1926 1554 {ng-12.

146 1567 173 1590 ‘⁶
199 1562 276 1610 καὶ
304 1557 502 1627 νεφροὺς
531 1560 556 1610 ὁ
584 1558 748 1613 Θεός.”
804 1561 865 1612 ὡς
900 1556 993 1624 γὰρ
1030 1558 1181 1608 οὐδενὶ
1215 1561 1311 1608 τῶν
1337 1557 1505 1608 ἄλλων
1530 1556 1734 1623 προσὸν,
1847 1548 1854 1554 ’

81 1663 126 1700 15
145 1641 266 1710 μόνῃ
302 1646 359 1710 τῇ
395 1643 496 1710 θείᾳ
531 1640 675 1708 φύσει
714 1643 789 1691 καὶ
825 1647 964 1691 τοῦτο
1001 1639 1240 1709 ἐξαίρετον
1266 1641 1290 1690 ὁ
1323 1638 1536 1708 μελῳδὸς
1567 1640 1735 1690 ἀνατέ-
1756 1662 1778 1687 a
1815 1653 1896 1689 134
1910 1653 1961 1687 A.

146 1728 310 1775 θεικεν.
364 1725 531 1774 οὐκοῦν
567 1726 614 1773 ἐν
646 1722 912 1790 ἀφθόγγοις
951 1723 1017 1772 ε”τι
1055 1726 1365 1790 ψιθυρισμοῖς
1399 1720 1484 1785 τὴν
1518 1719 1741 1772 ὑπόνοιαν

147 1808 272 1875 αὐτῷ
311 1805 640 1875 στρεφομένην
674 1803 793 1855 κατὰ
831 1804 913 1855 τὸν
949 1810 1057 1855 νοῦν
1093 1804 1280 1870 ἐπείπερ
1316 1804 1435 1869 ε”γνω
1476 1807 1741 1869 θεωροῦντα

145 1887 229 1939 τὸν
266 1887 457 1953 Κύριον,
484 1886 777 1937 διδάσκαλον
808 1886 892 1949 μὲν
923 1885 1056 1939 εὐθὺς
1092 1887 1337 1948 ἀποκαλεῖ,
1363 1885 1618 1951 προθύμως
1652 1885 1741 1948 ἤδη

145 1969 231 2034 τὴν
272 1971 345 2021 ὑπ’
388 1971 513 2039 αὐτῷ
551 1970 806 2033 μαθητείαν
845 1968 1111 2029 εἷσβαίνων,
1149 1969 1262 2019 Θεοῦ
1301 1967 1349 2018 δὲ
1387 1968 1480 2018 Τὶὶν
1520 1969 1748 2033 ὁμολογεῖ

79 2076 130 2102 20
147 2053 223 2103 καὶ
249 2052 456 2111 βασιλέα
480 2054 553 2103 τοῦ
579 2050 773 2119 Ἰν-ροιῆλ,
801 2048 926 2120 ᾧπερ
954 2049 1010 2100 ἂν
1038 2049 1290 2117 ἐνυπάρχοι
1325 2048 1385 2100 τὰ
1415 2052 1496 2113 τῆς
1524 2049 1742 2114 θεότητος

147 2134 253 2195 ἰ’δια,
280 2140 448 2185 τοῦτον
473 2132 586 2184 εἶναι
611 2133 800 2186 πάντως
833 2135 908 2183 καὶ
945 2130 1065 2183 κατὰ
1102 2132 1253 2200 φύσιν
1280 2130 1406 2183 Θεὸν
1434 2132 1742 2187 εὐπαιδεύτως

147 2217 560 2280 διαβεβαιούμενος
568 2257 577 2266 .

1759 2293 1785 2333 b

178 2376 278 2417 “On
317 2371 436 2419 εἶπόν
475 2390 540 2417 σοι
577 2376 642 2417 ὅτι
683 2371 807 2418 Εἶὸόν
846 2390 892 2416 σε
929 2375 1135 2416 ὑποκάτω
1173 2379 1246 2416 τῆς
1285 2378 1425 2425 συκῆς,
1464 2374 1702 2425 Πιστεύειες
1762 2382 1807 2420 51

706 2458 833 2515 μείζω
869 2459 1034 2500 τούτων
1073 2458 1186 2508 ὄψει.

81 2592 129 2629 25
221 2579 622 2647 Ἀσφαλέστερος
667 2579 754 2646 ἔσῃ
798 2579 918 2645 πρὸς
958 2580 1137 2640 πίστιν,
1179 2578 1344 2642 φησὶν,
1387 2576 1500 2627 ὅταν
1541 2574 1640 2643 ἰ’δῃς
1682 2574 1741 2625 τὰ

201 2726 229 2748 1.
248 2714 340 2758 παρὰ
360 2713 401 2747 B.
419 2714 483 2747 ὑπὸ
503 2713 568 2747 Ed.
619 2728 651 2746 τι
671 2713 712 2746 Β.
732 2714 772 2747 τὰ
792 2713 857 2747 Ed.
957 2723 988 2746 2.
1007 2714 1066 2746 τὸν
1083 2712 1208 2756 Κύριον
1227 2711 1307 2744 B.D
1323 2722 1394 2754 mg.
1413 2712 1458 2756 τῷ
1478 2709 1591 2754 Κυρίῳ
1612 2709 1656 2742 D.
1673 2708 1739 2742 Ed.

150 2772 183 2806 3.
212 2761 407 2794 Praemittit
423 2758 605 2803 Ἀπεκρίθη
623 2759 756 2803 Ἰησοῦς
775 2760 828 2793 καὶ
846 2757 938 2793 εἶπεν
956 2760 1045 2805 αὐτῷ
1065 2758 1132 2793 Ed.
1151 2758 1260 2792 invito
1281 2757 1322 2790 B.
1475 2766 1507 2800 5.
1534 2757 1680 2800 φάσκων
1699 2755 1739 2788 Β.

150 2808 261 2852 λέγων
279 2806 346 2840 Ed.
451 2806 484 2839 6.
510 2807 570 2849 τὴν
587 2813 810 2851 assumptum
828 2818 869 2840 ex
890 2806 930 2840 B.
1037 2818 1070 2850 9.
1098 2806 1162 2839 σὺν
1182 2805 1294 2838 αὐτοῖς
1313 2803 1355 2836 Β.
1466 2813 1518 2836 10.
1549 2802 1742 2835 praemittit

0 2855 1 2910 1
149 2854 332 2897 Ἀπεκρίθη
355 2853 536 2908 Ναθαναὴλ
561 2851 613 2886 καὶ
635 2853 727 2897 λέγει
750 2854 838 2898 αἰτῷ
858 2852 923 2886 Ed.
942 2852 1052 2886 invito
1072 2852 1114 2885 Β.
1191 2852 1358 2889 βασιλεὺς
1374 2846 1408 2883 εἶ
1425 2847 1742 2906 Β..εἶ“ὁ’βιισιλεὺς

0 2917 2 2934 ι
153 2901 219 2935 Ed.
360 2911 412 2933 12.
438 2914 503 2932 των
519 2899 703 2942 ἀνθρώπων
723 2899 763 2933 Β.
781 2901 839 2933 τὸν
856 2899 1034 2943 ἀνθρώπου
1053 2898 1119 2931 Ed.
1265 2907 1319 2931 2⁶.
1348 2897 1542 2930 Praemxt‘mt
1573 2895 1741 2940 Απεκριθη

152 2946 286 2991 Ἰησοῦς
305 2947 356 2980 καὶ
375 2945 466 2980 εἶπεν
483 2946 570 2990 αὐτῷ
591 2945 656 2979 Ed.
676 2946 785 2979 invito
806 2946 846 2978 B.
993 2956 1047 2986 24.
1075 2945 1194 2987 μείζων
1215 2943 1255 2976 Β.
