2084 3317
340 170 421 211 130
739 167 790 207 Β.
823 164 1095 206 CYRILLI
1136 162 1518 204 ALEXANDR.
1807 159 1834 200 i.
1861 171 1925 199 11.

118 295 266 332 Es.v.4.
338 275 585 340 “’Έμεινα
619 281 701 327 τοῦ
736 277 935 338 ποιῆσαι
972 271 1245 342 σταφυλὴν,
1273 272 1465 336 ἐποίησε
1496 269 1545 321 δὲ
1576 265 1829 321 ἀκάνθας.”
1872 264 1931 330 ἦν

337 357 432 426 γὰρ
471 358 618 412 ὅντως
657 358 682 409 ὁ
719 362 803 408 τοῦ
840 355 1144 424 πεφωτίσθαι
1181 351 1376 419 καρπὸς,
1414 353 1442 416 ἡ
1483 350 1665 416 ἀληθὴς
1702 372 1810 416 περι
1847 353 1931 399 τοῦ

340 444 644 506 Μονογενοῦς
670 437 913 505 διάληψις,
938 434 1170 503 σταφυλή
1195 457 1264 487 τις
1290 456 1454 500 ωσπερ
1481 432 1766 497 κληματίδος
1794 430 1928 499 ἐξηρ-

339 521 527 586 τημένη,
555 523 637 583 τῆς
663 517 914 585 ἀνθρώπου
941 517 1146 569 διανοίας
1172 517 1309 584 φημὶ,
1339 536 1414 564 και
1441 514 1546 582 οὐχὶ
1576 537 1630 564 το
1657 512 1878 573 ἐναντίον,
1905 510 1934 574 ἡ

341 606 404 657 εἰς
459 600 698 654 πολύθεον
749 599 960 649 ἕλκουσα
1016 596 1207 661 πλάνην
1258 595 1476 657 ἀβουλία,
1525 594 1680 663 ὀξείας
1730 591 1976 656 ἀκάνθης5

342 684 488 747 δίκην,
527 683 575 733 ἐν
614 681 723 745 ἡμῖν
761 678 1100 731 ἀνατέλλουσα
1137 679 1213 729 καὶ
1252 675 1538 741 πλήττουσα
1575 673 1694 742 πρὸς
1732 674 1936 726 θάνατον

342 769 443 818 ταῖς
478 761 679 816 ἀπάταις
712 761 794 813 τὸν
830 765 952 813 νοῦν.

124 904 248 941 89A.
307 915 328 938 a

280 1011 323 1036 11
482 993 551 1036 Εἰς
589 996 639 1035 τά
681 991 767 1035 ἴδια
806 990 923 1043 ἦλθε,
964 992 1033 1033 καὶ
1070 990 1108 1033 οἱ
1148 989 1249 1033 ἴδιοι
1287 991 1415 1033 αὐτὸν
1452 990 1500 1031 οὐ
1539 989 1798 1046 Παρὲλαβον.

418 1136 668 1187 Ἐπιτείνει
702 1133 789 1199 τὴν
816 1133 1083 1200 ἀπολογίαν
1109 1134 1134 1184 ὁ
1169 1130 1533 1198 Εὐαγγελιστὴς
1568 1135 1651 1182 τοῦ
1685 1129 1750 1194 μὴ
1786 1130 1935 1195 ἐγνω-

345 1218 472 1269 κέναι
499 1215 582 1268 τόν
608 1215 793 1279 κόσμον
818 1214 901 1266 τὸν
928 1213 1192 1283 φωτίζοντα
1227 1212 1381 1276 αὐτὸν,
1409 1212 1626 1264 τουτέστι
1658 1210 1742 1263 τὸν
1770 1214 1934 1261 Μονο-
1962 1231 2010 1256 10

344 1302 473 1365 γενῆ,
500 1300 576 1351 καὶ
603 1297 698 1349 ἀπὸ
730 1300 812 1361 τῆς
842 1297 1053 1365 χείρονος
1079 1300 1174 1347 τῶν
1201 1295 1258 1364 ἐξ
1278 1292 1484 1362 Ἰσραὴλ
1509 1294 1752 1361 ἁμαρτίας,
1778 1294 1854 1343 καὶ
1880 1290 1941 1343 τὰ

343 1386 440 1432 τῶν
474 1383 621 1431 ἐθνῶν
652 1378 933 1445 ἐγκλήματα
969 1378 1214 1445 κρατύνειν
1239 1378 1483 1443 ἐπείγεται,
1509 1379 1585 1428 καὶ
1617 1375 1703 1441 τὴν
1736 1372 1937 1438 ἐπισκή-

343 1466 521 1532 ψασαν
553 1465 620 1531 τῷ
654 1461 822 1530 κόσμῳ
858 1462 1001 1512 παντὶ
1036 1460 1325 1524 δυσμαθείας
1359 1481 1410 1510 τε
1448 1460 1565 1522 ὁμοῦ
1599 1459 1675 1509 καὶ
1707 1456 1943 1510 ἀπειθείας

343 1543 614 1596 ἐπιδεικνύει
658 1541 821 1595 νόσον.
900 1540 1180 1611 εὖαφόρμως
1228 1540 1277 1591 δὲ
1322 1541 1432 1592 λίαν
1476 1544 1539 1594 εἰς
1584 1538 1667 1591 τὸν
1711 1540 1824 1606 περὶ
1859 1541 1944 1603 τῆς

301 1624 749 1691 ὺένανθρωπήσεως
790 1623 1055 1675 εἰσελαύνει
1093 1622 1257 1689 λόγον,
1297 1625 1374 1673 καὶ
1419 1622 1638 1688 καθέρπει
1680 1618 1852 1673 λοιπὸν
1889 1619 1948 1689 ἐξ
1966 1636 2013 1675 15

347 1706 554 1774 ἀκράτου
581 1707 844 1772 θεολογίας,
865 1710 926 1761 εἰς
952 1704 1184 1774 ἐξήγησιν
1210 1704 1475 1768 οἰκονομίας
1498 1707 1582 1768 τῆς
1605 1702 1724 1768 μετὰ
1749 1700 1943 1770 σαρκὸς,

348 1790 407 1853 ἣν
433 1787 693 1852 ἐποιήσατο
728 1789 784 1839 δι’
813 1789 934 1852 ἡμᾶς
960 1789 984 1838 ὁ
1011 1788 1141 1841 Υἱός.
1196 1786 1475 1850 θαυμαστὸν
1501 1785 1594 1852 γὰρ
1630 1784 1776 1848 οὐδὲν,
1804 1788 1842 1835 εἱ
1877 1783 1943 1849 μὴ

350 1872 486 1938 ἔγνω,
527 1871 694 1939 φησὶν,
733 1871 758 1921 ὁ
805 1869 987 1934 κόσμος
1029 1869 1112 1920 τὸν
1153 1871 1420 1934 Μονογενῆ,
1459 1871 1543 1933 τῆς
1585 1865 1672 1932 μὲν
1708 1865 1944 1936 ἀνθρώπῳ

127 1967 220 2041 {fv-fii
242 2017 254 2039 Ι
350 1952 628 2020 πρεπούσης
661 1952 900 2006 συνέσεως
935 1949 1307 2017 ἐκδεδραμηκὼς,
1338 1952 1414 2000 καὶ
1453 1949 1523 2001 ὅτι
1556 1949 1641 2015 μὲν
1671 1950 1720 2000 ἐν
1750 1951 1862 2017 τιμῇ
1897 1946 1953 1999 τέ

224 2018 290 2048 '³'
352 2037 455 2086 ε’στι
501 2036 576 2085 καὶ
620 2033 815 2099 γέγονεν
853 2033 935 2084 οὐκ
981 2032 1128 2091 εἰδὼς,
1168 2031 1492 2099 παραβληθείς
1532 2055 1582 2083 τε
1620 2035 1717 2085 τοῖς
1754 2029 1947 2096 κτήνεσι
1968 2052 2019 2077 20

352 2122 449 2170 τοῖς
488 2116 721 2180 ἀνοήτοις,
765 2113 978 2181 καθάπερ
1019 2115 1101 2165 οὖν
1139 2117 1214 2165 καὶ
1261 2115 1285 2165 ὁ
1326 2118 1446 2168 θεῖος
1490 2113 1673 2182 ε”φασκε
1710 2111 1944 2182 μελῳδὸς,

354 2199 473 2251 ὅπου
507 2199 583 2249 καὶ
619 2197 759 2251 αὐτὸς
795 2198 820 2248 ὁ
855 2195 1116 2263 προσήκειν
1155 2196 1278 2249 ἰδίως
1312 2196 1438 2265 αὐτῷ
1476 2194 1607 2263 παρὰ
1645 2199 1795 2247 πᾶσιν
1827 2195 1942 2246 ὑπο-

316 2306 338 2333 ο
356 2282 536 2345 νοηθεὶς
581 2278 698 2334 λαὸς
743 2280 1038 2331 ἀπεσείσατο
1087 2276 1302 2345 παρόντα
1345 2276 1463 2342 μετὰ
1512 2276 1706 2344 σαρκὸς,
1748 2278 1824 2328 καὶ
1873 2277 1948 2327 ἐπὶ

355 2363 570 2430 σωτηρίᾳ
604 2365 663 2429 τῇ
699 2363 773 2412 ἐπὶ
807 2359 1000 2411 πάντων
1026 2359 1385 2424 ἐπιδημήσαντα
1412 2362 1580 2420 λαβεῖν
1606 2359 1689 2409 οὐκ
1713 2357 1944 2423 ἠθέλησε,

355 2443 442 2508 τὴν
468 2448 563 2495 τῶν
589 2443 800 2508 οὐρανῶν
825 2443 1083 2501 βασιλείαν
1114 2444 1198 2504 τῆς
1235 2441 1441 2494 πίστεως
1476 2440 1787 2492 ἀντιδιδόντα.
1841 2441 1944 2492 ἐπι·
1971 2461 2020 2500 25

356 2525 485 2593 τήρει
519 2524 567 2575 δὲ
602 2524 730 2577 ὅπως
761 2523 955 2590 γέγονεν
981 2523 1212 2591 ἀσφαλὴς
1248 2524 1273 2574 ὁ
1307 2524 1414 2589 περὶ
1444 2521 1623 2574 τούτων
1648 2520 1810 2588 λόγος.
1865 2526 1950 2573 τοῦ

357 2608 442 2669 μὲν
493 2606 586 2674 γὰρ
638 2604 824 2670 κόσμου
873 2604 928 2657 τὸ
978 2603 1199 2670 μηδόλως
1249 2604 1498 2670 ἐγνωκέναι
1555 2603 1638 2656 τὸν
1688 2603 1952 2674 φωτίζοντα

410 2786 441 2809 2.
467 2774 571 2809 ὅντως
589 2785 660 2808 om.
682 2773 724 2807 B.
885 2784 918 2818 3.
946 2771 1176 2818 Μονογενοῦς]
1196 2773 1300 2816 μόνου
1319 2772 1362 2807 Β.
1533 2783 1586 2818 13.
1612 2771 1712 2807 παντὶ
1729 2776 1953 2816 assumptum

360 2833 403 2855 ex
423 2821 464 2856 B.
632 2832 685 2863 14.
712 2819 966 2854 ἐπιδεικνύειν“
947 2834 1032 2855 οσον
1049 2820 1251 2865 εὐαφόρμως
1269 2819 1312 2853 Β.
1484 2820 1537 2854 16.
1564 2820 1692 2864 σαρκὸς
1711 2818 1752 2853 Β.
1758 2818 1803 2853 D.
1807 2818 1849 2852 E.
1866 2832 1933 2862 σαρ

361 2870 496 2903 κὼσεως
515 2867 582 2902 Ed.
723 2867 775 2901 18.
801 2867 987 2911 ἀνθρώπων
1005 2866 1048 2901 Β.
1186 2877 1241 2900 22.
1268 2866 1464 2910 ὑπονοηθεις
1484 2866 1525 2901 Β.
1545 2866 1675 2911 νοηθεις
1692 2865 1759 2900 Ed.
1809 2864 1953 2900 Lacuna

359 2915 450 2948 inter
466 2915 557 2957 παρὰ
574 2920 607 2947 et
624 2914 707 2949 λαὸς
727 2913 773 2949 D.
950 2924 1005 2957 24.
1031 2915 1071 2958 τῇ
1089 2913 1143 2948 ἐπι
1161 2919 1385 2958 assumptum
1402 2925 1443 2947 ex
1464 2913 1507 2948 B.
1675 2921 1731 2955 25.
1758 2911 1818 2956 τὴν
1833 2910 1951 2946 πίστιν

360 2961 547 2996 ἀντιδιδοὺς
567 2960 607 2994 Β.
674 2960 906 2995 ἀντιδιδοῦντα
925 2960 968 2995 Ε.
