2084 3317
102 1075 197 1105 Hier.

102 1129 157 1149 xv.
178 1117 209 1147 6.

323 152 407 191 558
726 151 775 192 B.
809 150 1085 192 CYRILLI
1126 148 1508 190 ALEXANDR.
1767 144 1821 185 vi.
1841 143 1908 183 66.

323 260 530 314 τιθέντος
555 263 786 327 Χριστοῦ,
813 262 890 310 καὶ
916 259 991 310 διὰ
1015 260 1244 310 ποικίλων
1270 254 1585 323 θεωρημάτων
1611 252 1912 319 ἀνοιγνύντος

285 365 306 392 e
325 341 411 406 τὴν
436 340 505 393 ἐπ’
535 343 661 410 αὐτῷ
696 341 984 409 κατάληψιν,
1012 341 1088 391 καὶ
1117 341 1368 406 μονονουχὶ
1397 335 1798 404 περιστέλλοντος
1823 334 1913 398 ἤδη

323 423 378 474 τὸ
413 423 759 486 καταπέτασμα
792 428 875 473 τοῦ
912 427 1037 484 ναοῦ,
1065 423 1140 472 καὶ
1174 419 1260 485 τὴν
1295 418 1530 485 ἐσωτέραν
1561 415 1744 482 σκηνὴν
1776 417 1910 466 ἐκκα-

323 505 600 567 λύπτοντος,
641 502 1082 567 καταμυσάττονται
1126 501 1211 566 μὲν
1255 499 1338 552 τὸν
1378 502 1499 551 οὕτω
1541 499 1701 568 σοφόν
1744 521 1793 549 τε
1837 500 1915 548 καὶ

324 585 542 652 οὐράνιον
582 584 745 650 λόγον,
785 584 1071 636 ἀπονεύουσι
1114 582 1162 634 δὲ
1207 582 1356 635 πάλιν
1399 586 1460 636 εἰς
1504 582 1709 646 ἀμαθίαν
1750 593 1956 644 κτηνο-5

324 671 496 734 πρεπῆ,
523 669 599 718 καὶ
626 665 822 727 ἀπῆλθον
847 671 906 721 εἷς
940 667 1000 717 τὰ
1036 667 1193 728 ὀπίσω,
1220 663 1432 731 καθάπερ
1460 664 1612 732 φησὶν
1639 663 1664 713 ὁ
1692 662 1910 727 Εὑαγγε-

325 749 511 814 λιστὴς,
539 751 614 800 καὶ
639 748 694 799 τὸ
718 752 981 819 περιπατεῖν
1006 747 1066 798 ἔτι
1094 746 1186 798 σὺν
1213 750 1336 815 αὐτῷ
1358 744 1734 812 παραιτούμενοι.
1775 749 1915 794 τοῦτο

325 831 420 899 γὰρ
458 831 606 884 ὅντως
642 832 745 881 ἐστὶ
782 828 837 881 τὸ
876 830 1034 880 ὀπίσω
1072 833 1251 880 πεσεῖν.
1314 827 1390 879 διὰ
1428 833 1567 878 τοῦτο
1605 827 1681 877 καὶ
1720 824 1796 876 διὰ
1832 829 1916 875 τοῦ

325 912 577 983 προφήτου
623 913 748 981 φησὶ
792 909 941 963 πάλιν
983 911 1206 977 Ἱερεμίου
1249 910 1369 977 πρὸς
1415 908 1501 973 τὴν
1544 907 1798 975 ἀγνώμονα
1842 909 1917 957 καὶ

326 995 597 1064 φιλόνεικον
642 992 980 1060 Ἰερουσαλὴμ,
1035 991 1121 1053 τὴν
1178 997 1273 1043 τῶν
1324 990 1645 1043 ἀπειθούντων
1695 987 1918 1053 δηλονότι
1940 1007 1987 1031 10

326 1076 506 1145 τροφόν
550 1083 577 1105 “
606 1074 674 1127 Σὺ
725 1073 1042 1143 ἀπεστράφης
1091 1097 1162 1136 με,
1214 1074 1343 1139 λε’γει
1394 1072 1584 1139 Κύριος,
1635 1074 1711 1122 καὶ
1760 1071 1918 1122 ὀπίσω

103 1172 185 1206 381
197 1171 249 1205 Α.
288 1180 309 1205 a
327 1166 353 1188 ‘⁶
379 1157 640 1225 πορεύσῃ·”
682 1159 758 1208 καὶ
790 1155 884 1223 γὰρ
918 1155 974 1220 δὴ
1001 1154 1119 1207 κατὰ
1145 1155 1293 1221 λόγον
1319 1157 1476 1219 ἀληθῆ
1511 1157 1569 1221 τῇ
1605 1157 1700 1203 τῶν
1725 1155 1919 1217 ἀγαθῶν

110 2218 216 2249 Num.

112 2262 181 2292 xiii.
201 2268 254 2300 33,

112 2313 164 2344 34·

326 1242 616 1308 ἀποστροφῇ
653 1238 708 1289 τὸ
747 1239 904 1289 ὀπίσω
942 1238 1130 1288 πίπτειν
1167 1238 1430 1287 ἀκολουθεῖ·
1487 1234 1609 1288 Θεὸς
1648 1234 1696 1285 δὲ
1732 1232 1785 1284 τὸ
1821 1238 1919 1284 πᾶν

326 1319 523 1387 ἀγαθόν.
567 1321 734 1371 οὐκοῦν
753 1317 945 1380 ἀπῆλθον
973 1324 1032 1374 εἷς
1057 1318 1118 1370 T&
1144 1320 1301 1381 ὀπίσω,
1323 1319 1399 1368 καὶ
1421 1316 1730 1368 πεπτώκασιν
1752 1314 1920 1366 ἀνόπιν

326 1406 370 1454 οἱ
402 1403 612 1462 δείλαιοι,
638 1405 705 1470 τῷ
732 1404 918 1467 Σωτῆρι
944 1399 1009 1465 μὴ
1040 1400 1411 1467 συμβαδίζοντες
1437 1400 1518 1461 ἔτι,
1543 1397 1661 1465 πρὸς
1686 1397 1844 1463 ἑτέρας
1870 1395 1918 1447 δὲ
1942 1413 1988 1450 15

327 1482 492 1551 ὥσπερ
517 1482 801 1551 τραπόμενοι
829 1482 1031 1549 τρίβους,
1059 1483 1134 1532 καὶ
1161 1485 1221 1535 εἷς
1247 1481 1307 1533 τὰ
1334 1480 1519 1546 συνήθη
1545 1478 1920 1546 κατασυρόμενοι

326 1566 472 1631 πάθη.

401 1649 542 1699 Ἀλλ’
572 1647 742 1712 ἴδωμεν
775 1645 937 1709 πάλιν,
964 1648 1002 1697 εἰ
1036 1644 1101 1709 μὴ
1136 1647 1213 1696 καὶ
1247 1644 1416 1697 τούτου
1449 1642 1533 1696 τὸν
1563 1643 1712 1695 τύπον
1744 1643 1793 1693 ἐν
1826 1646 1923 1695 τοῖς

329 1736 413 1781 τοῦ
446 1728 697 1782 Μωυσέως
732 1728 1011 1795 εὑρίσκομεν
1038 1727 1216 1793 λόγοις.
1271 1728 1439 1778 οὐκοῦν
1466 1726 1541 1777 ὅτε
1575 1724 1758 1791 μακρὰς
1793 1725 1917 1774 διιπ-

284 1819 312 1859 b
330 1811 591 1865 πεύσαντες
617 1810 764 1873 ὁδοὺς,
792 1810 867 1861 καὶ
892 1809 978 1874 τὴν
1004 1810 1172 1875 ἀγρίαν
1196 1810 1372 1874 ἐκείνην
1398 1807 1705 1861 διελάσαντες
1731 1806 1920 1873 ἔρημον,
1943 1827 1993 1852 20

329 1893 400 1944 ἐπ’
437 1894 553 1960 αὐτῇ
590 1891 761 1944 λοιπὸν
793 1890 920 1955 ἦσαν
954 1894 1037 1954 τῆς
1076 1891 1363 1956 ἐπαγγελίας
1401 1895 1459 1959 τῇ
1498 1893 1575 1957 γῇ,
1616 1886 1923 1956 κατασκεψό-

330 1997 460 2039 μενοι
497 1975 673 2038 ταύτην
705 1972 825 2024 κατὰ
863 1976 984 2023 θεῖον
1018 1970 1380 2023 ἀπεστέλλοντο
1417 1970 1710 2037 πρόσταγμα
1735 1971 1924 2034 Ἰησοῦς

331 2080 381 2108 τε
416 2057 442 2107 ὁ
476 2062 559 2108 τοῦ
585 2058 736 2118 Ναυῆ,
765 2056 839 2106 καὶ
873 2054 964 2105 σὺν
995 2055 1122 2124 αὐτῷ
1155 2076 1274 2107 τινες
1308 2053 1468 2119 ἕτεροι.
1522 2055 1584 2106 ὡς
1620 2051 1669 2102 δὲ
1706 2050 1918 2102 διοπτεύ-

332 2161 504 2193 σαντες
541 2136 736 2189 ἅπασαν
768 2138 843 2188 ἐπὶ
881 2135 1099 2187 Μωυσέα
1131 2136 1280 2187 πάλιν
1306 2134 1646 2201 ἀνεκομίζοντο,
1672 2132 1919 2199 προσελά-

334 2227 452 2272 λουν
486 2224 544 2288 τῇ
583 2221 845 2286 συναγωγῇ
881 2216 1027 2283 πικρὰ
1065 2217 1150 2281 μέν
1184 2236 1320 2271 τινες·
1370 2220 1432 2282 γῆ
1472 2216 1580 2282 γὰρ,
1607 2216 1834 2284 ἔφασκον,
1868 2213 1923 2278 ἢν
1945 2232 1993 2270 25

335 2300 734 2370 κατεσκεψάμεθα
774 2300 933 2364 αὐτὴν,
974 2297 1212 2367 χαλεποὺς
1256 2298 1349 2366 ἔχει
1393 2297 1501 2353 τοὺς
1544 2297 1804 2363 οἰκήτορας,
1849 2298 1925 2347 καὶ

336 2383 460 2438 υἱοὺς
494 2384 731 2450 γιγάντων
758 2380 1027 2448 ἑωράκαμεν
1053 2383 1155 2443 ἐκεῖ,
1185 2383 1260 2431 καὶ
1297 2380 1481 2446 ὅσαπερ
1516 2378 1574 2444 ἧν
1601 2379 1708 2433 τοὺς
1742 2381 1923 2445 ἀκροω-

296 2466 501 2531 ομένους
540 2467 759 2533 ὀῤῥωδεῖν
797 2463 1108 2515 ἀναπείθοντα
1145 2463 1476 2528 προστιθέντες
1519 2460 1774 2513 διετέλουν.
1825 2461 1920 2524 Ἰη-

337 2554 455 2601 σοῦς
505 2546 553 2599 δὲ
603 2548 699 2611 μετ’
746 2546 943 2599 ἐκείνους
987 2548 1191 2597 πολλοῖς
1235 2543 1319 2607 μὲν
1363 2543 1565 2597 ἐπαίνοις
1610 2543 1926 2610 καταστέφειν

335 2631 550 2697 ἐπειρᾶτο
576 2629 662 2693 τὴν
687 2631 790 2695 γῆν,
815 2627 1069 2694 παρεκάλει
1105 2626 1153 2677 δὲ
1185 2627 1341 2691 λε’γων
1369 2634 1394 2656 “
1413 2627 1480 2676 ‘H
1509 2628 1585 2691 γῆ,
1612 2625 1669 2689 ἢν
1696 2647 1920 2676 κατεσκε-
1944 2643 1995 2679 30

385 2768 418 2804 5.
438 2758 668 2804 κτηνοπρεπῆ]
689 2759 742 2792 καὶ
761 2758 895 2803 ἀπρεπῆ
916 2756 1064 2800 κτηνώδη
1087 2755 1127 2788 Β.
1219 2768 1252 2800 9.
1272 2756 1362 2801 φησὶ
1382 2757 1486 2790 πάλιν
1503 2766 1573 2789 om.
1596 2754 1637 2788 Β.
1731 2765 1784 2788 12.
1802 2752 1925 2799 λόγον]

343 2810 379 2847 -Ι-
400 2807 458 2840 τὸν
477 2805 543 2840 Ed.
561 2806 670 2839 invito
691 2805 732 2839 B.
866 2816 918 2849 13.
943 2818 1059 2838 πιπτει
1079 2802 1122 2837 Β.
1254 2802 1306 2837 16.
1332 2804 1531 2847 τρεπόμενοι
1551 2802 1594 2835 Β.
1731 2812 1782 2845 19.
1807 2801 1928 2834 οὐκοῦν

339 2855 413 2886 οὔτε
432 2854 450 2886 ὁ
467 2853 627 2907 μακάριος
645 2851 904 2887 διιππεύσαντες
924 2851 965 2885 Β.
1104 2860 1158 2883 20.
1184 2848 1370 2884 ἐλάσαντες
1390 2849 1431 2883 Β.
1565 2859 1620 2894 23.
1648 2845 1925 2891 διοπτεὺσαντες]

339 2900 598 2945 διιππεόσαντες
618 2910 658 2944 Β.
817 2921 872 2952 24.
897 2905 1156 2952 προσελάλουν]
1176 2906 1453 2952 προσελαύνουσι
1474 2906 1514 2941 Β.
1670 2916 1725 2948 25.
1751 2903 1812 2950 γῆ]
1831 2903 1865 2938 τί
1883 2903 1927 2938 Β.

342 2957 397 2991 26.
424 2958 537 3001 αὐτὴν,
557 2955 745 3002 χαλεποὺς]
765 2958 838 3001 γῆν,
855 2955 995 3000 πικροὺς
1014 2954 1055 2989 Β.
