2084 3317
110 165 165 206 vi.
191 179 252 208 10.
357 166 430 207 IN
472 167 514 206 S.
548 165 883 207 JOANNEM.
947 164 1069 206 LIB.
1104 164 1189 206 ΙΙΙ,
1252 165 1385 206 CAP.
1421 166 1498 206 IV.
1619 167 1700 206 415

111 274 394 340 κατάλογον,
427 279 629 339 θηλειῶν
663 275 711 326 δὲ
749 278 995 328 παντελῶς
1035 275 1110 324 καὶ
1151 274 1483 339 μειρακιώδους
1522 274 1705 337 ἡλικίας

110 356 359 422 ἀλογήσας
415 358 594 424 ὁρᾶται,
645 356 940 425 καταγράφει
994 355 1041 407 δὲ
1099 355 1249 423 ὄχλον
1300 355 1382 406 τὸν
1433 354 1700 419 ἡβήσαντα.

109 439 262 500 τίμιον
309 438 403 505 γὰρ
448 441 524 489 καὶ
568 441 616 490 ἐν
660 439 822 508 βίβλῳ
868 441 995 490 Θεοῦ
1043 442 1141 489 πᾶν
1183 437 1301 488 ὅσον
1346 439 1580 504 ἀνδρῶδες
1631 439 1706 487 καὶ

112 519 334 582 νεανικὸν,
377 521 452 571 καὶ
499 522 552 571 οὐ
593 519 815 587 νηπιάζον
856 524 918 574 εἷς
964 519 1202 589 φρόνησιν
1245 518 1332 584 τὴν
1377 520 1445 570 ἐπ’
1491 519 1700 584 ἀγαθοῖς.
1724 538 1744 563 c

71 621 92 659 5
112 602 278 653 οὐκοῦν
305 605 380 654 καὶ
407 602 662 667 συνήθειαν
689 602 765 654 διὰ
791 602 959 654 τούτου
991 603 1205 667 τετίμηκε
1242 600 1452 666 νομικὴν,
1480 604 1555 652 καὶ
1584 600 1703 652 θεώ-

112 682 241 751 ρημά
273 707 318 735 τι
353 684 500 737 πάλιν
524 685 801 737 διαπλάττει
835 683 1166 747 πνευματικόν·
1207 682 1236 748 ἢ
1269 683 1363 751 γὰρ
1389 685 1473 734 οὐκ
1499 681 1708 748 εὐλόγως

114 769 307 833 ἐροῦμεν
345 771 407 821 εἰς
449 766 569 831 ὅλην
606 772 690 818 τοῦ
727 766 1032 833 προκειμένου
1071 765 1156 830 τὴν
1195 765 1402 817 διάνοιαν
1437 763 1708 827 βλέποντες,

115 848 186 900 ὅτι
223 847 307 899 τὸν
342 847 425 910 μὲν
461 847 695 915 ὑβριστὴν
726 850 800 899 καὶ
840 847 1048 914 ἀλαζόνα
1086 853 1181 899 τῶν
1206 849 1445 899 Ἰουδαίων
1474 846 1606 909 λαὸν,
1635 847 1710 897 καὶ

114 930 380 996 ἐκτρέπεται
413 930 600 984 δικαίως
640 932 716 981 καὶ
753 930 1097 993 καταλιμπάνει
1132 929 1360 996 Χριστὸς,
1393 929 1711 996 προσδέχεται

47 1037 96 1062 10
115 1011 164 1063 δὲ
198 1014 274 1062 καὶ
308 1013 418 1062 λίαν
445 1011 589 1076 ἡδέως
614 1011 721 1066 τοὺς
752 1013 1042 1078 προσιόντας
1077 1013 1221 1081 αὐτῷ,
1249 1014 1324 1062 καὶ
1352 1016 1453 1066 ταῖς
1478 1011 1711 1077 οὐρανίοις

115 1094 404 1145 καταπιαίνει
442 1099 656 1163 τροφαῖς,
683 1094 827 1161 ἄρτον
866 1093 1043 1160 ὀρέγων
1081 1093 1165 1145 τὸν
1207 1093 1389 1158 νοητὸν,
1416 1093 1499 1144 τὸν
1539 1092 1708 1159 στηρί-
1774 1099 1909 1174 f-sssiii.

115 1175 254 1242 ζοντα
312 1177 506 1242 καρδίαν
563 1175 850 1243 ἀνθρώπου;
918 1175 1175 1243 ἀποτρέφει
1236 1175 1285 1226 δὲ
1345 1176 1428 1226 οὐκ
1480 1174 1759 1229 ἐπιπόνωςᾶ
1797 1160 1826 1182 θ’

116 1255 295 1320 αὐτοὺς,
323 1259 434 1308 ἀλλ’
465 1262 640 1324 ἱλαρῶς
679 1280 728 1309 τε
768 1261 842 1309 καὶ
883 1257 1145 1322 ἀνειμένως,
1172 1259 1247 1309 καὶ
1274 1256 1392 1322 μετὰ
1417 1261 1605 1322 πολλῆς
1632 1261 1714 1321 τῆς

117 1342 165 1390 ἐν
192 1340 415 1409 εὐλαβείᾳ
449 1340 676 1410 τέρψεως.
729 1346 869 1391 τοῦτο
904 1339 998 1407 γὰρ
1024 1340 1135 1404 ἡμῖν
1162 1341 1190 1405 ἦ
1227 1342 1300 1392 ἐπὶ
1336 1344 1403 1410 τῷ
1438 1340 1594 1410 χόρτῳ
1621 1344 1715 1391 τῶν

51 1442 98 1480 15
118 1420 280 1489 ὄχλων
303 1421 584 1476 κατάκλισις
610 1423 843 1487 σημαίνει,
871 1425 934 1476 ὡς
965 1423 1054 1487 ἤδη
1082 1424 1156 1473 καὶ
1189 1422 1382 1489 πρέπειν
1409 1422 1595 1492 ἑκάστῳ
1621 1426 1716 1472 τῶν

118 1509 201 1570 τῆς
227 1506 443 1571 τοιαύτης
474 1505 746 1576 ἠξιωμένων
771 1505 962 1574 χάριτος
988 1505 1042 1556 τὸ
1068 1507 1117 1556 ἐν
1143 1509 1360 1574 ψαλμοῖς
1388 1506 1531 1556 ἐκεῖνο
1560 1505 1717 1570 λέγειν

120 1596 146 1619 “
176 1588 350 1656 Κύριος
390 1589 624 1654 ποιμαίνει
665 1612 742 1652 με,
782 1590 856 1639 καὶ
896 1588 1029 1639 οὐδέν
1067 1611 1124 1651 με
1164 1587 1428 1654 ὑστερήσει·
1469 1591 1530 1641 εἱς
1568 1587 1715 1638 τόπον
1778 1599 1918 1629 Ps-xxii·

119 1677 147 1700 ‘⁶
174 1670 324 1739 χλόης
356 1673 451 1723 ἐκεῖ
478 1694 536 1735 με
573 1670 986 1735 κατεσκήνωσεν.”
1041 1672 1088 1721 ἐν
1114 1673 1280 1738 πολλῇ
1316 1669 1411 1736 γὰρ
1439 1669 1604 1738 τέρψει
1639 1671 1716 1721 καὶ
1784 1652 1852 1680 '’2'

120 1757 279 1822 τρυφῇ
317 1759 418 1807 ταῖς
451 1759 535 1805 τοῦ
574 1753 853 1816 Πνεύματος
891 1752 1134 1820 χορηγίαις
1173 1753 1198 1802 ὁ
1237 1757 1331 1803 τῶν
1371 1751 1518 1817 ἁγίων
1558 1751 1713 1818 ἐκτρέ-

56 1858 106 1882 20
123 1840 262 1904 φεται
298 1842 422 1899 νοῦς,
453 1835 573 1887 κατὰ
607 1835 661 1887 τὸ
698 1834 938 1902 εἰρημένον
964 1837 1012 1886 ἐν
1045 1839 1112 1903 τῷ
1149 1832 1330 1904 ᾅσματι
1365 1839 1460 1885 τῶν
1487 1833 1758 1903 ᾀσμάτωνε

122 1925 151 1948 “
177 1916 361 1985 Φάγετε
387 1921 463 1970 καὶ
492 1920 620 1970 πιέτε
655 1921 731 1969 καὶ
766 1918 1035 1982 μεθύσθητε
1062 1920 1104 1968 οἱ
1129 1917 1388 1981 πλησίον.”
1442 1921 1644 1968 πολλῶν
1671 1916 1719 1968 δὲ
1782 1922 1878 1996 ξῑῑξῖ·

122 1999 271 2052 ὅντων
304 2003 380 2052 καὶ
415 2001 607 2070 ἀναμὶξ,
637 2001 849 2067 καθάπερ
882 2000 972 2065 ἤδη
1007 1998 1367 2066 προειρήκαμεν,
1403 2002 1497 2049 τῶν
1531 2000 1717 2049 ἀνακει-
1807 1990 1812 1996 ⁵
1851 1989 1856 1996 ⁸

121 2086 274 2150 μένων
321 2087 505 2153 ἀνδρῶν
557 2085 832 2150 ἐπεμνήσθη
876 2084 1052 2149 μόνων,
1101 2083 1454 2148 ἀποσιωπήσας
1499 2089 1724 2149 γυναῖκας

124 2169 200 2217 καὶ
239 2168 378 2219 τέκνα
411 2169 659 2236 χρησίμως
697 2170 764 2236 τῷ
799 2166 1082 2233 θεωρήματι.
1139 2164 1350 2217 διδάσκει
1383 2165 1477 2231 γὰρ
1508 2166 1629 2229 ἡμᾶς
1662 2167 1723 2219 ὡς

61 2263 108 2303 25
127 2250 182 2300 δι’
211 2250 497 2316 αἰνίγματος,
521 2250 592 2301 ὅτι
617 2255 712 2303 τοῖς
738 2248 1091 2315 ἀνδριζομένοις,
1113 2252 1173 2303 εἰς
1200 2246 1254 2299 τὸ
1281 2247 1464 2313 ἀγαθὸν
1489 2246 1724 2312 δηλονότι,

125 2332 517 2399 πρεπωδέστερόν
555 2355 656 2386 πως
700 2333 776 2383 καὶ
820 2330 1095 2397 οἰκειότερον
1133 2331 1161 2395 ἡ
1206 2328 1338 2396 παρὰ
1379 2335 1463 2380 τοῦ
1504 2332 1725 2396 Σωτῆρος

128 2414 511 2483 χορηγηθήσεται
557 2413 726 2482 τροφὴ,
774 2415 850 2465 καὶ
896 2415 1000 2481 οὐχὶ
1043 2418 1140 2467 τοῖς
1184 2412 1529 2475 ἐκθηλύνεσθαι
1567 2415 1720 2480 πεφυ-

130 2496 268 2548 κόσιν
305 2501 369 2550 εἷς
407 2497 503 2565 ἕξιν
542 2498 624 2548 οὐκ
663 2495 860 2563 ἀγαθὴν,
888 2497 1000 2547 ἀλλ’
1030 2494 1135 2547 οὐδὲ
1173 2499 1271 2549 τοῖς
1309 2494 1587 2560 νηπιάζουσι
1626 2498 1768 2547 ταῖς-ει
1798 2495 1885 2542 28“2
1898 2505 1949 2540 A.

131 2580 319 2648 φρεσὶν,
347 2580 409 2632 ὡς
448 2577 522 2629 διὰ
560 2583 699 2629 τοῦτο
736 2576 884 2643 μηδὲν
921 2577 1132 2629 συνιέναι
1170 2576 1404 2628 δύνασθαι
1443 2579 1538 2626 τῶν
1570 2576 1723 2641 ἀναγ-

64 2687 114 2723 30
131 2663 276 2713 καίων
299 2664 363 2715 εἰς
388 2665 586 2727 γνῶσιν.

185 2798 260 2828 1-4.
287 2783 530 2828 θηλειῶν-ἐπ’
549 2784 688 2829 ἀγαθοῖς
705 2784 786 2818 citat
804 2783 959 2830 Nikeph.
979 2783 1001 2819 i.
1024 2783 1125 2825 1164.
1375 2791 1405 2814 1.
1433 2780 1486 2813 καὶ
1504 2786 1731 2824 assumptum

134 2846 177 2868 ex
191 2832 284 2866 B.D.
303 2831 458 2876 Nikeph.
477 2837 510 2865 et
525 2831 574 2865 ita
591 2831 738 2877 conjecit
757 2831 893 2876 Migne.
991 2841 1023 2864 2.
1051 2830 1087 2864 δέ
1105 2840 1176 2863 om.
1191 2828 1233 2863 Β.
1250 2827 1357 2862 habet
1374 2827 1459 2861 Nik.
1557 2837 1588 2871 3.
1614 2827 1730 2872 βίβλῳ

138 2881 180 2915 Β.
201 2880 287 2915 Nik.
307 2878 399 2913 Catt.
416 2877 544 2923 βιβλίῳ
563 2877 630 2912 Ed.
773 2890 806 2921 4.
832 2876 908 2923 τὴν]
928 2878 987 2912 τὸν
1005 2877 1086 2921 (sic)
1107 2876 1148 2909 Β.
1307 2885 1360 2908 10.
1386 2871 1507 2918 ἡδέως]
1528 2872 1669 2917 ἑτοίμως
1687 2873 1730 2908 Β.

141 2938 194 2973 13.
221 2925 296 2971 τῆς]
315 2940 405 2961 τινος
421 2926 480 2968 τῆς
499 2924 541 2959 Β.
737 2934 790 2970 15.
817 2926 1022 2968 κατάκλησις
1043 2923 1090 2957 D.
1157 2922 1210 2955 καὶ
1228 2932 1298 2955 om.
1320 2920 1363 2954 B.
1381 2919 1487 2955 habet
1508 2920 1554 2956 D.
1605 2920 1732 2955 Statim

137 2974 278 3019 πρέπειν
297 2972 390 3008 B.D.
408 2971 529 3016 πρέπει
548 2970 615 3005 Ed.
762 2982 815 3016 19.
840 2970 930 3016 ταῖς]
955 2975 991 3012 —†-
1015 2970 1068 3004 διὰ
1087 2968 1154 3003 Ed.
1174 2967 1284 3002 invito
1304 2967 1346 3001 B.
