2084 3317
116 490 209 521 Infra
226 502 256 521 Χ.

118 545 181 575 30;
213 535 277 565 xiv.

116 589 147 621 9.

337 205 422 245 324
740 202 789 242 Β.
823 198 1101 241 CYRILLI
1143 195 1523 238 ALEXANDR.
1799 206 1839 232 v.
1863 204 1926 246 ¹9·

339 316 422 376 τῆς
472 317 555 363 τοῦ
610 309 802 378 Πατρὸς
851 309 1016 363 οὐσίας
1063 307 1266 359 κείσεται
1325 304 1379 356 τὸ
1431 304 1685 373 ἐξαίρετον·
1756 301 1781 351 ὁ
1836 298 1931 366 γὰρ

301 394 567 457 Οδιδακτὸς,
596 396 657 448 ὡς
693 392 860 444 ἐκεῖνοί
893 396 1061 459 φασιν,
1089 394 1151 443 εἰς
1190 388 1376 458 ἀξίωμα
1414 387 1468 438 τὸ
1506 389 1588 450 τῆς
1626 383 1744 436 κατὰ
1782 382 1932 450 φύσιν

343 476 561 542 θεότητος
602 474 884 541 ἀναδραμὼν
923 474 1184 538 εὑρίσκεται
1223 470 1379 536 λέγων
1406 467 1581 535 “Ἐγὼ
1609 469 1682 518 καὶ
1709 469 1734 517 ὁ
1763 463 1934 529 Πατὴρ

345 567 372 590 “
397 560 446 611 ἕν
472 561 632 622 ἐσμεν·
677 558 701 608 ὁ
728 554 942 623 ἑωρακὼς
968 551 1046 617 ἐμὲ
1073 553 1243 618 ἑώρακε
1268 550 1350 603 τὸν
1377 550 1616 615 Πατερα.”

417 639 859 705 Ἀναμετρείτωσαν
885 636 1040 687 τοίνυν
1064 634 1179 689 ὅσος
1215 634 1370 687 αὐτοῖς
1405 632 1678 700 δυσφημίας
1714 629 1859 696 ὄχλος
1885 628 1935 678 ἐκ
1955 644 1976 683 5

343 730 427 776 τοῦ
467 726 666 774 τοιῶσδε
714 726 833 772 νοεῖν
879 718 1055 770 ἐθέλειν
1098 716 1445 783 ἐπισωρεύεται,
1490 716 1563 765 καὶ
1610 711 1937 781 φρονείτωσαν

344 809 499 871 ἀληθῆ
527 808 630 871 περὶ
657 809 739 854 τοῦ
765 806 882 853 Υἱοῦ
909 800 1032 852 καθὰ
1057 800 1338 866 γέγραπται.
1395 799 1500 849 οὔτε
1533 795 1626 863 γὰρ
1660 796 1709 846 ἐκ
1743 795 1938 860 θεωρίας

343 892 426 953 τῆς
465 891 512 939 ἐν
551 892 646 941 τοῖς
685 884 1048 947 ἀποτελέσμασι
1086 887 1169 933 τοῦ
1207 880 1412 947 Πατρὸς,
1445 881 1550 931 οὕτε
1590 877 1683 942 μὴν
1719 879 1780 930 ὡς
1817 897 1935 941 προ-

1915 955 1932 973 ,κ

346 975 666 1038 καταρκτικῶς
710 972 758 1020 ἐν
802 972 898 1020 τοῖς
945 966 1099 1032 ἔργοις
1146 965 1266 1032 ε”χων
1311 962 1467 1026 αὐτὸν,
1499 959 1694 1025 ποιητής
1737 960 1867 1010 ἐστιν
1911 980 1939 1020 η

347 1052 724 1118 θαυματουργὸς,
756 1053 831 1102 καὶ
866 1048 942 1101 διὰ
977 1054 1114 1099 τοῦτο
1141 1046 1261 1100 Θεὸς
1294 1048 1319 1098 ὁ
1346 1045 1475 1107 Υἱὸς,
1501 1045 1611 1094 ἀλλ’
1642 1042 1712 1093 ὅτι
1738 1038 1941 1108 φυσικὸς
1965 1060 2012 1086 10

302 1135 515 1203 ᾱῶσπερ
551 1159 617 1188 τις
654 1133 796 1185 αὐτὸν
829 1131 1053 1201 ἀποφέρει
1094 1129 1232 1192 νόμος
1273 1130 1345 1180 ἐπὶ
1383 1127 1468 1191 τὴν
1505 1131 1588 1177 τοῦ
1626 1123 1943 1190 γεννήσαντος

349 1218 724 1285 ἀπαράλλακτον
760 1214 1026 1278 ὁμοιότητα,
1058 1217 1093 1263 εἰ
1133 1213 1208 1262 καὶ
1248 1210 1324 1262 διὰ
1363 1213 1445 1273 τῆς
1481 1213 1577 1260 τῶν
1612 1207 1763 1273 ἔργων
1797 1207 1940 1255 ἀνελ-

350 1308 519 1356 λιποῦς
558 1300 800 1368 ἐμφερείας
847 1295 1115 1360 ἀναλάμπει
1162 1298 1236 1345 καὶ
1283 1294 1513 1361 φαίνεται.
1568 1287 1854 1355 παραθέντες
1896 1285 1945 1336 δὲ

351 1387 426 1436 καὶ
454 1387 677 1445 εἰσαῦθις,
704 1385 739 1432 εἰ
767 1384 902 1442 δοκεῖ,
928 1378 982 1430 τὸ
1018 1383 1101 1429 τοῦ
1138 1377 1285 1443 λόγου
1318 1372 1594 1442 κεφάλαιον,
1621 1374 1693 1422 καὶ
1726 1369 1939 1435 δριμυτέ-

351 1491 453 1535 ραις
488 1465 690 1533 ἐρεύναις
726 1463 840 1515 αὐτὸ
876 1461 1226 1527 βασανίζοντες,
1254 1461 1500 1523 θεωρῶμεν
1532 1457 1751 1520 ἀκριβῶς,
1782 1452 1851 1505 τίς
1888 1449 1947 1501 ἂν
1970 1469 2015 1506 15

352 1550 418 1616 ε’ίη
464 1547 634 1601 λοιπὸν
671 1551 766 1598 τῶν
811 1544 1081 1609 λεγομένων
1121 1543 1147 1606 ἡ
1187 1542 1395 1604 δύναμις,
1430 1541 1505 1590 καὶ
1547 1537 1674 1590 ὅπως
1717 1532 1949 1600 προσήκει

353 1640 575 1687 νοοῦντας
610 1632 836 1691 εὐσεβεῖν,
861 1627 950 1692 ἤδη
986 1624 1425 1693 περισκεπτώμεθα.
1481 1622 1647 1673 οὐκοῦν
1669 1616 1810 1686 Ἀμην
1834 1614 1949 1684 ἀμὴν

314 1715 478 1783 Θλέγω
518 1718 629 1783 ὑμῖν,
667 1719 709 1763 οὐ
750 1709 934 1763 δύναταί
971 1716 1123 1777 φησιν
1162 1711 1244 1775 ἀφ’
1283 1707 1435 1758 ἑαυτοῦ
1473 1707 1608 1756 ποιεῖν
1648 1709 1666 1755 ὁ
1702 1701 1801 1756 Ti‘oq
1841 1696 1951 1751 οὐδὲν

355 1799 427 1851 ὲαν
453 1801 515 1867 μή
547 1823 587 1848 τι
614 1795 769 1868 βλέπῃ
797 1795 864 1845 τὶν
893 1792 1072 1861 Πατέρα
1104 1792 1325 1842 ποιοῦντα·
1371 1786 1403 1840 οἳ
1437 1787 1528 1857 γαρ
1568 1785 1622 1838 ἂν
1657 1785 1812 1838 ἐκεῖνος
1850 1783 1951 1854 ποιῇ

355 1883 503 1933 ταῦτα
531 1886 608 1931 καὶ
638 1884 655 1930 ὁ
683 1877 781 1932 ’Υΐος
809 1882 962 1944 ὁμοιως
988 1876 1116 1926 ποιεῖ.
1972 1881 2021 1906 20

428 1965 578 2032 “Ορᾷς
623 1960 749 2013 ὅπως
795 1960 871 2009 καὶ
917 1955 993 2007 διὰ
1036 1959 1119 2020 τῆς
1158 1957 1206 2006 ἐν
1241 1959 1337 2007 τοῖς
1381 1953 1533 2019 ε”ργοις
1576 1946 1952 2016 ἀπαραλλάκτου

357 2045 655 2109 ταυτότητος,
692 2042 853 2106 ὅμοιον
888 2038 1054 2090 ἑαυτὸν
1093 2036 1212 2089 κατὰ
1250 2035 1406 2087 πάντα
1445 2032 1637 2086 δεικνύει
1675 2035 1743 2100 τῷ
1783 2031 1952 2095 Πατρὶ,

356 2130 432 2180 ἵνα
470 2127 526 2192 δὴ
565 2127 788 2196 φαίνηται
835 2122 910 2173 διὰ
948 2120 1118 2173 τούτου
1156 2121 1231 2171 καὶ
1273 2121 1356 2182 τῆς
1391 2117 1557 2169 οὐσίας
1596 2116 1738 2165 αὑτοῦ
1776 2119 1951 2177 κληρο-

359 2210 530 2274 νόμος;
574 2211 636 2262 ὡς
681 2205 775 2274 γὰρ
819 2205 1086 2269 ἀναγκαίως
1125 2225 1174 2253 τε
1216 2203 1291 2252 καὶ
1331 2197 1676 2266 ἀναντιῤῥήτως
1722 2199 1955 2259 νοηθησο-

358 2294 500 2358 με’νου
539 2295 664 2343 Θεοῦ
708 2287 828 2340 κατὰ
869 2286 1020 2356 φύσιν
1058 2283 1283 2351 ὑπάρχειν
1323 2287 1406 2333 τοῦ
1451 2280 1537 2345 τὴν
1575 2279 1687 2343 ’ίσην
1726 2279 1955 2343 ἐνέργειαν
1974 2291 2021 2330 25

138 2393 286 2431 22οΑ.
321 2378 550 2446 αέχοντος
593 2377 661 2444 τῷ
695 2375 804 2441 Θεῷ
845 2372 921 2421 καὶ
962 2369 1132 2434 Πατρῖ,
1169 2365 1228 2418 τὰ
1272 2361 1466 2417 τοιαῦτά
1509 2368 1662 2431 φησιν
1701 2362 1726 2411 ὁ
1765 2358 1951 2424 Σωτήρ.

361 2455 753 2523 σκανδαλιζέσθω
786 2452 834 2505 δὲ
867 2453 1040 2517 μηδεὶς,
1067 2449 1180 2501 ὅταν
1207 2449 1428 2517 φαίνηται
1456 2445 1612 2511 λέγων
1639 2445 1954 2505 οἰκονομικῶς,

361 2541 426 2607 μὴ
466 2538 687 2593 δύνασθαι
726 2538 861 2589 ποιεῖν
901 2537 985 2603 αφ’
1029 2533 1177 2585 ἑαυτοῦ
1216 2530 1360 2595 μηδὲν
1399 2528 1471 2582 ξαν
1513 2530 1574 2597 μή
1614 2551 1653 2577 τι
1693 2525 1848 2597 βλέπῃ
1890 2524 1957 2576 τὶν

366 2623 546 2694 Πατέρα
592 2622 815 2674 ποιοῦντα.
889 2618 952 2670 ὡς
1001 2613 1095 2681 γὰρ
1139 2614 1173 2678 η’
1202 2637 1227 2677 η
1279 2613 1364 2677 τὴν
1407 2616 1490 2663 τοῦ
1541 2608 1716 2662 δούλου
1766 2604 1958 2674 μορφὴν

417 2819 447 2842 1.
474 2809 492 2840 ὁ
510 2807 575 2853 γὰρ
594 2804 749 2839 διδακτὰς
768 2803 810 2837 Β.
827 2802 866 2836 οὗ
883 2801 948 2847 γὰρ
967 2800 1129 2834 διδακτῶς
1148 2796 1215 2831 Ed.
1327 2805 1358 2841 7.
1386 2793 1484 2840 Υἶοῦ]
1505 2793 1619 2838 κυρίου
1640 2791 1682 2826 Β.
1792 2800 1844 2824 ῐΟ.
1873 2789 1958 2824 Θεὸς

367 2858 384 2889 ὁ
405 2855 447 2890 Β.
465 2854 559 2889 ἐστιν
579 2853 623 2887 D.
644 2851 711 2886 Ed.
730 2865 773 2896 ’γρ
793 2847 985 2894 (Ξ-γράφε)
1004 2848 1022 2880 ὁ
1041 2846 1074 2880 D
1093 2856 1166 2889 mg.
1374 2853 1427 2877 12.
1454 2842 1483 2876 εἶ
1500 2853 1570 2875 οῑῐι.
1591 2840 1634 2874 Β.
1686 2839 1752 2873 Pro
1770 2837 1809 2878 εἶ,
1827 2836 1918 2880 conj.
1937 2835 1956 2879 ἢ

369 2903 401 2936 D
421 2914 492 2946 mg.
514 2900 579 2934 Ed.
599 2911 672 2944 mg.
737 2894 957 2940 ἀνελλιποῦς]
978 2894 1192 2927 ἐλλιπουσαν
1212 2890 1252 2924 Β.
1395 2901 1448 2932 14.
1475 2886 1626 2923 εἰσαῦθις
1643 2897 1714 2920 om.
1735 2884 1788 2927 B„
1805 2895 1869 2928 pro
1887 2893 1958 2928 quo

368 2950 490 2992 σαφῶς
507 2947 645 2981 exhibet
665 2945 693 2979 B
709 2956 780 2989 mg.
881 2942 934 2976 16.
961 2939 1028 2985 εἴη]
1049 2940 1077 2973 εἶ
1097 2936 1196 2983 (Ξῇ)
1220 2937 1260 2971 Β.
1361 2937 1414 2971 18.
1440 2935 1500 2981 ἀφ’
1519 2935 1638 2969 ἑαυτοῦ
1655 2933 1764 2967 ποιεῖν
1780 2932 1799 2963 ὁ
1815 2930 1894 2964 Υἱὸς
1914 2929 1956 2964 Β.

367 2997 385 3027 ὁ
405 2997 473 3030 υἱὸς
490 2995 597 3028 ποιεῖν
614 2992 674 3038 ἀφ’
694 2992 813 3026 ἑαυτοῦ
832 2989 898 3024 Ed.
997 2998 1051 3029 24.
1079 2983 1317 3029 ἀναντιρρήτου
1339 2983 1379 3021 Β.
