2084 3317
305 175 387 214 196
706 170 755 210 B.
789 165 1063 208 CYRILLI
1105 158 1486 203 ALEXANDR
1680 151 1793 202 i.44‚
1815 148 1884 199 46.

303 281 422 376 πρὸς
449 281 570 344 ὅσην
595 277 844 339 εὐλάβειαν
871 278 895 326 5
921 272 1133 338 μαθητὴς
1159 269 1465 333 ἀναβήσεται,
1492 288 1566 316 και
1592 262 1726 314 ποίας
1752 259 1887 309 ἐσται

307 386 505 430 κατοχος
541 364 720 428 ἀρετῆς,
748 361 822 410 καὶ
857 361 919 410 εἷς
954 360 1089 406 ποῖον
1117 351 1371 418 καταλήξει
1406 348 1555 400 τελος.
1609 345 1770 408 ἀγνοεῖ
1794 361 1888 403 γαρ

83 453 231 536 ἓξὲξ-42.
308 444 441 496 οὐδὲν
469 451 495 473 “
515 446 540 494 5
571 442 700 495 εἰδὼς
737 440 796 490 τὰ
831 437 987 490 πάντα
1010 437 1121 498 πρὶν
1150 454 1373 498 γενεσεως
1399 429 1576 479 αὐτῶν.’
1646 422 1682 493 ᾡ
1718 420 1774 485 δὴ
1812 421 1888 470 καὶ

307 528 523 590 μάλιστα
561 524 765 576 παιδεύει
804 520 886 571 τὸν
922 517 1220 580 κεκλημενον,
1249 536 1318 564 οτι
1353 509 1474 563 Θεὸς
1514 506 1736 574 ὑπαρχων
1768 505 1888 565 ἀλη-

308 608 434 661 θινὸς
467 608 714 658 ἀδιδακτον
747 603 838 670 ε’χει
873 600 959 663 τὴν
990 603 1186 663 γνῶσιν.
1241 594 1389 660 λόγου
1427 591 1520 657 γὰρ
1559 590 1682 641 ὅλως
1717 585 1890 648 δεηθεὶς
1913 600 1934 638 5

264 689 505 750 ᾶούδενὸς,
532 688 641 737 ἀλλ’
671 685 774 736 οὐδε
801 681 1082 748 ἐπιζητήσας
1114 682 1278 742 μαθεῖν
1305 699 1373 729 τις
1408 674 1436 739 ὴ
1469 672 1612 725 πόθεν
1639 670 1741 734 ἥκοι
1773 664 1892 731 πρὸς

308 770 448 822 αὐτὸν
487 772 511 821 5
555 768 686 834 ἀνὴρ,
725 766 862 818 ποίου
910 763 995 827 μὲν
1033 762 1177 830 ἐξεφυ
1217 757 1409 823 πατρὸς,
1448 755 1516 808 τίς
1556 753 1603 804 δὲ
1643 773 1717 802 και
1756 746 1894 799 αὐτὸς·

307 850 578 918 ὀνομαζοιτο
617 850 758 915 λεγει.
816 871 891 898 και
932 845 1125 908 Σίμωνα
1165 864 1248 905 μεν
1288 838 1437 890 οὐκετι
1478 837 1726 887 καλεῖσθαι
1766 851 1889 893 συγ-

308 958 461 1002 χωρει,
507 928 882 1001 κατεξουσιάζων
927 929 1016 992 ἠδη
1060 948 1135 975 και
1180 924 1497 987 κατακρατῶν,
1541 920 1602 970 ὡς
1647 910 1896 981 γεγονότος

309 1017 490 1067 οικείου·
535 1012 819 1084 φερωνύμως
855 1011 903 1060 δε
938 1008 1030 1060 ἀπὸ
1069 1010 1151 1069 τῆς
1186 1027 1355 1070 πετρας
1392 996 1692 1065 μετονομαζει
1728 1007 1893 1063 Hesper·
1921 1018 1968 1042 10

85 1092 250 1125 S,Matth
311 1099 380 1150 ἐπ’
409 1099 534 1166 αὐτῷ
561 1096 654 1162 γὰρ
682 1095 851 1158 ἐμελλε
877 1091 962 1155 τὴν
988 1091 1130 1141 αὐτοῦ
1157 1090 1400 1150 θεμελιοῦν
1425 1082 1735 1144 Ἐκκλησιαν.

86 1138 153 1168 xvi.
172 1136 221 1167 18.

245 1310 294 1344 44
313 1303 377 1360 Τῷ
413 1302 618 1357 ἐπαύριον
654 1300 862 1340 ιῖιθέελι-ιοεν
897 1292 1085 1338 ἐξελθεῖν
1121 1291 1181 1333 εἰς
1218 1291 1294 1332 τήν
1329 1287 1571 1335 Γαλιλαίαν,
1605 1283 1673 1323 καὶ
1710 1279 1896 1336 εὑρίσκει

274 1408 295 1433 Θ
460 1395 675 1436 Φίλιππον
715 1391 783 1433 καὶ
821 1392 935 1438 λεΓει
972 1388 1089 1441 αὐτῷ
1126 1387 1149 1428 ὁ
1180 1386 1347 1426 ἸΗσοῡε
1378 1380 1633 1422 Ἀκολούθει
1670 1391 1755 1426 μοι.

383 1529 689 1593 Ἰσογνωμῶν
714 1528 810 1576 τοῖς
835 1523 1170 1588 προλαβοῦσιν
1198 1517 1223 1566 5
1253 1516 1506 1574 Φίλιππος,
1535 1533 1609 1562 και
1641 1508 1750 1559 λιάν
1776 1505 1896 1582 ἔχων

313 1609 577 1674 ἐπιτηδειως
629 1630 690 1660 εις
736 1603 1058 1666 ἀκολούθησιν
1104 1604 1187 1650 τοῦ
1233 1601 1465 1663 Χριστοῦ.
1538 1591 1637 1661 ᾐδει
1685 1588 1779 1656 γὰρ
1828 1608 1904 1636 και
1926 1604 1972 1641 15

314 1691 455 1743 αὐτὸν
482 1690 706 1754 ἐσόμενον
733 1685 930 1753 ἀγαθόν·
976 1682 1053 1734 διὰ
1083 1705 1153 1733 τοι
1190 1686 1329 1731 τοῦτο
1364 1678 1444 1729 καί
1476 1682 1628 1745 φησιν
1654 1668 1902 1724 Ἀκολούθει

313 1799 404 1843 μοι,
432 1772 683 1839 γνώρισμα
715 1773 798 1833 τῆς
830 1769 897 1819 ἐπ’
928 1768 1054 1835 αὐτῶ
1088 1763 1278 1832 χάριτος
1313 1761 1367 1811 τὸ
1401 1762 1528 1827 ῥῆμα
1561 1757 1713 1817 τιθεὶς,
1742 1775 1815 1804 και
1844 1749 1900 1799 δι’

315 1855 380 1906 ὧν
418 1856 615 1906 επεσθαι
654 1850 942 1918 προστάττει
982 1846 1225 1899 πολιτείαν
1265 1844 1390 1911 αὐτῷ
1434 1839 1519 1904 τὴν
1559 1839 1759 1904 ἀρίστην
1799 1835 1897 1884 ἐπι·-

93 1956 170 1990 132
188 1955 237 1989 A.
278 1940 582 2004 αμαρτυρῶν·
644 1935 697 1985 οὐ
742 1932 834 1998 γὰρ
880 1929 936 1980 ἂν
981 1927 1238 1995 ἐπελέξατο
1290 1924 1354 1988 μὴ
1406 1924 1508 1990 οὐχι
1553 1919 1741 1972 πάντως
1790 1915 1905 1966 ὅντα

317 2017 544 2087 χρηστόν.

1927 2018 1976 2042 20

251 2210 300 2256 46
324 2202 518 2259 Εὑρίσκει
559 2200 773 2242 Φίλιππος
812 2197 885 2240 τὸν
926 2194 1171 2244 Ναθαναὴλ,
1211 2192 1278 2233 καὶ
1318 2192 1430 2238 λέι-ει
1471 2189 1588 2241 αὐτῷ
1619 2185 1700 2226 ‘'Ov
1738 2185 1902 2240 ἔπραψε

385 2285 574 2326 Μωυσῆς
601 2284 646 2325 ὲν
673 2286 735 2337 τῷ
764 2282 882 2334 νόμῳ
918 2279 986 2320 καὶ
1020 2276 1058 2319 οἱ
1093 2281 1312 2334 Προφῆται
1346 2273 1600 2329 εὑρήκαμεν,
1620 2269 1789 2310 ἸΗσοῡν
1816 2263 1906 2307 υἱὸν

381 2368 548 2424 Ἰωσιὶιφ
580 2367 653 2409 τὸν
685 2364 772 2407 ἀπὸ
807 2363 1009 2421 Ναζαρὲτ.

394 2498 542 2568 Ὀξυς
575 2497 630 2562 δὴ
668 2497 777 2547 λίαν
804 2496 828 2544 5
862 2490 1074 2558 μαθητὴς
1111 2512 1173 2543 εις
1208 2486 1586 2554 καρποφοριάν,
1577 2507 1650 2534 ινα
1685 2481 1909 2551 φαινηται

320 2580 395 2632 δια
421 2580 586 2632 τούτου
612 2583 708 2632 τοῖς
732 2579 1040 2644 προλαβοῦσι
1067 2595 1186 2641 κατα
1212 2571 1299 2634 τὴν
1319 2570 1416 2637 ἕξιν
1436 2563 1688 2632 συγγενής·
1730 2565 1908 2632 εὑρισκει
1931 2578 1979 2617 25

371 2734 402 2767 7.
428 2721 578 2767 ποίου]
563 2737 582 2764 η
601 2721 700 2754 ποίου
719 2720 811 2753 Catt.
876 2717 986 2760 πατὴρ
1006 2715 1049 2749 Β.
1185 2714 1216 2746 S.
1245 2713 1417 2757 συγχωρεῖ
1435 2709 1613 2744 καλεῖσθαι
1631 2708 1770 2741 inverso
1789 2703 1911 2737 ordine

326 2771 366 2804 B.
386 2770 504 2804 invitis
523 2769 616 2802 Catt.
713 2778 746 2811 9.
773 2766 825 2799 καὶ
843 2776 913 2798 om
936 2763 976 2797 B.
996 2763 1048 2796 καὶ
1067 2763 1280 2804 κατακρατῶν
1299 2758 1452 2792 desunt
1446 2769 1482 2790 1n
1502 2756 1593 2789 Catt.
1695 2763 1747 2786 10.
1774 2751 1860 2784 ἰδίου
1879 2761 1910 2782 a.

323 2817 446 2850 οικείου
464 2815 567 2849 habet
586 2813 693 2848 Cord.
771 2810 989 2856 μετονομάζει
1014 2808 1056 2842 Β.
1074 2807 1298 2852 μετωνομάζει
1321 2805 1401 2847 (Slc)
1421 2802 1528 2837 Cord.
1547 2801 1700 2845 ὀνομάζει
1718 2811 1748 2833 a.
1765 2798 1911 2841 μετωνό-

323 2890 385 2922 pag
371 2881 403 2920 ζε
423 2878 489 2911 Ed.
678 2887 729 2928 13.
756 2875 907 2908 Versum
927 2884 978 2917 sq.
998 2870 1094 2905 addit
1112 2869 1177 2903 Ed.
1198 2869 1305 2902 invito
1331 2868 1368 2900 B.
1557 2876 1609 2907 14.
1634 2853 1846 2907 Ἰσογνώμον
1864 2860 1911 2894 D.

325 2937 367 2969 23
374 2923 480 2969 .τὸν]
500 2926 560 2957 τοῦ
581 2923 621 2957 B.
643 2922 741 2968 [Sin
757 2918 895 2964 'lisch.]
916 2918 978 2953 sed
996 2917 1041 2952 cf.
1061 2917 1082 2951 d
1102 2916 1203 2950 infra.
1332 2925 1385 2955 24.
1412 2928 1457 2948 εις
1475 2908 1710 2955 καρποφορίαν
1727 2909 1745 2942 ὁ
1762 2907 1913 2951 μαθητὴς

324 2950 462 3005 i1‘1verso
480 2970 600 3004 ordine
622 2970 661 3003 B.

2079 443 2084 452 .
2080 407 2082 415 -
2077 122 2084 391 v⁴--2—---.,..-.-⁷...⁷
2078 103 2080 107 .
2076 0 2084 90 r—-w
