2084 3317
151 173 206 215 iii.
226 187 292 229 35.
380 174 451 214 IN
495 174 536 213 S.
573 172 909 214 JOANNEM.
973 173 1098 213 LIB.
1132 173 1191 213 ΙΙ.
1256 174 1390 214 CAP.
1425 176 1501 215 IV.
1653 178 1735 216 257

147 282 372 350 ἅρχεται;
411 281 440 346 ἢ
468 287 568 336 πῶς
594 284 640 333 ἐν
667 287 725 349 τῇ
759 287 842 333 τοῦ
878 281 1052 333 δούλου
1087 287 1301 351 φανεῖται
1335 287 1513 352 μορφῇ,
1540 282 1646 334 τότε
1681 283 1736 347 δὴ

147 366 223 415 καὶ
247 363 386 428 μόλις
414 363 637 416 ἁπάντων
663 364 1044 430 ἀναδεδειγμένος
1072 364 1358 429 Δεσπότης,
1403 366 1555 431 ἄπαγε
1581 368 1662 429 τῆς
1689 367 1737 416 ἐν

144 446 324 500 τούτοις
375 447 572 501 ἀτοπίας
622 450 716 497 τῶν
768 450 1034 512 λογισμῶν·
1095 447 1206 496 ἀλλ’
1253 448 1439 513 ἐπείπερ
1490 447 1738 513 ἄνθρωπος

145 527 323 593 γέγονε,
355 527 460 579 τότε
500 530 576 579 καὶ
615 529 761 582 οὕτως
800 528 992 596 ἄρχεται
1032 533 1229 593 κρατεῖν,
1260 530 1343 580 οὐκ
1381 527 1646 590 ἀποβαλὼν
1684 529 1737 579 τὸ

102 627 123 665 5
145 610 397 676 θεοπρεπὲς
436 610 623 679 ἀξίωμα
662 609 737 660 διὰ
778 609 863 674 τὴν
899 610 1071 677 σάρκα,
1104 611 1371 671 ἀναβαίνων
1407 610 1455 662 δὲ
1494 611 1623 664 αὖθις
1663 612 1737 661 καὶ

144 691 263 754 μετὰ
299 690 478 759 σαρκὸς
513 693 586 760 ἐφ’
617 692 733 758 ὅπερ
759 691 816 756 ἧν
841 692 897 761 ἐξ
920 694 1083 759 ἀρχῆς.
1129 692 1199 743 ὅτι
1227 692 1274 743 δὲ
1300 697 1395 743 τῶν
1423 693 1738 761 ἀρχαιοτέρων
1755 705 1781 745 b

145 774 447 843 ἐπανάληψις
485 773 542 839 ἦν
577 774 636 825 τὰ
673 777 747 825 ἐπὶ
781 777 998 840 Χριστοῦ
1030 775 1339 840 θρυλούμενα,
1371 774 1737 844 πληροφορήσει

144 856 300 922 λέγων
327 855 464 910 αὐτός
491 864 519 886 “
541 856 702 923 Πάτερ
736 855 948 925 δόξασόν
973 880 1031 918 με
1066 861 1124 923 τῇ
1159 856 1276 926 δόξῃ
1310 855 1339 926 ᾗ
1375 856 1500 924 εἶχον
1524 857 1617 923 πρὸ
1655 863 1739 908 τοῦ
1799 859 1925 933 ξξξξῆ

144 945 170 968 “
196 937 279 989 τὸν
305 938 488 1002 κόσμον
515 937 629 990 εἶναι
654 939 784 1005 παρὰ
812 940 938 989 σοί.”
993 940 1106 1007 ὁρᾷς
1143 938 1270 992 ὅπως
1305 941 1357 990 οὐ
1393 938 1535 1009 δόξης
1568 940 1735 1007 ἀρχὴν,
1896 933 1905 941 ¹

75 1042 123 1067 10
143 1021 253 1070 ἀλλ’
281 1021 604 1072 ἐπανανέωσιν
631 1020 717 1085 τὴν
742 1025 804 1074 εὶς
836 1019 890 1071 τὸ
917 1022 1115 1088 ἀρχαῖον
1142 1025 1270 1083 αὶτεῖ,
1300 1024 1374 1072 καὶ
1409 1029 1548 1073 τοῦτο
1584 1023 1739 1088 λέγων

142 1103 204 1155 ὡς
248 1101 529 1169 ἄνθρωποςς
590 1102 660 1154 ὅτι
712 1102 761 1154 δὲ
807 1102 956 1155 πάλιν
999 1102 1075 1153 διὰ
1119 1103 1205 1167 τὴν
1249 1107 1332 1167 τῆς
1379 1103 1740 1170 ἀνθρωπότητος

143 1185 294 1235 αἰτίαν
318 1185 541 1236 δεδόσθαι
577 1185 763 1251 λέγεται
799 1184 859 1236 τὰ
898 1185 1049 1236 πάντα
1086 1189 1153 1254 τῷ
1179 1189 1295 1255 Υὶῲ,
1323 1186 1622 1254 πανταχόθεν
1654 1187 1740 1251 μὲν

146 1268 169 1316 ὁ
211 1267 483 1334 φιλομαθὴς
522 1266 835 1334 ἐπισωρεύσει
874 1271 1055 1335 σοφῶς,
1097 1271 1171 1318 καὶ
1217 1269 1425 1319 συνιέναι
1467 1267 1735 1333 δυνήσεται,

144 1347 360 1410 μάλιστα
387 1349 436 1400 δὲ
464 1351 517 1400 δι’
547 1351 719 1413 ἐκείνης
746 1353 828 1412 τῆς
854 1356 936 1400 τοῦ
963 1349 1152 1412 Δανιὴλ
1179 1350 1568 1417 φρικωδεστάτης
1594 1352 1739 1402 ὀπτα-
1802 1358 1949 1432 Βῆῐῒῗῑῑ-

79 1445 124 1481 15
146 1431 268 1492 σίας,
305 1432 353 1481 ἐν
388 1429 416 1498 ᾗ
455 1431 538 1482 τὸν
572 1431 659 1495 μὲν
695 1431 903 1482 παλαιὸν
942 1436 1036 1482 τῶν
1074 1432 1259 1498 ἡμερῶν
1297 1434 1554 1484 τεθεᾶσθαί
1588 1439 1777 1501 φησινο
1801 1413 1830 1443 9,
1892 1427 1896 1432 Ι

147 1513 389 1580 ἱδρυμένον
427 1515 501 1564 ἐπὶ
543 1520 626 1564 τοῦ
673 1514 858 1580 θρόνου,
897 1514 1054 1581 χιλίας
1096 1514 1143 1565 δὲ
1188 1513 1419 1581 χιλιάδας,
1460 1517 1535 1566 καὶ
1573 1517 1740 1582 μυρίας

145 1594 388 1661 μυριάδας,
415 1595 498 1649 τὰς
532 1596 617 1659 μὲν
651 1601 949 1662 λειτουργεῖν,
977 1595 1060 1649 τὰς
1096 1596 1143 1647 δὲ
1177 1598 1467 1662 παριστάναι
1503 1600 1736 1665 διισχυρί-

147 1677 282 1743 ζεται.
335 1679 607 1744 προσετίθει
644 1677 693 1728 δὲ
725 1676 907 1731 τούτοις
941 1676 995 1728 τό
1023 1685 1049 1708 “
1074 1681 1167 1729 Καὶ
1194 1677 1292 1729 ἰδοὺ
1325 1680 1443 1741 μετὰ
1476 1684 1571 1730 τῶν
1598 1684 1735 1748 νεφε-
1803 1678 1917 1761 ξὲζιᾶ

146 1765 174 1788 “
201 1764 300 1810 λῶν
327 1765 410 1811 τοῦ
436 1761 635 1826 οὐρανοῦ
663 1762 724 1814 ὡς
759 1758 854 1814 υἱὸς
888 1760 1140 1826 ἀνθρώπου
1175 1761 1423 1828 ἐρχόμενος
1456 1760 1528 1825 ἧν,
1555 1764 1631 1812 καὶ
1657 1763 1740 1816 ἕως

79 1849 175 1883 20⁶⁶
202 1848 284 1893 τοῦ
333 1848 541 1894 παλαιοῦ
592 1847 687 1893 τῶν
736 1843 919 1909 ἡμερῶν
964 1843 1188 1911 ἔφθασεν,
1232 1846 1306 1894 καὶ
1359 1844 1556 1894 ἐνώπιον
1600 1845 1742 1894 αὐτοῦ

149 1932 175 1954 “
200 1924 518 1993 προσηνέχθη,
560 1927 632 1975 καὶ
673 1925 799 1994 αὐτῷ
840 1923 977 1988 ἐδόθη
1019 1926 1046 1988 ἡ
1090 1925 1212 1993 ἀρχὴ
1254 1929 1328 1976 καὶ
1372 1927 1399 1990 ἡ
1445 1928 1556 1991 τιμὴ
1597 1930 1670 1977 καὶ
1715 1927 1740 1990 ἡ

147 2014 174 2036 “
199 2009 440 2069 βασιλεία,
472 2009 547 2058 καὶ
583 2006 757 2062 πάντες
793 2011 835 2058 οἱ
870 2009 978 2057 λαοὶ
1012 2011 1163 2076 φυλαὶ
1200 2012 1431 2073 γλῶσσαι
1467 2011 1592 2078 αὐτῷ
1627 2013 1736 2060 δου-

147 2096 174 2117 “
201 2089 508 2140 λεύσουσιν.”
576 2091 687 2158 ὁρᾷς
735 2089 862 2143 ὅπως
907 2090 955 2139 ἐν
997 2090 1180 2144 τούτοις
1226 2089 1341 2140 ὅλον
1387 2091 1496 2154 ἡμῖν
1535 2093 1740 2157 ἀκριβῶς
1761 2100 1786 2140 d

146 2170 504 2239 καταγράφεται
531 2174 612 2236 τῆς
639 2170 1038 2238 ἐνανθρωπήσεως
1066 2171 1119 2222 τὸ
1146 2172 1427 2239 μυστήριον·
1471 2174 1584 2242 ὁρᾷς
1616 2173 1741 2227 ὅπως

77 2270 127 2307 25
147 2252 411 2316 λαμβάνειν
440 2254 627 2319 λέγεται
661 2253 747 2317 τὴν
784 2255 1040 2313 ,Βασιλείαν
1072 2253 1202 2320 παρὰ
1236 2254 1428 2320 Πατρός
1464 2257 1487 2306 ὁ
1514 2256 1643 2309 Υἱός·
1689 2257 1742 2306 οὐ

147 2334 323 2401 γυμνὸς
359 2340 426 2404 τῷ
461 2335 685 2405 προφήτῃ
713 2335 883 2402 Λόγος,
913 2337 1023 2385 ἀλλ’
1054 2338 1116 2389 ὡς
1143 2336 1238 2390 υἱὸς
1273 2337 1540 2402 ἀνθρώπου,
1569 2338 1736 2405 φαινό-

147 2435 296 2482 μενος·
338 2419 623 2468 ἐταπείνωσε
648 2416 743 2484 γάρ
770 2417 948 2481 ἑαυτὸν,
976 2417 1098 2469 καθὰ
1132 2419 1410 2485 γέγραπται,
1439 2419 1651 2486 σχήματι
1684 2418 1738 2470 δι’
1804 2432 1965 2473 Phil.ii.7.

149 2499 268 2561 ἡμᾶς
304 2500 501 2564 εὑρεθεὶς
536 2501 598 2553 ὡς
632 2500 895 2567 ἅνθρωπος·
939 2500 1015 2550 ἵνα
1050 2502 1125 2550 καὶ
1164 2504 1351 2565 πρῶτος
1390 2504 1451 2553 εἷς
1485 2502 1742 2561 βασιλείαν

147 2583 422 2648 ἀνενεχθεὶς,
439 2579 560 2649 ἀρχὴ
587 2582 735 2632 πάλιν
758 2582 868 2646 ἡμῖν
892 2586 966 2632 καὶ
994 2582 1100 2636 ὁδὸς
1127 2585 1209 2646 τῆς
1236 2587 1298 2635 εἷς
1322 2583 1577 2642 βασιλείαν
1600 2583 1741 2651 δόξης

199 2789 226 2811 ῐ.
253 2776 409 2823 φαίνεται
432 2777 473 2810 Β.
647 2788 678 2812 2.
703 2778 1054 2823 ἅπαγε-λογισμῶν]
1076 2779 1110 2812 ἐν
1127 2777 1259 2813 τούτοις
1276 2779 1333 2812 τὸν
1350 2779 1521 2823 λογισμὸν
1538 2778 1678 2814 ἀτοπίας
1699 2780 1739 2816 Β.

148 2838 182 2867 4.
208 2825 418 2862 ἀποβάλλων
438 2824 478 2859 Β.
641 2835 694 2860 10.
719 2826 777 2868 τῆς
794 2836 858 2870 pro
875 2825 934 2869 τὴν
954 2825 994 2858 Β.
1160 2837 1212 2867 14.
1239 2825 1517 2870 φρικωδεστάτης
1535 2827 1594 2859 τοῦ
1614 2828 1740 2870 Δανιὴλ

149 2872 288 2906 inverso
305 2870 426 2905 ordine
447 2871 488 2904 B.
642 2871 694 2905 16.
720 2873 780 2906 τοῦ
798 2883 867 2907 om.
890 2872 930 2906 B.
1084 2882 1135 2916 17.
1161 2872 1364 2916 παριστάναι
1385 2871 1426 2905 Β.
1445 2873 1653 2916 παρεστάναι
1673 2874 1739 2908 Ed.

150 2944 205 2969 21.
232 2934 321 2978 αὐτῷ
343 2932 436 2966 B.D.
455 2933 537 2976 αὐτῇ
560 2932 624 2966 Ed.
769 2945 824 2979 23.
851 2934 942 2971 ὅπως
963 2935 1003 2968 Β.
1023 2938 1094 2970 πῶς
1113 2934 1178 2969 Ed.
1326 2946 1380 2979 29.
1406 2934 1526 2980 πάλιν]
1546 2921 1680 2973 πάδῗων
1700 2937 1740 2974 Βὃ

152 2980 278 3014 Statim
297 2980 388 3023 ἡμῶν
410 2980 449 3014 Β.

209 3047 299 3075 VOL.
325 3048 353 3074 1.
924 3047 947 3075 Ι,
970 3036 981 3075 l
