2084 3317
354 176 438 216 370
757 178 805 217 Β.
841 177 1117 217 CYRILLI
1161 177 1537 218 ALEXANDR.
1814 190 1853 215 v.
1874 186 1939 229 35.

352 286 475 348 ἱερᾶς
514 307 561 335 τε
602 287 676 335 καὶ
712 286 836 340 θείας
876 291 958 336 τοῦ
988 289 1207 351 Σωτῆρος
1246 287 1408 346 αὐλῆς.
1466 284 1520 336 τὸ
1554 283 1704 351 γεμὴν
1731 284 1823 353 ἔξω
1859 288 1941 333 τοῦ

350 365 775 429 καταπετάσματος
811 369 1014 433 ὁρᾶσθαι
1049 366 1132 417 τὸν
1166 367 1356 434 λύχνον,
1383 366 1529 417 ἔοικεν
1560 368 1843 431 ὑποδηλοῦν,
1871 364 1942 415 ὅτι

349 445 432 496 τὸν
477 448 809 513 ἁπλούστερον
852 471 902 499 τε
948 471 1023 499 και
1069 447 1385 514 εἰσαγωγικὸν
1429 449 1625 498 εἶσοίσει
1677 445 1942 515 φωτισμὸν,

126 535 287 609 J'vfflffatth·
309 550 330 577 e
350 535 377 556 “
404 532 687 580 Μετανοεῖτε
714 530 888 595 λέγων,
917 530 1081 594 ἠγγικε
1115 529 1210 596 γὰρ
1243 530 1271 593 ἡ
1299 529 1526 590 βασιλεία
1560 534 1654 580 τῶν
1683 529 1909 595 οὐρανῶν·

212 603 219 619 ’
348 614 442 660 τῶν
478 610 526 661 δε
564 611 660 661 ἔσω
699 617 782 661 τοῦ
823 633 1249 674 καταπετάσματος
1290 610 1725 676 ἀποκεκρυμμενων,
1758 609 1983 673 δηλαδὴ5

347 696 430 742 τοῦ
466 694 686 758 Σωτῆρος
724 693 856 756 ἡμῶν
893 693 1183 758 μυστηρίων,
1220 690 1353 743 οὐδὲν
1392 692 1514 745 ολως
1554 691 1942 743 ἐπιδεικνύει.οὑ

346 772 440 838 γὰρ
482 773 742 833 ἐβάπτισεν
780 778 842 827 εἷς
885 775 1141 837 μετουσίαν
1171 775 1339 840 εἈγιου
1375 773 1665 836 Πνεύματος,
1693 772 1796 823 οὐδὲ
1835 795 1938 822 εισ-

347 852 539 918 ήνεγκεν
573 855 598 905 ὁ
640 856 749 922 παρ’
787 856 930 906 αὐτοῦ
971 855 1221 923 φωτισμὸς
1266 859 1328 909 εἷς
1368 853 1423 906 τὸ
1468 855 1565 906 ε”σω
1605 859 1687 905 τοῦ
1732 877 1936 905 καταπε-

122 939 211 970 Heb.
227 940 271 971 5³<-
349 934 607 999 τάσματος·
647 936 704 1002 ἧν
730 936 823 1004 γὰρ
849 939 923 989 ἐπὶ
950 940 1032 1002 τῆς
1058 937 1150 1007 ἔξω
1178 940 1359 1002 σκηνῆς
1386 944 1412 967 “
1431 939 1514 1001 τῆς
1541 936 1742 1004 ἐχούσης
1765 935 1831 987 ε”τι
1857 935 1942 1000 τὴν

122 984 151 1015 8.

349 1016 605 1069 “’στάσιν’
634 1019 754 1070 κατὰ
791 1019 878 1084 τὴν
913 1025 996 1070 τοῦ
1026 1019 1226 1071 Παύλου
1259 1019 1440 1087 φωνήν.
1497 1017 1653 1083 ἐπειδὴ
1690 1016 1743 1068 δέ
1775 1022 1940 1086 φησιν,
1964 1040 2011 1065 10

118 1108 268 1182 ἓξὲξ-21
349 1122 419 1150 οτι
445 1101 520 1150 καὶ
547 1107 573 1129 “
597 1100 780 1152 Καύσει
806 1100 948 1152 αὐτον
974 1099 1164 1168 Ἀαρὼν
1191 1103 1266 1151 καὶ
1301 1104 1343 1152 οἱ
1380 1103 1466 1152 υἱοὶ
1501 1101 1643 1151 αὐτοῦ
1676 1099 1770 1150 ἀπὸ
1797 1099 1938 1150 ἑσπέ-

120 1200 266 1234 251Α.
306 1188 360 1234 a‘
364 1188 486 1248 ςρας
525 1205 608 1235 εως
653 1206 776 1248 πρωι
814 1183 1021 1234 ἐναντίον
1059 1183 1253 1249 Κυρίου,
1293 1181 1490 1245 νόμιμον
1530 1182 1715 1232 αὶωνιον
1755 1185 1817 1234 εἷς
1856 1204 1941 1235 τας

344 1270 372 1292 “
397 1263 560 1328 γενεὰς
599 1264 771 1327 ὑμῶν,”
799 1267 998 1315 τοιῶσδε
1036 1263 1185 1315 πάλιν
1217 1266 1387 1328 νοῆσαι
1421 1262 1682 1330 προσήκειν
1720 1260 1846 1326 οἶμαι
1885 1261 1939 1313 τὸ

342 1344 594 1410 εἰρημένον.
648 1344 837 1411 Ἀαρὼν
861 1349 936 1396 καὶ
971 1348 1015 1396 οὶ
1050 1347 1137 1396 υἱοὶ
1164 1346 1306 1396 αὐτοῦ
1332 1344 1440 1399 τοὺς
1466 1347 1514 1396 ἐν
1539 1349 1640 1398 ταῖς
1666 1344 1939 1408 ἐκκλησίαις

341 1426 460 1477 κατὰ
495 1425 656 1492 καιρὸν
684 1431 1037 1494 ἱερουργοῦντας
1074 1428 1476 1491 ὑποσημαίνουσι,
1507 1427 1725 1478 τουτέστι
1757 1424 1865 1479 τοὺς
1890 1427 1938 1476 ἐν
1961 1449 2008 1487 15

340 1509 500 1562 αὐταῖς
540 1508 874 1571 διδασκάλους,
911 1532 986 1559 και
1025 1513 1118 1560 τῶν
1154 1510 1290 1560 θείων
1326 1509 1681 1575 θυσιαστηρίων
1720 1515 1933 1573 λειτουρ-

339 1590 465 1654 γούς·
508 1590 633 1642 οὗτοι
672 1590 755 1641 τὸν
789 1590 968 1658 λύχνον
994 1590 1077 1641 τὸν
1110 1591 1296 1656 νοητὸν,
1326 1591 1545 1642 τουτέστι
1584 1590 1667 1642 τὸν
1699 1588 1937 1686 Ἰωάννην,

340 1674 408 1723 ἀει
454 1672 787 1737 διαλάμποντα
830 1678 986 1770 τηρεῖν
1025 1672 1368 1724 ἐπιτάττονται·
1416 1678 1555 1724 τοῦτο
1606 1671 1699 1739 γάρ
1739 1673 1842 1722 ἐστι
1883 1669 1938 1722 τό

117 1772 168 1804 Ib.
341 1760 368 1783 ‘⁶
397 1755 680 1806 Καύσουσιν
707 1754 848 1805 αὐτὸν
875 1753 968 1806 ἀπὸ
994 1755 1197 1821 ἑσπέρας
1233 1755 1319 1809 ἕως
1351 1754 1489 1820 πρωΐ.
1492 1753 1517 1771 ”
1569 1755 1594 1804 ὃ
1620 1753 1714 1820 γὰρ
1741 1753 1937 1818 σύμπας·

339 1836 517 1902 καιρὸς,
561 1838 609 1887 ἐν
647 1835 684 1905 ᾧ
730 1839 944 1903 προσῆκε
985 1859 1040 1887 το
1079 1842 1162 1887 τοῦ
1202 1836 1381 1904 λύχνου
1423 1837 1678 1905 φαίνεσθαι
1718 1840 1838 1904 φῶς,
1881 1834 1936 1886 τὸ
1959 1857 2008 1882 20

293 1930 320 1971 b
338 1916 485 1979 μῆκός
530 1918 633 1968 ἐστι
678 1920 761 1981 τῆς
811 1916 992 1976 νυκτὸς,
1039 1919 1093 1968 δι’
1142 1918 1196 1969 οὗ
1239 1918 1517 1983 σημαίνεται
1568 1924 1652 1969 τοῦ
1702 1916 1937 1983 παρόντος

338 2002 503 2052 αἰῶνος
539 1999 593 2049 τὸ
628 1999 816 2065 με’τρον.
873 2003 976 2066 φῶς
1014 1998 1107 2065 γὰρ
1139 1999 1221 2050 τὸν
1254 1998 1498 2062 μέλλοντα
1537 2004 1734 2063 νοοῦμεν
1775 2002 1934 2052 αἰῶνα.

338 2080 513 2131 καίεται
539 2079 700 2146 γεμὴν,
728 2080 830 2145 ἤτοι
856 2079 1076 2147 λαμπρὸς
1109 2082 1134 2131 ὁ
1161 2081 1334 2148 λύχνος
1360 2081 1742 2150 διαφυλάττεται,
1770 2081 1936 2145 δεκτὴν

338 2164 406 2212 ἀεὶ
448 2167 542 2215 τοῖς
582 2160 891 2213 πιστεύουσιν
929 2166 992 2216 εἷς
1030 2162 1247 2229 Χριστὸν
1287 2162 1373 2226 τὴν
1411 2164 1479 2214 ἐπ’
1514 2164 1640 2232 αὐτῷ
1680 2164 1935 2232 δᾳδουχίαν

336 2245 626 2307 ποιούμενος,
655 2245 729 2294 καὶ
765 2242 925 2310 ὅτιπέρ
957 2245 1089 2295 ἐστιν
1115 2242 1296 2308 ἀληθὴς
1333 2244 1391 2295 τὰ
1429 2250 1622 2296 τοιαῦτα
1648 2245 1805 2310 λέγων
1829 2248 1933 2312 περὶ
1955 2268 2004 2306 25

337 2328 554 2391 Χριστοῦ
591 2325 666 2376 διὰ
701 2327 862 2393 φωνῆς
897 2329 992 2376 τῶν
1024 2325 1143 2377 κατὰ
1182 2326 1367 2393 καιροὺς
1407 2326 1562 2394 ἱερέων
1588 2327 1930 2394 ἐπιμαρτυρού-

336 2429 489 2470 μενος.

402 2486 508 2539 Ἵνα
543 2488 596 2539 δέ
623 2512 682 2540 σε
717 2488 885 2558 διδάξῃ
912 2490 1047 2553 Θεὸς,
1076 2490 1146 2541 ὅτι
1182 2489 1257 2541 διὰ
1293 2490 1460 2543 τούτου
1494 2489 1576 2542 τὸν
1601 2496 1684 2542 τοῦ
1712 2492 1933 2557 Σωτῆρος

298 2571 661 2636 οπροανετύπου
695 2571 1015 2639 προάγγελον,
1042 2571 1176 2626 εὐθὺς
1210 2572 1517 2625 ἐπισυνάπτει
1552 2572 1637 2638 τὴν
1671 2578 1766 2625 τῶν
1801 2577 1928 2641 ἱερα-

387 2748 416 2772 1.
443 2738 547 2782 αὐλῆς
564 2740 625 2772 τοῦ
642 2741 796 2784 Σωτῆρος
812 2739 952 2774 inverso
970 2738 1091 2774 ordine
1109 2739 1195 2775 Nik.
1332 2752 1364 2785 3.
1392 2755 1428 2775 τε
1445 2752 1514 2775 om.
1536 2740 1622 2775 Nik.
1784 2749 1818 2786 5.
1844 2741 1929 2776 ἀπο-

334 2784 583 2830 κεκρυμμένων]
603 2789 670 2819 τῶν
685 2785 986 2830 ἀποκεκρυμμενων
1010 2786 1050 2820 Β.
1267 2800 1299 2832 9.
1328 2788 1383 2821 ἐπὶ
1402 2800 1463 2832 pro
1480 2789 1529 2821 ἔτι
1549 2788 1590 2821 Β.
1820 2798 1872 2822 11.
1899 2788 1930 2822 οἶ

334 2837 556 2875 assumptum
575 2843 615 2864 ex
636 2832 677 2865 B.
697 2836 737 2866 ut
755 2844 873 2877 supra.
1052 2843 1198 2875 14—22.
1227 2833 1323 2868 Haec
1342 2835 1424 2868 citat
1442 2834 1527 2868 Nik.
1546 2835 1568 2868 1.
1587 2845 1616 2868 c.
1790 2843 1844 2878 17.
1870 2835 1930 2868 τὸν

333 2878 451 2918 νοητὸν
468 2876 595 2922 λύχνον
613 2878 696 2912 Nik.
802 2890 856 2914 20.
882 2878 1080 2923 προσήκειι
1067 2879 1152 2913 Nik.
1218 2882 1277 2914 τοῦ
1295 2892 1365 2914 om.
1387 2881 1428 2914 Β.
1447 2880 1553 2915 habet
1572 2880 1656 2914 'Nik.
1756 2890 1811 2924 23.
1837 2880 1927 2914 καίε-

333 2921 403 2967 ται]
424 2924 477 2957 καὶ
495 2924 543 2958 ἔτι
563 2924 609 2958 D.
708 2925 763 2960 26.
791 2927 905 2970 καιρὸν
921 2925 963 2962 Β.
1016 2926 1210 2972 Utramque
1229 2927 1376 2962 formam
1395 2926 1535 2961 exhibet
1554 2927 1600 2961 D.
1701 2937 1756 2972 29.
1782 2940 1927 2971 προανε-

333 2968 438 3002 τύπου
459 2969 500 3004 Β.
519 2969 683 3005 ἇνετύπου
702 2971 769 3006 Ed.
