<?xml version="1.0" encoding="UTF-8"?>
<!DOCTYPE html PUBLIC "-//W3C//DTD XHTML 1.0 Transitional//EN"
    "http://www.w3.org/TR/xhtml1/DTD/xhtml1-transitional.dtd">
<html xmlns="http://www.w3.org/1999/xhtml" xml:lang="en" lang="en">
 <head>
  <title>
</title>
<meta http-equiv="Content-Type" content="text/html;charset=utf-8" />
  <meta name='ocr-system' content='tesseract 3.04.00' />
  <meta name='ocr-capabilities' content='ocr_page ocr_carea ocr_par ocr_line ocrx_word'/>
</head>
<body>
  <div class='ocr_page' id='page_1' title='image "./operacyrilli03cyriuoft/operacyrilli03cyriuoft_0656.png"; bbox 0 0 2084 3317; ppageno 0'>
   <div class='ocr_carea' id='block_1_1' title="bbox 347 142 1933 189">
    <p class='ocr_par' dir='ltr' id='par_1_1' title="bbox 347 142 1933 189">
     <span class='ocr_line' id='line_1_1' title="bbox 347 142 1933 189; baseline -0.001 -4"><span class='ocrx_word' id='word_1_1' title='bbox 347 147 431 186; x_wconf 88' lang='lat'>570</span> <span class='ocrx_word' id='word_1_2' title='bbox 750 149 800 189; x_wconf 92' lang='lat' dir='ltr'>B.</span> <span class='ocrx_word' id='word_1_3' title='bbox 834 144 1113 189; x_wconf 88' lang='lat' dir='ltr'>CYRILLI</span> <span class='ocrx_word' id='word_1_4' title='bbox 1152 143 1535 187; x_wconf 87' lang='lat' dir='ltr'><strong>ALEXANDR.</strong></span> <span class='ocrx_word' id='word_1_5' title='bbox 1791 143 1846 185; x_wconf 84' lang='lat' dir='ltr'>vi.</span> <span class='ocrx_word' id='word_1_6' title='bbox 1866 142 1933 184; x_wconf 87' lang='lat'>68.</span> 
     </span>
    </p>
   </div>
   <div class='ocr_carea' id='block_1_2' title="bbox 349 252 1936 322">
    <p class='ocr_par' dir='ltr' id='par_1_2' title="bbox 349 252 1936 322">
     <span class='ocr_line' id='line_1_2' title="bbox 349 252 1936 322; baseline -0.002 -15"><span class='ocrx_word' id='word_1_7' title='bbox 349 257 410 307; x_wconf 84' lang='grc' dir='ltr'>εἰς</span> <span class='ocrx_word' id='word_1_8' title='bbox 447 256 625 322; x_wconf 81' lang='grc' dir='ltr'>ἀδρανῆ</span> <span class='ocrx_word' id='word_1_9' title='bbox 665 256 892 311; x_wconf 82' lang='grc' dir='ltr'>πεσόντες</span> <span class='ocrx_word' id='word_1_10' title='bbox 932 257 1108 308; x_wconf 85' lang='grc' dir='ltr'>δειλίαν</span> <span class='ocrx_word' id='word_1_11' title='bbox 1148 259 1189 307; x_wconf 83' lang='grc' dir='ltr'>οὶ</span> <span class='ocrx_word' id='word_1_12' title='bbox 1228 255 1599 317; x_wconf 79' lang='grc' dir='ltr'>κεκελευσμένοι,</span> <span class='ocrx_word' id='word_1_13' title='bbox 1639 255 1715 304; x_wconf 82' lang='grc' dir='ltr'>καὶ</span> <span class='ocrx_word' id='word_1_14' title='bbox 1759 252 1936 319; x_wconf 82' lang='grc' dir='ltr'>ῥώμαις</span> 
     </span>
    </p>
   </div>
   <div class='ocr_carea' id='block_1_3' title="bbox 127 338 1937 448">
    <p class='ocr_par' dir='ltr' id='par_1_3' title="bbox 127 338 1937 448">
     <span class='ocr_line' id='line_1_3' title="bbox 348 338 1937 406; baseline 0.001 -19"><span class='ocrx_word' id='word_1_15' title='bbox 348 341 448 390; x_wconf 81' lang='grc' dir='ltr'>ταῖς</span> <span class='ocrx_word' id='word_1_16' title='bbox 479 339 654 390; x_wconf 80' lang='grc' dir='ltr'>ἑαυτῶν</span> <span class='ocrx_word' id='word_1_17' title='bbox 691 341 937 393; x_wconf 82' lang='grc' dir='ltr'>ἀναθέντες</span> <span class='ocrx_word' id='word_1_18' title='bbox 974 338 1028 390; x_wconf 82' lang='grc' dir='ltr'>τὸ</span> <span class='ocrx_word' id='word_1_19' title='bbox 1063 342 1338 404; x_wconf 84' lang='grc' dir='ltr'>κατορθοῦν,</span> <span class='ocrx_word' id='word_1_20' title='bbox 1366 340 1441 388; x_wconf 82' lang='grc' dir='ltr'>καὶ</span> <span class='ocrx_word' id='word_1_21' title='bbox 1477 339 1580 406; x_wconf 79' lang='grc' dir='ltr'>οὐχὶ</span> <span class='ocrx_word' id='word_1_22' title='bbox 1613 342 1806 402; x_wconf 82' lang='grc' dir='ltr'>μᾶλλον</span> <span class='ocrx_word' id='word_1_23' title='bbox 1836 340 1937 389; x_wconf 81' lang='grc' dir='ltr'>ταῖς</span> 
     </span>
     <span class='ocr_line' id='line_1_4' title="bbox 127 417 264 448; baseline 0 -1"><span class='ocrx_word' id='word_1_24' title='bbox 127 418 227 447; x_wconf 77' lang='lat' dir='ltr'><strong>Dent.</strong></span> <span class='ocrx_word' id='word_1_25' title='bbox 244 417 264 448; x_wconf 83' lang='lat' dir='ltr'>i.</span> 
     </span>
    </p>
   </div>
   <div class='ocr_carea' id='block_1_4' title="bbox 127 417 1939 500">
    <p class='ocr_par' dir='ltr' id='par_1_4' title="bbox 127 417 1939 500">
     <span class='ocr_line' id='line_1_5' title="bbox 127 417 1939 500; baseline 0 -32"><span class='ocrx_word' id='word_1_26' title='bbox 127 471 177 500; x_wconf 62' lang='lat'>4³·</span> <span class='ocrx_word' id='word_1_27' title='bbox 350 418 528 470; x_wconf 77' lang='grc' dir='ltr'>ἄνωθεν</span> <span class='ocrx_word' id='word_1_28' title='bbox 582 422 860 487; x_wconf 85' lang='grc' dir='ltr'>ἐπικουρίαις</span> <span class='ocrx_word' id='word_1_29' title='bbox 923 420 1354 487; x_wconf 86' lang='grc' dir='ltr'>ἐπιθαρσήσαντες,</span> <span class='ocrx_word' id='word_1_30' title='bbox 1409 420 1688 472; x_wconf 83' lang='grc' dir='ltr'>καθίσαντες</span> <span class='ocrx_word' id='word_1_31' title='bbox 1748 417 1939 469; x_wconf 78' lang='grc' dir='ltr'>ἐ’κλαιον</span> 
     </span>
    </p>
   </div>
   <div class='ocr_carea' id='block_1_5' title="bbox 349 499 1938 568">
    <p class='ocr_par' dir='ltr' id='par_1_5' title="bbox 349 499 1938 568">
     <span class='ocr_line' id='line_1_6' title="bbox 349 499 1938 568; baseline -0.001 -18"><span class='ocrx_word' id='word_1_32' title='bbox 349 500 480 567; x_wconf 81' lang='grc' dir='ltr'>παρὰ</span> <span class='ocrx_word' id='word_1_33' title='bbox 530 501 584 552; x_wconf 81' lang='grc' dir='ltr'>τὸ</span> <span class='ocrx_word' id='word_1_34' title='bbox 636 503 759 568; x_wconf 81' lang='grc' dir='ltr'>ὅρος,</span> <span class='ocrx_word' id='word_1_35' title='bbox 807 502 929 554; x_wconf 79' lang='grc' dir='ltr'>καθὰ</span> <span class='ocrx_word' id='word_1_36' title='bbox 979 501 1259 568; x_wconf 87' lang='grc' dir='ltr'>γέγραπται·</span> <span class='ocrx_word' id='word_1_37' title='bbox 1321 503 1395 552; x_wconf 80' lang='grc' dir='ltr'>ἐπὶ</span> <span class='ocrx_word' id='word_1_38' title='bbox 1445 501 1625 554; x_wconf 82' lang='grc' dir='ltr'>τούτοις</span> <span class='ocrx_word' id='word_1_39' title='bbox 1675 499 1862 552; x_wconf 75' lang='grc' dir='ltr'>εἰκότως</span> <span class='ocrx_word' id='word_1_40' title='bbox 1913 500 1938 549; x_wconf 87' lang='grc' dir='ltr'>ὁ</span> 
     </span>
    </p>
   </div>
   <div class='ocr_carea' id='block_1_6' title="bbox 351 582 1980 653">
    <p class='ocr_par' dir='ltr' id='par_1_6' title="bbox 351 582 1980 653">
     <span class='ocr_line' id='line_1_7' title="bbox 351 582 1980 653; baseline -0.002 -20"><span class='ocrx_word' id='word_1_41' title='bbox 351 584 604 648; x_wconf 75' lang='grc' dir='ltr'>νομοθέτης</span> <span class='ocrx_word' id='word_1_42' title='bbox 643 585 1003 653; x_wconf 76' lang='grc' dir='ltr'>ἐξεπικραίνετο,</span> <span class='ocrx_word' id='word_1_43' title='bbox 1040 587 1115 635; x_wconf 78' lang='grc' dir='ltr'>καὶ</span> <span class='ocrx_word' id='word_1_44' title='bbox 1155 584 1335 648; x_wconf 84' lang='grc' dir='ltr'>ἠπείλει</span> <span class='ocrx_word' id='word_1_45' title='bbox 1375 582 1542 634; x_wconf 83' lang='grc' dir='ltr'>λοιπὸν</span> <span class='ocrx_word' id='word_1_46' title='bbox 1582 582 1686 634; x_wconf 84' lang='grc' dir='ltr'>οὐδὲ</span> <span class='ocrx_word' id='word_1_47' title='bbox 1724 583 1980 632; x_wconf 79' lang='grc' dir='ltr'>ἀποίσεινό</span> 
     </span>
    </p>
   </div>
   <div class='ocr_carea' id='block_1_7' title="bbox 127 662 1942 1143">
    <p class='ocr_par' dir='ltr' id='par_1_7' title="bbox 127 662 1942 1143">
     <span class='ocr_line' id='line_1_8' title="bbox 350 662 1940 732; baseline 0.001 -18"><span class='ocrx_word' id='word_1_48' title='bbox 350 670 412 718; x_wconf 80' lang='grc' dir='ltr'>εἷς</span> <span class='ocrx_word' id='word_1_49' title='bbox 437 665 523 729; x_wconf 89' lang='grc' dir='ltr'>τὴν</span> <span class='ocrx_word' id='word_1_50' title='bbox 548 668 638 731; x_wconf 89' lang='grc' dir='ltr'>γῆν</span> <span class='ocrx_word' id='word_1_51' title='bbox 664 669 746 730; x_wconf 86' lang='grc' dir='ltr'>τῆς</span> <span class='ocrx_word' id='word_1_52' title='bbox 772 666 1061 732; x_wconf 86' lang='grc' dir='ltr'>ἐπαγγελίας</span> <span class='ocrx_word' id='word_1_53' title='bbox 1087 665 1267 719; x_wconf 85' lang='grc' dir='ltr'>αὐτούς.</span> <span class='ocrx_word' id='word_1_54' title='bbox 1320 666 1688 732; x_wconf 88' lang='grc' dir='ltr'>καταδηχθέντες</span> <span class='ocrx_word' id='word_1_55' title='bbox 1722 663 1770 714; x_wconf 80' lang='grc' dir='ltr'>δὲ</span> <span class='ocrx_word' id='word_1_56' title='bbox 1801 662 1940 726; x_wconf 82' lang='grc' dir='ltr'>μόλις</span> 
     </span>
     <span class='ocr_line' id='line_1_9' title="bbox 349 746 1935 813; baseline -0.002 -16"><span class='ocrx_word' id='word_1_57' title='bbox 349 750 432 810; x_wconf 84' lang='grc' dir='ltr'>τῆς</span> <span class='ocrx_word' id='word_1_58' title='bbox 471 749 682 812; x_wconf 79' lang='grc' dir='ltr'>ἀπειλῆς,</span> <span class='ocrx_word' id='word_1_59' title='bbox 723 750 798 798; x_wconf 76' lang='grc' dir='ltr'>καὶ</span> <span class='ocrx_word' id='word_1_60' title='bbox 836 752 898 801; x_wconf 80' lang='grc' dir='ltr'>εἷς</span> <span class='ocrx_word' id='word_1_61' title='bbox 936 746 1237 812; x_wconf 79' lang='grc' dir='ltr'>μετάγνωσιν</span> <span class='ocrx_word' id='word_1_62' title='bbox 1276 747 1537 813; x_wconf 75' lang='grc' dir='ltr'>ἐνεχθέντες</span> <span class='ocrx_word' id='word_1_63' title='bbox 1581 746 1663 796; x_wconf 82' lang='grc' dir='ltr'>οὐκ</span> <span class='ocrx_word' id='word_1_64' title='bbox 1704 746 1935 810; x_wconf 77' lang='grc' dir='ltr'>εὔκαιρον,</span> 
     </span>
     <span class='ocr_line' id='line_1_10' title="bbox 127 825 1941 897; baseline -0.001 -19"><span class='ocrx_word' id='word_1_65' title='bbox 127 845 214 878; x_wconf 85' lang='grc'>389</span> <span class='ocrx_word' id='word_1_66' title='bbox 230 843 281 878; x_wconf 91' lang='lat' dir='ltr'>A.</span> <span class='ocrx_word' id='word_1_67' title='bbox 312 831 619 890; x_wconf 63' lang='grc' dir='ltr'>ἃάναβαίνειν</span> <span class='ocrx_word' id='word_1_68' title='bbox 663 829 942 897; x_wconf 81' lang='grc' dir='ltr'>ἐπεχείρουν,</span> <span class='ocrx_word' id='word_1_69' title='bbox 989 832 1038 880; x_wconf 85' lang='grc' dir='ltr'>ἐκ</span> <span class='ocrx_word' id='word_1_70' title='bbox 1082 832 1324 894; x_wconf 82' lang='grc' dir='ltr'>παρακοῆς</span> <span class='ocrx_word' id='word_1_71' title='bbox 1376 829 1603 896; x_wconf 86' lang='grc' dir='ltr'>δευτέρας,</span> <span class='ocrx_word' id='word_1_72' title='bbox 1648 827 1778 879; x_wconf 78' lang='grc' dir='ltr'>ὅπλα</span> <span class='ocrx_word' id='word_1_73' title='bbox 1822 825 1941 877; x_wconf 82' lang='grc' dir='ltr'>κατὰ</span> 
     </span>
     <span class='ocr_line' id='line_1_11' title="bbox 351 907 1942 979; baseline -0.002 -18"><span class='ocrx_word' id='word_1_74' title='bbox 351 916 446 962; x_wconf 90' lang='grc' dir='ltr'>τῶν</span> <span class='ocrx_word' id='word_1_75' title='bbox 483 912 781 979; x_wconf 84' lang='grc' dir='ltr'>Ἀμοῤῥαίων</span> <span class='ocrx_word' id='word_1_76' title='bbox 820 911 1137 979; x_wconf 81' lang='grc' dir='ltr'>ἁρπάσαντες.</span> <span class='ocrx_word' id='word_1_77' title='bbox 1206 910 1338 961; x_wconf 80' lang='grc' dir='ltr'>ἀλλὰ</span> <span class='ocrx_word' id='word_1_78' title='bbox 1382 909 1670 977; x_wconf 88' lang='grc' dir='ltr'>προηγόρευε</span> <span class='ocrx_word' id='word_1_79' title='bbox 1717 907 1839 962; x_wconf 80' lang='grc' dir='ltr'>Θεὸς</span> <span class='ocrx_word' id='word_1_80' title='bbox 1881 907 1942 959; x_wconf 84' lang='grc' dir='ltr'>τὰ</span> 
     </span>
     <span class='ocr_line' id='line_1_12' title="bbox 127 990 1923 1075; baseline -0.003 -30"><span class='ocrx_word' id='word_1_81' title='bbox 127 992 226 1075; x_wconf 31' lang='lat' dir='ltr'>{jun</span> <span class='ocrx_word' id='word_1_82' title='bbox 247 992 268 1022; x_wconf 66' lang='lat' dir='ltr'>i·</span> <span class='ocrx_word' id='word_1_83' title='bbox 351 993 554 1058; x_wconf 88' lang='grc' dir='ltr'>ἐσόμενα</span> <span class='ocrx_word' id='word_1_84' title='bbox 580 993 656 1045; x_wconf 79' lang='grc' dir='ltr'>διὰ</span> <span class='ocrx_word' id='word_1_85' title='bbox 679 993 941 1048; x_wconf 80' lang='grc' dir='ltr'>Μωυσέως·</span> <span class='ocrx_word' id='word_1_86' title='bbox 981 992 1078 1045; x_wconf 77' lang='grc' dir='ltr'>εἶπε</span> <span class='ocrx_word' id='word_1_87' title='bbox 1106 992 1200 1060; x_wconf 77' lang='grc' dir='ltr'>γὰρ</span> <span class='ocrx_word' id='word_1_88' title='bbox 1228 1001 1255 1022; x_wconf 85' lang='grc'>“</span> <span class='ocrx_word' id='word_1_89' title='bbox 1278 994 1434 1046; x_wconf 81' lang='grc' dir='ltr'>αὐτοῖς</span> <span class='ocrx_word' id='word_1_90' title='bbox 1452 993 1558 1044; x_wconf 82' lang='grc' dir='ltr'>Οὐκ</span> <span class='ocrx_word' id='word_1_91' title='bbox 1584 990 1923 1056; x_wconf 86' lang='grc' dir='ltr'>ἀναβήσεσθε,’</span> 
     </span>
     <span class='ocr_line' id='line_1_13' title="bbox 353 1074 1942 1143; baseline -0.003 -16"><span class='ocrx_word' id='word_1_92' title='bbox 353 1077 490 1143; x_wconf 75' lang='grc' dir='ltr'>φησὶ,</span> <span class='ocrx_word' id='word_1_93' title='bbox 532 1084 557 1106; x_wconf 84' lang='grc'><strong>“</strong></span> <span class='ocrx_word' id='word_1_94' title='bbox 584 1079 660 1127; x_wconf 80' lang='grc' dir='ltr'>καὶ</span> <span class='ocrx_word' id='word_1_95' title='bbox 707 1077 760 1127; x_wconf 82' lang='grc' dir='ltr'>οὐ</span> <span class='ocrx_word' id='word_1_96' title='bbox 801 1075 867 1140; x_wconf 85' lang='grc' dir='ltr'>μὴ</span> <span class='ocrx_word' id='word_1_97' title='bbox 912 1080 1139 1127; x_wconf 85' lang='grc' dir='ltr'>πεσεῖσθε</span> <span class='ocrx_word' id='word_1_98' title='bbox 1184 1074 1277 1142; x_wconf 81' lang='grc' dir='ltr'>πρὸ</span> <span class='ocrx_word' id='word_1_99' title='bbox 1321 1074 1585 1141; x_wconf 82' lang='grc' dir='ltr'>προσώπου</span> <span class='ocrx_word' id='word_1_100' title='bbox 1627 1077 1722 1124; x_wconf 88' lang='grc' dir='ltr'>τῶν</span> <span class='ocrx_word' id='word_1_101' title='bbox 1760 1075 1942 1140; x_wconf 83' lang='grc' dir='ltr'>ἐχθρῶν</span> 
     </span>
    </p>
   </div>
   <div class='ocr_carea' id='block_1_8' title="bbox 353 1153 1942 1257">
    <p class='ocr_par' dir='ltr' id='par_1_8' title="bbox 353 1153 1942 1257">
     <span class='ocr_line' id='line_1_14' title="bbox 353 1153 1942 1257; baseline -0.002 -50"><span class='ocrx_word' id='word_1_102' title='bbox 353 1164 380 1186; x_wconf 83' lang='grc'><strong>“</strong></span> <span class='ocrx_word' id='word_1_103' title='bbox 408 1159 550 1220; x_wconf 85' lang='grc' dir='ltr'>ὑμῶν,</span> <span class='ocrx_word' id='word_1_104' title='bbox 577 1159 630 1208; x_wconf 85' lang='grc' dir='ltr'>οὐ</span> <span class='ocrx_word' id='word_1_105' title='bbox 661 1156 754 1257; x_wconf 69' lang='grc' dir='ltr'>γάρ</span> <span class='ocrx_word' id='word_1_106' title='bbox 787 1162 876 1220; x_wconf 82' lang='grc' dir='ltr'>εἶμι</span> <span class='ocrx_word' id='word_1_107' title='bbox 903 1159 1010 1221; x_wconf 85' lang='grc' dir='ltr'>μεθ’</span> <span class='ocrx_word' id='word_1_108' title='bbox 1042 1159 1212 1221; x_wconf 83' lang='grc' dir='ltr'>ὑμῶν.”</span> <span class='ocrx_word' id='word_1_109' title='bbox 1263 1160 1481 1224; x_wconf 87' lang='grc' dir='ltr'>πανταχῆ</span> <span class='ocrx_word' id='word_1_110' title='bbox 1519 1156 1565 1206; x_wconf 79' lang='grc' dir='ltr'>δὲ</span> <span class='ocrx_word' id='word_1_111' title='bbox 1604 1160 1852 1208; x_wconf 82' lang='grc' dir='ltr'>νοσοῦντες</span> <span class='ocrx_word' id='word_1_112' title='bbox 1886 1153 1942 1204; x_wconf 82' lang='grc' dir='ltr'>τὸ</span> 
     </span>
    </p>
   </div>
   <div class='ocr_carea' id='block_1_9' title="bbox 126 1235 1943 1408">
    <p class='ocr_par' dir='ltr' id='par_1_9' title="bbox 126 1235 1943 1408">
     <span class='ocr_line' id='line_1_15' title="bbox 128 1235 1943 1306; baseline -0.001 -18"><span class='ocrx_word' id='word_1_113' title='bbox 128 1249 250 1288; x_wconf 79' lang='lat' dir='ltr'><strong>Ib-43·</strong></span> <span class='ocrx_word' id='word_1_114' title='bbox 353 1239 602 1304; x_wconf 84' lang='grc' dir='ltr'>δυσήκοον,</span> <span class='ocrx_word' id='word_1_115' title='bbox 638 1263 712 1291; x_wconf 91' lang='grc' dir='ltr'>και</span> <span class='ocrx_word' id='word_1_116' title='bbox 748 1239 1165 1306; x_wconf 83' lang='grc' dir='ltr'>παραβιασάμενοι</span> <span class='ocrx_word' id='word_1_117' title='bbox 1201 1239 1447 1301; x_wconf 88' lang='grc' dir='ltr'>ἀνέβαινον</span> <span class='ocrx_word' id='word_1_118' title='bbox 1479 1242 1540 1291; x_wconf 80' lang='grc' dir='ltr'>εἷς</span> <span class='ocrx_word' id='word_1_119' title='bbox 1576 1236 1698 1288; x_wconf 49' lang='grc' dir='ltr'>τὸν</span> <span class='ocrx_word' id='word_1_120' title='bbox 1668 1259 1790 1303; x_wconf 88' lang='grc' dir='ltr'>ορος,</span> <span class='ocrx_word' id='word_1_121' title='bbox 1820 1235 1943 1287; x_wconf 81' lang='grc' dir='ltr'>καθὰ</span> 
     </span>
     <span class='ocr_line' id='line_1_16' title="bbox 126 1318 1938 1408; baseline -0.002 -37"><span class='ocrx_word' id='word_1_122' title='bbox 126 1325 251 1408; x_wconf 53' lang='lat' dir='ltr'>{1ng</span> <span class='ocrx_word' id='word_1_123' title='bbox 351 1343 646 1387; x_wconf 91' lang='grc' dir='ltr'>γεγραπται.</span> <span class='ocrx_word' id='word_1_124' title='bbox 679 1323 790 1373; x_wconf 89' lang='grc' dir='ltr'>ἀλλ’</span> <span class='ocrx_word' id='word_1_125' title='bbox 820 1322 847 1385; x_wconf 86' lang='grc' dir='ltr'>ἡ</span> <span class='ocrx_word' id='word_1_126' title='bbox 874 1319 1089 1383; x_wconf 87' lang='grc' dir='ltr'>κιβωτος,</span> <span class='ocrx_word' id='word_1_127' title='bbox 1117 1323 1255 1390; x_wconf 88' lang='grc' dir='ltr'>φησι,</span> <span class='ocrx_word' id='word_1_128' title='bbox 1284 1326 1366 1372; x_wconf 91' lang='grc' dir='ltr'>τοῦ</span> <span class='ocrx_word' id='word_1_129' title='bbox 1393 1324 1517 1371; x_wconf 91' lang='grc' dir='ltr'>Θεοῦ</span> <span class='ocrx_word' id='word_1_130' title='bbox 1549 1320 1631 1371; x_wconf 81' lang='grc' dir='ltr'>οὐκ</span> <span class='ocrx_word' id='word_1_131' title='bbox 1663 1319 1810 1381; x_wconf 86' lang='grc' dir='ltr'>ἀνέβη</span> <span class='ocrx_word' id='word_1_132' title='bbox 1840 1318 1938 1380; x_wconf 89' lang='grc' dir='ltr'>μετ’</span> 
     </span>
    </p>
   </div>
   <div class='ocr_carea' id='block_1_10' title="bbox 304 1398 1944 1636">
    <p class='ocr_par' dir='ltr' id='par_1_10' title="bbox 304 1398 1944 1636">
     <span class='ocr_line' id='line_1_17' title="bbox 351 1398 1942 1471; baseline -0.003 -18"><span class='ocrx_word' id='word_1_133' title='bbox 351 1404 520 1454; x_wconf 84' lang='grc' dir='ltr'>αὐτῶν·</span> <span class='ocrx_word' id='word_1_134' title='bbox 574 1404 720 1468; x_wconf 79' lang='grc' dir='ltr'>ἔμεινε</span> <span class='ocrx_word' id='word_1_135' title='bbox 759 1404 852 1470; x_wconf 84' lang='grc' dir='ltr'>γὰρ</span> <span class='ocrx_word' id='word_1_136' title='bbox 892 1406 941 1454; x_wconf 86' lang='grc' dir='ltr'>ἐν</span> <span class='ocrx_word' id='word_1_137' title='bbox 979 1426 1037 1471; x_wconf 87' lang='grc' dir='ltr'>τῃ</span> <span class='ocrx_word' id='word_1_138' title='bbox 1077 1406 1383 1471; x_wconf 86' lang='grc' dir='ltr'>παρεμβολῇ.</span> <span class='ocrx_word' id='word_1_139' title='bbox 1446 1403 1556 1471; x_wconf 75' lang='grc' dir='ltr'>ὁρᾷς</span> <span class='ocrx_word' id='word_1_140' title='bbox 1597 1402 1667 1452; x_wconf 84' lang='grc' dir='ltr'>ὅτι</span> <span class='ocrx_word' id='word_1_141' title='bbox 1702 1403 1827 1451; x_wconf 91' lang='grc' dir='ltr'>Θεοῦ</span> <span class='ocrx_word' id='word_1_142' title='bbox 1865 1398 1942 1450; x_wconf 93' lang='grc' dir='ltr'>λέ-</span> 
     </span>
     <span class='ocr_line' id='line_1_18' title="bbox 350 1484 1944 1551; baseline -0.003 -15"><span class='ocrx_word' id='word_1_143' title='bbox 350 1507 519 1551; x_wconf 87' lang='grc' dir='ltr'>γοντος</span> <span class='ocrx_word' id='word_1_144' title='bbox 547 1486 651 1536; x_wconf 79' lang='grc' dir='ltr'>Οὐκ</span> <span class='ocrx_word' id='word_1_145' title='bbox 679 1488 769 1549; x_wconf 80' lang='grc' dir='ltr'>εἰμι</span> <span class='ocrx_word' id='word_1_146' title='bbox 801 1487 907 1549; x_wconf 90' lang='grc' dir='ltr'>μεθ’</span> <span class='ocrx_word' id='word_1_147' title='bbox 938 1487 1080 1548; x_wconf 83' lang='grc' dir='ltr'>ὑμῶν,</span> <span class='ocrx_word' id='word_1_148' title='bbox 1107 1486 1161 1536; x_wconf 84' lang='grc' dir='ltr'>οὐ</span> <span class='ocrx_word' id='word_1_149' title='bbox 1188 1484 1521 1546; x_wconf 89' lang='grc' dir='ltr'>συναναβαίνει</span> <span class='ocrx_word' id='word_1_150' title='bbox 1546 1488 1641 1537; x_wconf 84' lang='grc' dir='ltr'>τοῖς</span> <span class='ocrx_word' id='word_1_151' title='bbox 1667 1485 1944 1534; x_wconf 86' lang='grc' dir='ltr'>ἀπειθοῦσιν</span> 
     </span>
     <span class='ocr_line' id='line_1_19' title="bbox 304 1563 1943 1636; baseline -0.001 -20"><span class='ocrx_word' id='word_1_152' title='bbox 304 1575 331 1616; x_wconf 91' lang='lat' dir='ltr'>b</span> <span class='ocrx_word' id='word_1_153' title='bbox 352 1568 379 1631; x_wconf 84' lang='grc' dir='ltr'>ἡ</span> <span class='ocrx_word' id='word_1_154' title='bbox 407 1567 621 1630; x_wconf 85' lang='grc' dir='ltr'>κιβωτὸς,</span> <span class='ocrx_word' id='word_1_155' title='bbox 647 1566 762 1619; x_wconf 81' lang='grc' dir='ltr'>αὐτὸ</span> <span class='ocrx_word' id='word_1_156' title='bbox 789 1572 962 1636; x_wconf 81' lang='grc' dir='ltr'>σαφῶς</span> <span class='ocrx_word' id='word_1_157' title='bbox 988 1572 1084 1621; x_wconf 84' lang='grc' dir='ltr'>τοῖς</span> <span class='ocrx_word' id='word_1_158' title='bbox 1111 1567 1469 1633; x_wconf 81' lang='grc' dir='ltr'>εὐμαθεστέροις</span> <span class='ocrx_word' id='word_1_159' title='bbox 1495 1564 1861 1626; x_wconf 85' lang='grc' dir='ltr'>ἐπιδεικνύουσα,</span> <span class='ocrx_word' id='word_1_160' title='bbox 1889 1563 1943 1615; x_wconf 87' lang='grc' dir='ltr'>τὸ</span> 
     </span>
    </p>
   </div>
   <div class='ocr_carea' id='block_1_11' title="bbox 128 1647 1945 1758">
    <p class='ocr_par' dir='ltr' id='par_1_11' title="bbox 128 1647 1945 1758">
     <span class='ocr_line' id='line_1_20' title="bbox 350 1647 1945 1718; baseline 0.001 -20"><span class='ocrx_word' id='word_1_161' title='bbox 350 1648 488 1718; x_wconf 76' lang='grc' dir='ltr'>τάξιν</span> <span class='ocrx_word' id='word_1_162' title='bbox 514 1648 693 1718; x_wconf 78' lang='grc' dir='ltr'>ἐπέχειν</span> <span class='ocrx_word' id='word_1_163' title='bbox 718 1655 802 1701; x_wconf 92' lang='grc' dir='ltr'>τοῦ</span> <span class='ocrx_word' id='word_1_164' title='bbox 837 1650 1157 1716; x_wconf 88' lang='grc' dir='ltr'>καθηγεμόνος</span> <span class='ocrx_word' id='word_1_165' title='bbox 1187 1653 1344 1710; x_wconf 86' lang='grc' dir='ltr'>Θεοῦ;</span> <span class='ocrx_word' id='word_1_166' title='bbox 1391 1648 1523 1699; x_wconf 80' lang='grc' dir='ltr'>ἀλλὰ</span> <span class='ocrx_word' id='word_1_167' title='bbox 1557 1650 1631 1699; x_wconf 74' lang='grc' dir='ltr'>καὶ</span> <span class='ocrx_word' id='word_1_168' title='bbox 1666 1647 1826 1716; x_wconf 80' lang='grc' dir='ltr'>κύκλῳ</span> <span class='ocrx_word' id='word_1_169' title='bbox 1858 1648 1945 1710; x_wconf 71' lang='grc' dir='ltr'>’τῆς</span> 
     </span>
     <span class='ocr_line' id='line_1_21' title="bbox 128 1727 258 1758; baseline 0.008 -1"><span class='ocrx_word' id='word_1_170' title='bbox 128 1727 199 1757; x_wconf 85' lang='lat' dir='ltr'>Jos.</span> <span class='ocrx_word' id='word_1_171' title='bbox 216 1727 258 1758; x_wconf 88' lang='lat' dir='ltr'>vi.</span> 
     </span>
    </p>
   </div>
   <div class='ocr_carea' id='block_1_12' title="bbox 127 1779 252 1847">
    <p class='ocr_par' dir='ltr' id='par_1_12' title="bbox 127 1779 252 1847">
     <span class='ocr_line' id='line_1_22' title="bbox 133 1779 182 1810; baseline 0.041 -10"><span class='ocrx_word' id='word_1_172' title='bbox 133 1779 182 1810; x_wconf 85' lang='lat'>13.</span> 
     </span>
     <span class='ocr_line' id='line_1_23' title="bbox 127 1813 252 1847; baseline 0.016 -3"><span class='ocrx_word' id='word_1_173' title='bbox 127 1813 178 1845; x_wconf 90' lang='lat' dir='ltr'>Ib.</span> <span class='ocrx_word' id='word_1_174' title='bbox 203 1822 252 1847; x_wconf 89' lang='lat'>20.</span> 
     </span>
    </p>
   </div>
   <div class='ocr_carea' id='block_1_13' title="bbox 318 1728 1949 2624">
    <p class='ocr_par' dir='ltr' id='par_1_13' title="bbox 318 1728 1949 2624">
     <span class='ocr_line' id='line_1_24' title="bbox 351 1728 1946 1800; baseline 0 -18"><span class='ocrx_word' id='word_1_175' title='bbox 351 1732 574 1800; x_wconf 84' lang='grc' dir='ltr'>Ἱεριχοῦς</span> <span class='ocrx_word' id='word_1_176' title='bbox 609 1731 685 1783; x_wconf 78' lang='grc' dir='ltr'>διὰ</span> <span class='ocrx_word' id='word_1_177' title='bbox 719 1737 814 1783; x_wconf 91' lang='grc' dir='ltr'>τῶν</span> <span class='ocrx_word' id='word_1_178' title='bbox 849 1731 1007 1799; x_wconf 81' lang='grc' dir='ltr'>ἱερέων</span> <span class='ocrx_word' id='word_1_179' title='bbox 1042 1731 1342 1798; x_wconf 75' lang='grc' dir='ltr'>ἐβαστάζετο,</span> <span class='ocrx_word' id='word_1_180' title='bbox 1376 1733 1452 1782; x_wconf 81' lang='grc' dir='ltr'>καὶ</span> <span class='ocrx_word' id='word_1_181' title='bbox 1486 1730 1539 1781; x_wconf 83' lang='grc' dir='ltr'>τὸ</span> <span class='ocrx_word' id='word_1_182' title='bbox 1576 1728 1769 1798; x_wconf 79' lang='grc' dir='ltr'>ὑψηλὸν</span> <span class='ocrx_word' id='word_1_183' title='bbox 1803 1729 1946 1792; x_wconf 84' lang='grc' dir='ltr'>αὐτῆς</span> 
     </span>
     <span class='ocr_line' id='line_1_25' title="bbox 352 1808 1946 1882; baseline -0.003 -19"><span class='ocrx_word' id='word_1_184' title='bbox 352 1814 583 1864; x_wconf 88' lang='grc' dir='ltr'>κατέπεσε</span> <span class='ocrx_word' id='word_1_185' title='bbox 617 1819 783 1881; x_wconf 84' lang='grc' dir='ltr'>τεῖχος,</span> <span class='ocrx_word' id='word_1_186' title='bbox 817 1815 904 1882; x_wconf 78' lang='grc' dir='ltr'>οὐχ</span> <span class='ocrx_word' id='word_1_187' title='bbox 939 1814 1181 1868; x_wconf 86' lang='grc' dir='ltr'>ἑλεπόλεις</span> <span class='ocrx_word' id='word_1_188' title='bbox 1215 1813 1527 1877; x_wconf 88' lang='grc' dir='ltr'>ἐπιστήσασα</span> <span class='ocrx_word' id='word_1_189' title='bbox 1559 1813 1635 1863; x_wconf 82' lang='grc' dir='ltr'>καὶ</span> <span class='ocrx_word' id='word_1_190' title='bbox 1671 1809 1838 1877; x_wconf 80' lang='grc' dir='ltr'>κριοὺς,</span> <span class='ocrx_word' id='word_1_191' title='bbox 1871 1808 1946 1861; x_wconf 80' lang='grc' dir='ltr'>διὰ</span> 
     </span>
     <span class='ocr_line' id='line_1_26' title="bbox 353 1891 1946 1963; baseline -0.002 -18"><span class='ocrx_word' id='word_1_192' title='bbox 353 1896 645 1961; x_wconf 89' lang='grc' dir='ltr'>σαλπίγγων</span> <span class='ocrx_word' id='word_1_193' title='bbox 697 1896 746 1947; x_wconf 82' lang='grc' dir='ltr'>δὲ</span> <span class='ocrx_word' id='word_1_194' title='bbox 796 1900 990 1960; x_wconf 82' lang='grc' dir='ltr'>μᾶλλον</span> <span class='ocrx_word' id='word_1_195' title='bbox 1041 1898 1116 1946; x_wconf 80' lang='grc' dir='ltr'>καὶ</span> <span class='ocrx_word' id='word_1_196' title='bbox 1167 1898 1345 1963; x_wconf 87' lang='grc' dir='ltr'>φωνῆς·</span> <span class='ocrx_word' id='word_1_197' title='bbox 1409 1894 1525 1960; x_wconf 81' lang='grc' dir='ltr'>ὅπερ</span> <span class='ocrx_word' id='word_1_198' title='bbox 1577 1892 1630 1945; x_wconf 80' lang='grc' dir='ltr'>ὃν</span> <span class='ocrx_word' id='word_1_199' title='bbox 1674 1891 1847 1957; x_wconf 79' lang='grc' dir='ltr'>ἀληθὲς</span> <span class='ocrx_word' id='word_1_200' title='bbox 1897 1893 1946 1942; x_wconf 87' lang='grc' dir='ltr'>ἐν</span> 
     </span>
     <span class='ocr_line' id='line_1_27' title="bbox 354 1975 1947 2047; baseline 0 -20"><span class='ocrx_word' id='word_1_201' title='bbox 354 1980 556 2047; x_wconf 75' lang='grc' dir='ltr'>Χριστῷ</span> <span class='ocrx_word' id='word_1_202' title='bbox 592 1976 741 2028; x_wconf 80' lang='grc' dir='ltr'>πάλιν</span> <span class='ocrx_word' id='word_1_203' title='bbox 779 1977 1058 2044; x_wconf 87' lang='grc' dir='ltr'>εὑρήσομεν.</span> <span class='ocrx_word' id='word_1_204' title='bbox 1130 1976 1270 2030; x_wconf 82' lang='grc' dir='ltr'>αὐτὸς</span> <span class='ocrx_word' id='word_1_205' title='bbox 1308 1975 1401 2043; x_wconf 79' lang='grc' dir='ltr'>γάρ</span> <span class='ocrx_word' id='word_1_206' title='bbox 1439 1978 1571 2027; x_wconf 90' lang='grc' dir='ltr'>ἐστιν</span> <span class='ocrx_word' id='word_1_207' title='bbox 1610 1977 1635 2026; x_wconf 87' lang='grc' dir='ltr'>ὁ</span> <span class='ocrx_word' id='word_1_208' title='bbox 1674 1979 1770 2028; x_wconf 85' lang='grc' dir='ltr'>τοῖς</span> <span class='ocrx_word' id='word_1_209' title='bbox 1810 1978 1947 2040; x_wconf 83' lang='grc' dir='ltr'>ἱεροῖς</span> 
     </span>
     <span class='ocr_line' id='line_1_28' title="bbox 355 2057 1947 2127; baseline -0.003 -16"><span class='ocrx_word' id='word_1_210' title='bbox 355 2061 432 2111; x_wconf 80' lang='grc' dir='ltr'>καὶ</span> <span class='ocrx_word' id='word_1_211' title='bbox 468 2061 617 2126; x_wconf 83' lang='grc' dir='ltr'>ἁγίοις</span> <span class='ocrx_word' id='word_1_212' title='bbox 653 2059 885 2127; x_wconf 79' lang='grc' dir='ltr'>ἀνδράσιν</span> <span class='ocrx_word' id='word_1_213' title='bbox 920 2059 1249 2127; x_wconf 83' lang='grc' dir='ltr'>ἐποχούμενος,</span> <span class='ocrx_word' id='word_1_214' title='bbox 1283 2061 1359 2109; x_wconf 75' lang='grc' dir='ltr'>καὶ</span> <span class='ocrx_word' id='word_1_215' title='bbox 1397 2063 1563 2110; x_wconf 82' lang='grc' dir='ltr'>πᾶσαν</span> <span class='ocrx_word' id='word_1_216' title='bbox 1595 2062 1678 2108; x_wconf 89' lang='grc' dir='ltr'>τοῦ</span> <span class='ocrx_word' id='word_1_217' title='bbox 1717 2057 1947 2117; x_wconf 78' lang='grc' dir='ltr'>διαβόλου</span> 
     </span>
     <span class='ocr_line' id='line_1_29' title="bbox 356 2137 1944 2212; baseline -0.003 -19"><span class='ocrx_word' id='word_1_218' title='bbox 356 2142 700 2212; x_wconf 83' lang='grc' dir='ltr'>καταστρέφων</span> <span class='ocrx_word' id='word_1_219' title='bbox 741 2141 897 2210; x_wconf 77' lang='grc' dir='ltr'>ἰσχὺν,</span> <span class='ocrx_word' id='word_1_220' title='bbox 939 2143 1025 2208; x_wconf 82' lang='grc' dir='ltr'>οὐχ</span> <span class='ocrx_word' id='word_1_221' title='bbox 1068 2141 1250 2203; x_wconf 78' lang='grc' dir='ltr'>ὅπλοις,</span> <span class='ocrx_word' id='word_1_222' title='bbox 1291 2140 1423 2191; x_wconf 83' lang='grc' dir='ltr'>ἀλλὰ</span> <span class='ocrx_word' id='word_1_223' title='bbox 1469 2141 1650 2207; x_wconf 81' lang='grc' dir='ltr'>κραυγῇ</span> <span class='ocrx_word' id='word_1_224' title='bbox 1696 2141 1771 2190; x_wconf 75' lang='grc' dir='ltr'>καὶ</span> <span class='ocrx_word' id='word_1_225' title='bbox 1816 2137 1944 2188; x_wconf 81' lang='grc' dir='ltr'>σάλ-</span> 
     </span>
     <span class='ocr_line' id='line_1_30' title="bbox 318 2219 1941 2292; baseline -0.004 -15"><span class='ocrx_word' id='word_1_226' title='bbox 318 2244 513 2292; x_wconf 80' lang='grc' dir='ltr'>οπιγγι,</span> <span class='ocrx_word' id='word_1_227' title='bbox 548 2225 807 2288; x_wconf 83' lang='grc' dir='ltr'>τουτέστιν,</span> <span class='ocrx_word' id='word_1_228' title='bbox 845 2226 1184 2277; x_wconf 84' lang='grc' dir='ltr'>ἀποστολικοΐς</span> <span class='ocrx_word' id='word_1_229' title='bbox 1219 2245 1268 2274; x_wconf 91' lang='grc' dir='ltr'>τε</span> <span class='ocrx_word' id='word_1_230' title='bbox 1302 2225 1377 2273; x_wconf 75' lang='grc' dir='ltr'>καὶ</span> <span class='ocrx_word' id='word_1_231' title='bbox 1413 2223 1731 2288; x_wconf 75' lang='grc' dir='ltr'>εὐαγγελικοῖς</span> <span class='ocrx_word' id='word_1_232' title='bbox 1766 2219 1941 2287; x_wconf 88' lang='grc' dir='ltr'>κηρύγ-</span> 
     </span>
     <span class='ocr_line' id='line_1_31' title="bbox 356 2302 1948 2374; baseline -0.004 -15"><span class='ocrx_word' id='word_1_233' title='bbox 356 2331 492 2372; x_wconf 92' lang='grc' dir='ltr'>μασι,</span> <span class='ocrx_word' id='word_1_234' title='bbox 520 2309 595 2359; x_wconf 81' lang='grc' dir='ltr'>καὶ</span> <span class='ocrx_word' id='word_1_235' title='bbox 622 2306 889 2358; x_wconf 84' lang='grc' dir='ltr'>συναινέσει</span> <span class='ocrx_word' id='word_1_236' title='bbox 917 2310 974 2374; x_wconf 80' lang='grc' dir='ltr'>τῇ</span> <span class='ocrx_word' id='word_1_237' title='bbox 1001 2305 1132 2372; x_wconf 80' lang='grc' dir='ltr'>παρὰ</span> <span class='ocrx_word' id='word_1_238' title='bbox 1162 2304 1341 2358; x_wconf 80' lang='grc' dir='ltr'>παντὸς</span> <span class='ocrx_word' id='word_1_239' title='bbox 1376 2310 1459 2355; x_wconf 90' lang='grc' dir='ltr'>τοῦ</span> <span class='ocrx_word' id='word_1_240' title='bbox 1495 2309 1628 2366; x_wconf 90' lang='grc' dir='ltr'>λαοῦ,</span> <span class='ocrx_word' id='word_1_241' title='bbox 1654 2305 1703 2354; x_wconf 86' lang='grc' dir='ltr'>ἐν</span> <span class='ocrx_word' id='word_1_242' title='bbox 1729 2302 1948 2368; x_wconf 88' lang='grc' dir='ltr'>ὀρθότητι</span> 
     </span>
     <span class='ocr_line' id='line_1_32' title="bbox 355 2384 1949 2454; baseline -0.003 -12"><span class='ocrx_word' id='word_1_243' title='bbox 355 2390 560 2444; x_wconf 87' lang='grc' dir='ltr'>πίστεως</span> <span class='ocrx_word' id='word_1_244' title='bbox 598 2388 681 2441; x_wconf 79' lang='grc' dir='ltr'>τὸν</span> <span class='ocrx_word' id='word_1_245' title='bbox 719 2389 836 2439; x_wconf 79' lang='grc' dir='ltr'>ἰ’διον</span> <span class='ocrx_word' id='word_1_246' title='bbox 875 2389 1222 2454; x_wconf 84' lang='grc' dir='ltr'>ὁμολογοῦντος</span> <span class='ocrx_word' id='word_1_247' title='bbox 1254 2387 1529 2450; x_wconf 84' lang='grc' dir='ltr'>Δεσπότην.</span> <span class='ocrx_word' id='word_1_248' title='bbox 1585 2384 1609 2436; x_wconf 77' lang='grc' dir='ltr'>ὃ</span> <span class='ocrx_word' id='word_1_249' title='bbox 1648 2387 1725 2436; x_wconf 81' lang='grc' dir='ltr'>καὶ</span> <span class='ocrx_word' id='word_1_250' title='bbox 1762 2387 1811 2436; x_wconf 89' lang='grc' dir='ltr'>ἐν</span> <span class='ocrx_word' id='word_1_251' title='bbox 1847 2388 1949 2438; x_wconf 85' lang='grc' dir='ltr'>ταῖς</span> 
     </span>
     <span class='ocr_line' id='line_1_33' title="bbox 356 2467 1943 2540; baseline -0.004 -16"><span class='ocrx_word' id='word_1_252' title='bbox 356 2477 606 2537; x_wconf 81' lang='grc' dir='ltr'>μυστικαῖς</span> <span class='ocrx_word' id='word_1_253' title='bbox 656 2471 956 2540; x_wconf 77' lang='grc' dir='ltr'>δοξολογίαις</span> <span class='ocrx_word' id='word_1_254' title='bbox 1005 2472 1187 2536; x_wconf 86' lang='grc' dir='ltr'>ὁρῶμεν</span> <span class='ocrx_word' id='word_1_255' title='bbox 1239 2467 1679 2535; x_wconf 88' lang='grc' dir='ltr'>ἀποπληρούμενον,</span> <span class='ocrx_word' id='word_1_256' title='bbox 1732 2489 1943 2534; x_wconf 89' lang='grc' dir='ltr'>προανα-</span> 
     </span>
     <span class='ocr_line' id='line_1_34' title="bbox 358 2549 1949 2624; baseline -0.004 -18"><span class='ocrx_word' id='word_1_257' title='bbox 358 2554 614 2624; x_wconf 92' lang='grc' dir='ltr'>φωνούσης</span> <span class='ocrx_word' id='word_1_258' title='bbox 649 2559 732 2605; x_wconf 88' lang='grc' dir='ltr'>τοῦ</span> <span class='ocrx_word' id='word_1_259' title='bbox 767 2558 889 2604; x_wconf 93' lang='grc' dir='ltr'>λαοῦ</span> <span class='ocrx_word' id='word_1_260' title='bbox 925 2551 1201 2617; x_wconf 80' lang='grc' dir='ltr'>σάλπιγγος</span> <span class='ocrx_word' id='word_1_261' title='bbox 1240 2554 1483 2617; x_wconf 78' lang='grc' dir='ltr'>ἱερατικῆς,</span> <span class='ocrx_word' id='word_1_262' title='bbox 1516 2549 1546 2615; x_wconf 82' lang='grc' dir='ltr'>ἣ</span> <span class='ocrx_word' id='word_1_263' title='bbox 1582 2552 1657 2601; x_wconf 79' lang='grc' dir='ltr'>καὶ</span> <span class='ocrx_word' id='word_1_264' title='bbox 1695 2551 1743 2601; x_wconf 88' lang='grc' dir='ltr'>ἐν</span> <span class='ocrx_word' id='word_1_265' title='bbox 1773 2553 1831 2616; x_wconf 87' lang='grc' dir='ltr'>τῇ</span> <span class='ocrx_word' id='word_1_266' title='bbox 1865 2553 1949 2599; x_wconf 90' lang='grc' dir='ltr'>τοῦ</span> 
     </span>
    </p>
   </div>
   <div class='ocr_carea' id='block_1_14' title="bbox 1927 988 2011 1034">
    <p class='ocr_par' dir='ltr' id='par_1_14' title="bbox 1927 988 2011 1034">
     <span class='ocr_line' id='line_1_35' title="bbox 1927 988 2011 1034; baseline -0.012 0"><span class='ocrx_word' id='word_1_267' title='bbox 1927 988 2011 1034; x_wconf 90' lang='lat'>’10</span> 
     </span>
    </p>
   </div>
   <div class='ocr_carea' id='block_1_15' title="bbox 1965 1418 2012 1457">
    <p class='ocr_par' dir='ltr' id='par_1_15' title="bbox 1965 1418 2012 1457">
     <span class='ocr_line' id='line_1_36' title="bbox 1965 1418 2012 1457; baseline 0 0"><span class='ocrx_word' id='word_1_268' title='bbox 1965 1418 2012 1457; x_wconf 89' lang='lat'>15</span> 
     </span>
    </p>
   </div>
   <div class='ocr_carea' id='block_1_16' title="bbox 1967 1832 2016 1858">
    <p class='ocr_par' dir='ltr' id='par_1_16' title="bbox 1967 1832 2016 1858">
     <span class='ocr_line' id='line_1_37' title="bbox 1967 1832 2016 1858; baseline 0 0"><span class='ocrx_word' id='word_1_269' title='bbox 1967 1832 2016 1858; x_wconf 91' lang='lat'>20</span> 
     </span>
    </p>
   </div>
   <div class='ocr_carea' id='block_1_17' title="bbox 357 2630 2019 2703">
    <p class='ocr_par' dir='ltr' id='par_1_17' title="bbox 357 2630 2019 2703">
     <span class='ocr_line' id='line_1_38' title="bbox 357 2630 2019 2703; baseline -0.004 -15"><span class='ocrx_word' id='word_1_270' title='bbox 357 2641 744 2703; x_wconf 86' lang='grc' dir='ltr'>λειτουργοῦντος</span> <span class='ocrx_word' id='word_1_271' title='bbox 790 2640 960 2686; x_wconf 87' lang='grc' dir='ltr'>νοεῖται</span> <span class='ocrx_word' id='word_1_272' title='bbox 1001 2637 1152 2703; x_wconf 78' lang='grc' dir='ltr'>φωνῇ,</span> <span class='ocrx_word' id='word_1_273' title='bbox 1189 2633 1347 2684; x_wconf 88' lang='grc' dir='ltr'>πίπτει</span> <span class='ocrx_word' id='word_1_274' title='bbox 1387 2630 1433 2684; x_wconf 81' lang='grc' dir='ltr'>δὲ</span> <span class='ocrx_word' id='word_1_275' title='bbox 1474 2634 1596 2684; x_wconf 81' lang='grc' dir='ltr'>οὕτω</span> <span class='ocrx_word' id='word_1_276' title='bbox 1635 2634 1711 2682; x_wconf 82' lang='grc' dir='ltr'>καὶ</span> <span class='ocrx_word' id='word_1_277' title='bbox 1748 2630 1945 2697; x_wconf 89' lang='grc' dir='ltr'>συντρί-</span> <span class='ocrx_word' id='word_1_278' title='bbox 1968 2650 2019 2688; x_wconf 86' lang='grc' dir='ltr'>3ο</span> 
     </span>
    </p>
   </div>
   <div class='ocr_carea' id='block_1_18' title="bbox 358 2765 1949 2957">
    <p class='ocr_par' dir='ltr' id='par_1_18' title="bbox 358 2765 1949 2957">
     <span class='ocr_line' id='line_1_39' title="bbox 406 2765 1949 2818; baseline -0.004 -12"><span class='ocrx_word' id='word_1_279' title='bbox 406 2784 438 2818; x_wconf 86' lang='grc'>3.</span> <span class='ocrx_word' id='word_1_280' title='bbox 466 2772 592 2806; x_wconf 81' lang='grc' dir='ltr'>ἰῖνωθεν</span> <span class='ocrx_word' id='word_1_281' title='bbox 610 2783 680 2805; x_wconf 89' lang='lat' dir='ltr'>om.</span> <span class='ocrx_word' id='word_1_282' title='bbox 700 2771 743 2805; x_wconf 84' lang='grc' dir='ltr'>Β.</span> <span class='ocrx_word' id='word_1_283' title='bbox 919 2783 951 2812; x_wconf 85' lang='lat'>4.</span> <span class='ocrx_word' id='word_1_284' title='bbox 978 2771 996 2803; x_wconf 90' lang='grc' dir='ltr'><em>ὁ</em></span> <span class='ocrx_word' id='word_1_285' title='bbox 1015 2768 1196 2812; x_wconf 81' lang='grc' dir='ltr'>νομοθέτης</span> <span class='ocrx_word' id='word_1_286' title='bbox 1214 2779 1283 2802; x_wconf 87' lang='lat' dir='ltr'>om.</span> <span class='ocrx_word' id='word_1_287' title='bbox 1305 2767 1346 2801; x_wconf 86' lang='grc' dir='ltr'>Β</span> <span class='ocrx_word' id='word_1_288' title='bbox 1525 2778 1555 2812; x_wconf 88' lang='grc'>’“.</span> <span class='ocrx_word' id='word_1_289' title='bbox 1582 2768 1640 2810; x_wconf 82' lang='grc' dir='ltr'>τῆς</span> <span class='ocrx_word' id='word_1_290' title='bbox 1657 2766 1796 2809; x_wconf 80' lang='grc' dir='ltr'>ἀπειλῆς</span> <span class='ocrx_word' id='word_1_291' title='bbox 1815 2765 1858 2800; x_wconf 89' lang='grc' dir='ltr'>Β.</span> <span class='ocrx_word' id='word_1_292' title='bbox 1877 2768 1949 2802; x_wconf 84' lang='grc' dir='ltr'>ταῖς</span> 
     </span>
     <span class='ocr_line' id='line_1_40' title="bbox 358 2813 1949 2860; baseline -0.004 -7"><span class='ocrx_word' id='word_1_293' title='bbox 358 2819 513 2854; x_wconf 78' lang='grc' dir='ltr'>ἀπειλαῖς</span> <span class='ocrx_word' id='word_1_294' title='bbox 533 2818 599 2852; x_wconf 84' lang='lat' dir='ltr'>Ed.</span> <span class='ocrx_word' id='word_1_295' title='bbox 748 2828 800 2852; x_wconf 86' lang='lat'>10.</span> <span class='ocrx_word' id='word_1_296' title='bbox 826 2817 928 2851; x_wconf 85' lang='grc' dir='ltr'>εἰπὼν</span> <span class='ocrx_word' id='word_1_297' title='bbox 949 2816 989 2850; x_wconf 81' lang='grc' dir='ltr'>Β.</span> <span class='ocrx_word' id='word_1_298' title='bbox 1137 2827 1190 2860; x_wconf 81' lang='grc'>13.</span> <span class='ocrx_word' id='word_1_299' title='bbox 1217 2814 1363 2858; x_wconf 78' lang='grc' dir='ltr'>ὑπηκοον</span> <span class='ocrx_word' id='word_1_300' title='bbox 1385 2815 1628 2856; x_wconf 78' lang='lat' dir='ltr'><strong>ss.14.</strong></span> <span class='ocrx_word' id='word_1_301' title='bbox 1654 2815 1715 2847; x_wconf 84' lang='grc' dir='ltr'>τοῦ</span> <span class='ocrx_word' id='word_1_302' title='bbox 1733 2815 1822 2846; x_wconf 83' lang='grc' dir='ltr'>Θεοῦ</span> <span class='ocrx_word' id='word_1_303' title='bbox 1837 2813 1949 2858; x_wconf 87' lang='grc' dir='ltr'>φησιν</span> 
     </span>
     <span class='ocr_line' id='line_1_41' title="bbox 358 2859 1946 2919; baseline -0.004 -19"><span class='ocrx_word' id='word_1_304' title='bbox 358 2866 496 2900; x_wconf 79' lang='lat' dir='ltr'>inverso</span> <span class='ocrx_word' id='word_1_305' title='bbox 515 2865 636 2899; x_wconf 81' lang='lat' dir='ltr'>ordine</span> <span class='ocrx_word' id='word_1_306' title='bbox 656 2864 698 2898; x_wconf 84' lang='lat' dir='ltr'>B.</span> <span class='ocrx_word' id='word_1_307' title='bbox 838 2865 891 2898; x_wconf 82' lang='lat'>18.</span> <span class='ocrx_word' id='word_1_308' title='bbox 919 2864 971 2897; x_wconf 81' lang='grc' dir='ltr'>καὶ</span> <span class='ocrx_word' id='word_1_309' title='bbox 989 2874 1059 2896; x_wconf 91' lang='lat' dir='ltr'>om.</span> <span class='ocrx_word' id='word_1_310' title='bbox 1080 2861 1123 2896; x_wconf 88' lang='grc' dir='ltr'>Β.</span> <span class='ocrx_word' id='word_1_311' title='bbox 1270 2873 1322 2907; x_wconf 90' lang='lat'>19.</span> <span class='ocrx_word' id='word_1_312' title='bbox 1349 2860 1493 2919; x_wconf 77' lang='grc' dir='ltr'>Ἰεριχοῦ</span> <span class='ocrx_word' id='word_1_313' title='bbox 1513 2860 1555 2895; x_wconf 85' lang='grc' dir='ltr'>Β,</span> <span class='ocrx_word' id='word_1_314' title='bbox 1701 2870 1755 2894; x_wconf 88' lang='lat'>20.</span> <span class='ocrx_word' id='word_1_315' title='bbox 1783 2859 1946 2894; x_wconf 84' lang='grc' dir='ltr'>κατέπεσε</span> 
     </span>
     <span class='ocr_line' id='line_1_42' title="bbox 362 2906 1948 2957; baseline -0.004 -11"><span class='ocrx_word' id='word_1_316' title='bbox 362 2913 403 2946; x_wconf 86' lang='grc' dir='ltr'>Β.</span> <span class='ocrx_word' id='word_1_317' title='bbox 423 2913 608 2957; x_wconf 76' lang='grc' dir='ltr'>κατέρριψε</span> <span class='ocrx_word' id='word_1_318' title='bbox 630 2910 693 2945; x_wconf 77' lang='lat' dir='ltr'>Ed.</span> <span class='ocrx_word' id='word_1_319' title='bbox 774 2909 967 2955; x_wconf 86' lang='grc' dir='ltr'>ἑλεπόλεις]</span> <span class='ocrx_word' id='word_1_320' title='bbox 989 2910 1107 2945; x_wconf 80' lang='grc' dir='ltr'>ὅπλοις</span> <span class='ocrx_word' id='word_1_321' title='bbox 1128 2908 1169 2942; x_wconf 88' lang='grc' dir='ltr'>Β.</span> <span class='ocrx_word' id='word_1_322' title='bbox 1315 2920 1370 2954; x_wconf 89' lang='grc'>23.</span> <span class='ocrx_word' id='word_1_323' title='bbox 1398 2909 1450 2942; x_wconf 83' lang='grc' dir='ltr'>καὶ</span> <span class='ocrx_word' id='word_1_324' title='bbox 1469 2908 1566 2953; x_wconf 80' lang='lat' dir='ltr'>prius</span> <span class='ocrx_word' id='word_1_325' title='bbox 1585 2918 1655 2942; x_wconf 90' lang='lat' dir='ltr'>om.</span> <span class='ocrx_word' id='word_1_326' title='bbox 1675 2906 1810 2951; x_wconf 84' lang='lat' dir='ltr'><strong>Migne.</strong></span> <span class='ocrx_word' id='word_1_327' title='bbox 1887 2907 1948 2939; x_wconf 84' lang='grc' dir='ltr'>τοῦ</span> 
     </span>
    </p>
   </div>
   <div class='ocr_carea' id='block_1_19' title="bbox 358 2955 1156 3004">
    <p class='ocr_par' dir='ltr' id='par_1_19' title="bbox 358 2955 1156 3004">
     <span class='ocr_line' id='line_1_43' title="bbox 358 2955 1156 3004; baseline -0.006 -11"><span class='ocrx_word' id='word_1_328' title='bbox 358 2967 580 3004; x_wconf 78' lang='lat' dir='ltr'><strong>assumptum</strong></span> <span class='ocrx_word' id='word_1_329' title='bbox 601 2971 640 2992; x_wconf 84' lang='lat' dir='ltr'>ex</span> <span class='ocrx_word' id='word_1_330' title='bbox 663 2958 755 2992; x_wconf 72' lang='lat' dir='ltr'>BD.</span> <span class='ocrx_word' id='word_1_331' title='bbox 901 2968 957 3002; x_wconf 82' lang='lat'>30.</span> <span class='ocrx_word' id='word_1_332' title='bbox 985 2955 1038 3001; x_wconf 78' lang='grc' dir='ltr'>δὲ]</span> <span class='ocrx_word' id='word_1_333' title='bbox 1059 2970 1094 2990; x_wconf 84' lang='grc' dir='ltr'>τε</span> <span class='ocrx_word' id='word_1_334' title='bbox 1115 2955 1156 2989; x_wconf 89' lang='grc' dir='ltr'>Β.</span> 
     </span>
    </p>
   </div>
  </div>
 </body>
</html>
