2084 3317
122 146 176 188 vi.
195 146 263 200 64,
282 148 348 202 65.
394 148 467 189 IN
511 147 553 189 S.
587 146 922 189 JOANNEM.
985 146 1110 187 LIB.
1144 146 1221 186 IV.
1284 146 1419 187 CAP.
1452 146 1540 186 III.
1630 149 1711 186 555

124 264 151 287 ‘⁶
177 259 254 308 καὶ
289 258 348 310 τὰ
381 257 479 310 ὦτα
515 259 669 309 αὐτῶν
704 257 950 324 ἐβάρυναν,
987 258 1061 307 καὶ
1100 255 1207 309 τοὺς
1243 253 1523 323 ὀφθαλμοὺς
1562 255 1715 305 αὐτῶν

124 346 152 368 “
175 338 467 403 ἐκάμμυσαν,
499 340 681 404 μήποτε
720 340 858 390 ’ίδωσι
896 343 993 392 τοῖς
1032 339 1301 406 ὀφθαλμοῖς
1340 338 1509 399 αὐτῶν,
1544 338 1619 387 καὶ
1658 337 1716 402 τῇ

125 427 152 449 “
177 422 345 490 καρδίᾳ
391 425 578 472 συνῶσι
623 424 698 472 καὶ
742 419 1090 488 ἐπιστρέψωσι,
1137 421 1212 469 καὶ
1258 417 1454 480 ἰάσομαι
1499 417 1713 472 αὐτούς.”

123 501 343 566 αὐτήκοοι
376 502 471 570 γὰρ
504 508 599 555 τῶν
623 509 707 554 τοῦ
743 504 965 568 Σωτῆρος
998 499 1266 567 γιγνόμενοι
1299 499 1615 565 διδαγμάτων,
1640 503 1716 550 καὶ

83 598 105 636 5
125 584 180 634 οὐ
213 585 323 650 παρ’
352 584 510 651 ἑτέρου
543 584 668 638 τινὸς
703 589 797 636 τῶν
828 584 975 650 ἁγίων
1006 581 1335 646 μανθάνοντες,
1363 579 1439 632 διὰ
1471 584 1633 650 φωνῆς
1668 581 1717 631 δὲ

124 669 315 728 μᾶλλον
345 672 428 717 τοῦ
453 665 645 718 πάντων
671 664 929 717 Δεσπότου
961 663 1430 729 μυσταγωγούμενοι,
1457 662 1588 713 ἀλλά
1624 661 1718 728 γὰρ

126 748 203 797 καὶ
237 751 333 801 τοῖς
368 753 451 799 τοῦ
484 748 709 811 σώματος
743 749 941 814 ὁρῶντες
968 745 1110 797 αὐτὸν
1137 747 1421 815 ὀφθαλμοῖς,
1447 749 1548 798 ταῖς
1573 748 1719 812 σφῶν

125 828 280 879 αὐτῶν
315 829 490 883 ἀνοίαις
527 828 885 897 ἐξεπαχύνοντο,
916 829 992 878 καὶ
1029 826 1112 878 τὸν
1143 830 1225 890 τῆς
1261 826 1465 879 διανοίας
1503 825 1714 889 καταμύ-
1738 849 1759 875 e

125 931 299 963 σαντες
335 910 608 978 ὀφθαλμὸν,
634 910 717 961 τὸν
747 913 830 974 τῆς
869 909 1170 973 δικαιοσύνης
1208 908 1345 972 ἥλιον
1376 907 1714 974 ἀπετρέποντο,

60 1017 106 1042 10
125 989 209 1041 τὸν
246 994 329 1055 τῆς
372 993 679 1058 εὐαγγελικῆς
723 990 1014 1045 παιδεύσεως
1063 989 1317 1058 φωτισμὸν
1356 990 1409 1040 οὐ
1453 989 1720 1056 παραδεχό-

124 1091 271 1135 μενοι·
320 1076 519 1140 πονηροὶ
560 1072 654 1140 γὰρ
700 1071 828 1136 ἦσαν
866 1073 942 1123 καὶ
979 1076 1183 1125 πολλοῖς
1221 1071 1311 1134 ἤδη
1349 1075 1446 1124 τοῖς
1486 1093 1716 1140 παρῳχη-

126 1153 265 1204 κόσιν
310 1154 464 1222 ε”νοχοι
506 1153 795 1218 πταίσμασι.
870 1152 946 1205 διὰ
996 1158 1135 1204 τοῦτο
1183 1154 1260 1204 καὶ
1307 1159 1333 1183 “
1352 1152 1582 1219 πώρωσιν
1625 1152 1720 1204 ἀπὸ
1785 1154 1880 1236 ἔξω·
1900 1154 1943 1184 xi·

126 1242 154 1265 ‘⁶
180 1234 347 1302 μέρους
389 1239 679 1302 γεγενῆσθαι
717 1240 784 1304 τῷ
822 1234 1058 1301 Ἰσραὴλ”
1102 1236 1127 1286 ὁ
1173 1233 1329 1302 σοφὸς
1373 1235 1483 1298 ἡμῖν
1524 1237 1715 1300 διεμαρ-

126 1317 300 1384 τύρατο
340 1322 553 1372 Παῦλος.
619 1320 716 1369 ἐπεὶ
754 1316 801 1368 δὲ
840 1319 916 1368 καὶ
955 1318 1010 1368 οὐ
1047 1319 1130 1380 τῆς
1164 1315 1403 1384 τυχούσης
1442 1315 1722 1383 φρονήσεως

61 1418 107 1456 15
128 1400 267 1466 ἔργον
300 1399 358 1465 ἧν
389 1399 471 1451 τὸν
509 1401 557 1451 ἐν
595 1399 862 1468 ἀνθρωπεία
901 1401 1066 1466 μορφῇ
1106 1397 1429 1464 κρυπτόμενον
1467 1399 1720 1464 ἐπιγνῶναι

128 1481 267 1544 Θεὸν,
284 1482 348 1546 μὴ
377 1479 603 1533 δύνασθαί
624 1485 749 1548 φησι
776 1484 884 1550 πρὸς
912 1480 1054 1531 αὐτὸν
1081 1481 1194 1530 ἰέναι
1223 1479 1305 1531 τὸν
1332 1481 1462 1530 οὔπω
1489 1479 1720 1543 λαβόντα,
1740 1502 1762 1525 a
1793 1493 1877 1528 379
1894 1492 1943 1526 A.

127 1564 326 1615 σύνεσιν
352 1563 401 1615 δὲ
438 1562 658 1629 δηλονότι
690 1561 821 1628 παρὰ
855 1567 938 1613 τοῦ
976 1566 1101 1613 Θεοῦ
1135 1564 1212 1612 καὶ
1248 1562 1441 1631 Πατρὶς,
1473 1563 1549 1611 καὶ
1587 1560 1722 1624 μάλα

1784 1642 1816 1671 S.
1831 1642 1905 1673 Jac.
1922 1642 1944 1672 i.

1788 1692 1836 1724 17.

641 1652 668 1673 66

129 1644 333 1700 εἰκότως.
413 1650 451 1696 εἰ
504 1645 597 1711 γὰρ
695 1649 832 1695 πᾶσα
882 1642 1014 1697 δόσις
1060 1643 1216 1709 ἀγαθὴ
1262 1645 1337 1694 καὶ
1383 1648 1480 1695 πᾶν
1526 1642 1722 1709 δώρημα

130 1734 156 1757 “
182 1727 362 1779 τέλειον
394 1726 571 1778 ἄνωθέν
603 1728 706 1777 ἐστι
745 1729 1033 1785 καταβαῖνον
1065 1727 1114 1776 ἐκ
1153 1731 1236 1776 τοῦ
1274 1725 1453 1791 πατρὸς
1485 1729 1580 1776 τῶν
1613 1724 1718 1794 φώ-

130 1817 157 1839 “
183 1810 324 1861 των·”
371 1813 472 1863 πῶς
510 1807 568 1859 ἂν
607 1809 709 1875 οὐχὶ
748 1812 940 1871 μᾶλλον
980 1809 1055 1858 καὶ
1095 1807 1150 1858 τὸ
1190 1808 1441 1873 ἐπιγνῶναι
1480 1805 1719 1872 Χριστὸν,

62 1833 112 1859 20

130 1894 282 1958 δῶρον
302 1890 359 1942 ἂν
379 1890 560 1958 γένοιτο
586 1893 669 1954 τῆς
695 1895 778 1940 τοῦ
801 1887 992 1955 Πατρὸς
1019 1889 1204 1958 δεξιᾶςς
1235 1890 1310 1939 καὶ
1338 1889 1366 1953 ἡ
1394 1891 1477 1952 τῆς
1503 1888 1724 1952 ἀληθείας

130 1972 416 2041 κατάληψις,
443 1977 544 2027 πῶς
570 1973 653 2023 οὐκ
678 1971 735 2023 ἂν
764 1976 914 2022 νοοῖτο
940 1969 1101 2035 πάσης
1127 1969 1333 2022 ἐπέκεινα
1359 1969 1582 2037 χάριτος;
1621 1970 1725 2040 ὅσῳ

130 2054 224 2121 γὰρ
262 2052 320 2105 ἂν
354 2055 568 2124 φαίνοιτο
607 2058 700 2104 τῶν
733 2052 958 2104 ἀνωτάτω
996 2052 1225 2121 πρόξενος
1265 2054 1473 2119 ἀγαθῶν,
1508 2052 1724 2122 τοσούτῳ

130 2140 321 2199 μᾶλλον
360 2136 420 2187 ἂν
457 2135 627 2202 πρέποι
668 2138 749 2199 τῆς
791 2135 914 2188 θείας
959 2134 1105 2198 αὐτὴν
1146 2134 1384 2200 ἠρτῆσθαι
1429 2136 1717 2202 φιλοτιμίας.
1743 2138 1768 2177 b

64 2240 112 2278 25
132 2219 298 2269 δίδωσι
338 2217 487 2284 γεμὴν
527 2219 580 2268 οὐ
625 2222 721 2271 τοῖς
766 2216 1048 2283 ἀκαθάρτοις
1093 2217 1117 2266 ὁ
1161 2216 1331 2282 Πατὴρ
1377 2214 1431 2267 τὸ
1472 2217 1724 2281 ἐπιγνῶναι

132 2299 364 2365 Χριστὸν,
391 2299 494 2351 οὐδὲ
533 2304 628 2353 τοῖς
664 2303 726 2353 εἰς
762 2297 984 2352 ἐκτόπους
1018 2299 1251 2351 ἀπειθείας
1287 2300 1553 2366 ἀποφοιτᾶν
1585 2306 1724 2361 μελε-

132 2380 316 2445 τήσασι
341 2379 427 2445 τὴν
451 2380 855 2448 ἐπωφελεστάτην
882 2385 964 2431 τοῦ
992 2379 1270 2442 Πνεύματος
1297 2381 1448 2443 ἐνίησι
1474 2378 1627 2446 χάριν·
1671 2380 1724 2429 οὐ

134 2461 228 2528 γὰρ
266 2462 353 2514 ἔδει
390 2462 613 2532 βορβόρῳ
651 2461 705 2513 τὸ
743 2463 894 2526 τίμιον
929 2464 1194 2529 ἐπιχεῖσθαι
1229 2460 1392 2527 μύρον.
1445 2463 1521 2511 καὶ
1557 2466 1671 2526 γοῦν
1699 2462 1723 2511 ὁ

135 2544 360 2611 μακάριος
398 2544 646 2613 προφήτης
678 2544 916 2611 Ἱερεμίας,
951 2543 1451 2610 προαποκαθαίρεσθαι
1491 2546 1585 2593 δεῖν
1624 2547 1723 2596 ταῖς

184 2728 218 2762 3.
245 2715 380 2762 καρδίᾳ]
404 2720 441 2757 -1-
462 2716 570 2750 αὐτῶν
590 2716 631 2750 Β.
698 2716 960 2762 ἐπιστρέψωμαι
980 2716 1021 2750 Β.
1187 2712 1454 2767 ψγιγνόμενοι]
1474 2713 1661 2759 γενομένων
1681 2714 1722 2748 Β.

138 2765 171 2799 8.
199 2761 468 2808 καταμύσαντες]
487 2762 694 2807 παχύνοντες
714 2763 754 2797 Β,
903 2774 956 2798 10.
982 2761 1056 2807 τὸν]
1082 2767 1117 2802 -ὶ-
1141 2762 1175 2796 ἐκ
1194 2762 1261 2796 Ed.
1281 2763 1391 2795 invito
1412 2761 1452 2795 Β.
1608 2772 1660 2803 14.
1687 2761 1723 2794 δὲ

138 2823 209 2845 om.
231 2810 272 2843 B.
468 2820 520 2853 15.
548 2810 646 2853 ἔργον
664 2813 703 2852 ἠν
719 2816 941 2854 assumptum
961 2821 1002 2843 ex
1022 2809 1064 2844 B.
1250 2808 1302 2842 16.
1330 2809 1388 2841 τὸν
1405 2814 1437 2841 et
1455 2809 1563 2852 φησιν
1582 2807 1671 2840 inter
1689 2819 1725 2841 se

137 2857 338 2901 transpomt
358 2856 399 2890 Β.
467 2856 593 2890 Statim
610 2870 697 2890 ουτω
718 2856 759 2890 Β.
964 2867 1018 2900 23.
1044 2855 1216 2900 προξενῶν
1236 2854 1277 2889 Β.
1480 2865 1533 2896 24.
1561 2854 1661 2897 αὐτῆς
1681 2854 1722 2887 Β.

141 2914 196 2946 25.
223 2904 262 2937 οὗ
281 2909 359 2937 ante
378 2903 497 2937 δίδωσι
515 2909 558 2937 tr.
577 2902 642 2937 Ed.
661 2902 778 2936 invitis
798 2902 890 2936 B.D.
953 2902 1081 2936 Statim
1099 2903 1167 2937 τοῖς
1189 2901 1279 2934 B.D.
1299 2901 1412 2936 αἰτοῖς
1431 2900 1497 2935 Ed.
1596 2901 1650 2935 26.
1679 2901 1725 2936 εἷς

139 2950 317 2995 ἐκτύπους]
338 2950 479 2983 ἐκτόπου
500 2949 540 2983 B.
686 2960 739 2993 29.
765 2949 925 2993 Ἱερεμίας
945 2949 1037 2984 B.D.
1057 2946 1203 2983 Ἡσαΐας
1224 2947 1288 2981 Ed.

871 3016 991 3055 4132
