2084 3317
153 157 308 201 vii.16.
393 162 469 203 IN
510 163 553 204 S.
587 164 924 208 JOANNEM.
987 168 1112 210 LIB.
1145 169 1224 211 IV.
1286 171 1420 213 CAP.
1444 174 1496 215 V.
1655 176 1738 216 603

149 272 177 294 “
197 268 482 334 οἰκουμένην,
498 274 573 322 καὶ
594 273 672 327 οὖς
692 275 964 340 ἀκροάσεως
990 278 1275 343 ἐπακροᾶται
1301 278 1361 330 τὰ
1386 280 1589 333 πάντα.”
1616 282 1735 349 πρὸς
1754 310 1776 334 a
1810 302 1890 336 412
1906 301 1957 337 A.

148 346 202 397 δέ
235 370 289 413 γε
326 348 433 404 τοὺς
470 353 704 416 οἰομένους
741 355 950 420 ἀνοήτως
989 361 1170 423 κομιδῆ,
1209 365 1402 423 μᾶλλον
1441 361 1490 413 δὲ
1528 364 1618 427 ἠδη
1657 367 1734 415 καὶ

147 429 465 493 δυσσεβῶς,
440 455 511 483 οτι
546 436 871 504 φθεγξάμενοί
902 461 946 489 τι
981 439 1064 490 τὸν
1098 445 1221 492 θεῖον
1250 442 1562 507 διαλήσονται
1601 451 1728 509 νοῦν,

1059 521 1069 538 Ι

145 508 171 558 ὃ
211 512 465 567 θεσπέσιος
504 517 770 585 ψαλμωδός
809 542 901 570 που
941 524 1064 589 φησι
1098 529 1125 551 “
1147 522 1317 574 Σύνετε
1353 522 1409 588 δὴ
1446 527 1649 594 ἄφρονες
1684 531 1732 578 ἐν
1794 528 1956 613 {sb-xciii.

99 599 122 638 5
145 595 172 619 “
198 594 264 640 τῶ
291 597 413 662 λαῷ,
444 598 520 646 καὶ
554 599 707 663 μωροί
735 622 849 650 ποτε
884 601 1174 669 φρονήσατε·
1220 605 1245 654 6
1279 606 1518 673 φυτεύσας
1547 607 1601 659 τὸ
1628 609 1726 671 οὐς,

143 673 353 740 “οὑχὶ’
327 676 513 727 ακούει·
501 717 514 740 ,
520 678 544 693 ”
584 684 685 733 πῶς
711 680 804 747 γὰρ
831 682 954 735 ὅλως
981 681 1038 734 ἂν
1063 685 1295 753 ἐνδέχοιτο
1320 686 1386 751 μὴ
1413 689 1515 756 οὐχὶ
1542 689 1729 743 πάντως

140 753 473 818 ἀκροάσασθαι
512 759 571 809 τὰ
609 760 778 824 πάντα,
817 762 900 813 τὸν
937 769 1033 818 τοῖς
1072 766 1128 815 δι’
1169 768 1312 818 αὐτοῦ
1350 770 1614 834 γενομένοις
1653 794 1729 822 και

139 833 226 898 τὴν
270 836 346 887 διὰ
390 841 472 902 τῆς
517 841 659 905 ἀκοῆς
703 843 932 908 αἴσθησιν
971 847 1371 915 ἐμφυτεύσαντα·
1358 890 1371 912 ,
1429 851 1581 912 βλέπε
1625 875 1721 903 τοι·
1746 863 1772 904 b

137 923 317 982 γαροῦν
340 921 427 969 κάν
451 921 603 972 τούτω
628 923 776 975 πάλιν
803 926 983 977 Θεὸν”
953 950 1066 978 οντα
1093 928 1212 979 κατὰ
1243 929 1393 997 φύσιν
1418 930 1500 982 τὸν
1530 932 1722 999 Κύριον.

67 1013 117 1040 10
137 995 191 1047 τὸ
229 997 325 1064 γὰρ
363 1003 425 1054 ὡς
462 1004 512 1052 ἐν
543 1002 675 1074 οχλω
714 1005 872 1072 λαθρα
911 1010 1273 1077 διαψιθυρισθεν
1308 1011 1438 1078 παρὰ
1476 1018 1571 1064 τῶν
1607 1015 1726 1065 Ἰου-

135 1079 279 1129 δαίων
306 1082 389 1132 οὐκ
414 1084 588 1148 ἀγνοεῖ·
630 1086 811 1154 δέχεται
847 1088 896 1139 δὲ
931 1112 1097 1155 ωσπερ
1130 1093 1178 1142 ἐν
1205 1094 1296 1143 ὠσι
1322 1096 1608 1160 θεοπρεπῶς,
1637 1094 1725 1146 κᾶν

134 1158 212 1210 διὰ
247 1159 331 1213 τὸν
366 1163 524 1231 φόβον
557 1171 652 1217 τῶν
682 1168 954 1234 ἡγουμενων
983 1171 1129 1236 μηδὲν
1164 1174 1214 1224 ἐν
1247 1176 1492 1244 παῤῥησία
1531 1182 1725 1228 λαλῶσι

132 1243 239 1307 περὶ
266 1245 423 1298 αὐτοῦ.
475 1248 630 1313 ἐπειδὴ
666 1250 714 1301 δὲ
749 1249 885 1320 ἅπαξ
914 1254 1245 1318 τεθαυμακασί
1274 1278 1392 1309 τινες
1428 1262 1522 1308 τῶν
1548 1262 1719 1310 συνδε-

132 1324 440 1389 δραμηκότων
475 1330 524 1379 ἐν
557 1334 624 1381 τῶ
665 1335 770 1402 ἱερῶ
809 1335 885 1384 καὶ
924 1335 1238 1402 διελογίζοντο
1278 1336 1397 1389 κατὰ
1435 1338 1489 1389 τὸ
1528 1340 1660 1403 εἰκὸς,
1693 1340 1723 1406 ἢ

62 1424 110 1462 15
132 1406 208 1455 καὶ
245 1407 477 1473 ἀλλήλοις
517 1414 856 1477 προσελάλουν
894 1415 1044 1481 ἠρέμα
1079 1424 1106 1446 “
1127 1421 1242 1471 Πῶς
1287 1419 1421 1474 οὗτος
1462 1421 1722 1487 γράμματα
1782 1426 1916 1511 {ff}

132 1484 277 1538 “026⁶
320 1488 386 1553 μὴ
429 1494 769 1557 μεμαθηκώς;”
823 1498 1088 1562 ἀναγκαίως
1130 1499 1185 1563 δὴ
1225 1498 1373 1551 παλιν
1411 1501 1519 1552 ἰσον
1556 1503 1760 1554 ἑαυτὸνο

128 1567 426 1622 ἀναδείκνυσι
451 1577 517 1623 τῶ
542 1577 650 1625 Θεῶ
677 1598 752 1626 και
781 1580 950 1644 Πατρι,
977 1583 1043 1648 τῷ
1068 1580 1268 1643 μαθόντι
1294 1581 1380 1645 μὲν
1406 1582 1459 1633 τὸ
1493 1607 1721 1650 παραπαν

126 1649 274 1709 οὐδὲν,
319 1651 472 1719 ἐχοντι
523 1655 573 1706 δε
617 1662 712 1708 τῶν
758 1658 885 1710 ολων
929 1659 1014 1723 τὴν
1059 1666 1243 1726 γνῶσιν
1289 1668 1505 1731 φυσικῶς
1549 1688 1598 1716 τε
1644 1669 1721 1717 καὶ

125 1731 397 1796 ἀδιδακτως,
423 1736 498 1786 διὰ
524 1737 578 1787 τὸ
605 1739 782 1793 παντὸς
818 1742 1122 1807 ὑπερκεῖσθαι
1158 1749 1239 1794 νοῦ
1267 1767 1342 1795 και
1368 1768 1534 1797 πασαν
1561 1747 1646 1811 τὴν
1672 1751 1720 1799 ἐν

57 1831 107 1858 20
124 1817 221 1867 τοῖς
263 1815 399 1866 οὖσιν
439 1819 846 1884 ὑπερανιπτασθαι
892 1822 1145 1891 φρόνησιν.
1205 1824 1262 1889 ἧν
1300 1849 1384 1888 μεν
1423 1828 1504 1878 οὖν
1545 1851 1620 1879 και
1666 1830 1723 1898 ἐξ

124 1893 291 1959 ἑτέρων
329 1904 467 1949 τοῦτο
513 1901 733 1952 δεικνύειν
771 1926 1082 1969 πραγματων,
1125 1929 1200 1956 και
1245 1912 1572 1976 πληροφορεῖν
1610 1910 1717 1964 τοὺς

123 1978 460 2042 ἀκροωμένους,
487 1983 548 2034 ὡς
574 1982 669 2033 ὅσα
695 2007 784 2049 περ
820 1984 974 2036 ἐνεστι
1009 1990 1076 2036 τῶ
1113 1988 1429 2052 γεγεννηκότι,
1455 1996 1603 2041 ταῦτα
1639 2014 1716 2042 και

123 2057 248 2126 αὐτῷ
293 2059 540 2126 προσόντα
593 2065 820 2130 φαίνεται,
863 2066 939 2116 διὰ
989 2067 1253 2131 ταυτότητα
1306 2072 1528 2137 φυσικήν.
1599 2072 1715 2137 ὅπερ

120 2139 262 2190 ἐποίει
287 2145 362 2193 καὶ
390 2145 436 2192 ἐν
463 2144 631 2209 ἑτέροις
665 2145 759 2196 ἀπὸ
794 2153 877 2198 τοῦ
913 2148 1148 2200 δύνασθαι
1184 2150 1346 2213 ταύτὰ,
1373 2155 1448 2202 καὶ
1486 2153 1706 2218 ἀπαράλ-

53 2235 103 2276 25
121 2224 300 2271 λακτον
324 2222 446 2289 ἐχειν
470 2224 556 2288 τὴν
582 2226 656 2294 ἐφ’
684 2225 865 2278 ἅπασιν
890 2228 1122 2326 ἐνεργειαν
1149 2230 1267 2296 πρὸς
1302 2230 1356 2282 τὸ
1391 2255 1497 2283 ισον
1523 2234 1709 2288 εἰκότως
1728 2246 1757 2287 d

120 2302 387 2362 ἀναβαινων
414 2305 599 2373 ἀξιωμα
627 2305 736 2358 6ίὸΑ
771 2331 863 2376 γαρ
899 2308 957 2360 ἂν
985 2312 1009 2360 6
1038 2310 1208 2378 Πατὴρ
1243 2317 1367 2379 ποιῇ,
1396 2316 1533 2382 φησι,
1559 2320 1708 2365 ταῦτα
1770 2323 1923 2365 Suprav.

1772 2375 1785 2396 I

135 2385 248 2433 ‘twa
293 2384 318 2434 6
365 2384 479 2440 Υἱὸς
523 2388 694 2450 ὁμοίως
737 2396 874 2453 ποιεῖ,
879 2389 905 2407 ”
953 2394 1029 2442 καὶ
1069 2391 1218 2443 πάλιν
1260 2400 1287 2423 “
1303 2392 1497 2461 Ὠσπερ
1541 2395 1636 2462 γὰρ
1681 2398 1705 2446 6
1768 2377 1822 2447 119).
1835 2424 1885 2449 21

119 2470 146 2492 ‘⁶
173 2463 344 2531 Πατὴρ
377 2467 538 2533 ἐγείρει
571 2491 679 2523 τους
712 2493 899 2538 νεκρους
932 2475 1007 2523 καὶ
1040 2471 1266 2538 ζωοποιεῖ,
1293 2476 1414 2526 οὕτω
1438 2478 1514 2526 καὶ
1541 2478 1566 2527 6
1593 2475 1708 2531 Υἱὸς

117 2551 146 2575 “
172 2544 252 2599 οὓς
278 2546 406 2598 θέλει
431 2548 685 2614 ζωοποιεΐ.”

49 2643 99 2679 30
191 2625 333 2678 Ἀλλ’
362 2627 420 2692 ἧν
454 2652 553 2683 πως
588 2632 637 2681 ἐν
664 2632 844 2687 τούτοις
882 2635 1236 2702 ἐπικαιρότατόν
1268 2659 1318 2688 τε
1351 2641 1427 2689 καὶ
1461 2640 1702 2705 πρεπωδέ-

163 2806 196 2840 6.
223 2821 283 2840 ουκ
304 2806 473 2842 εἷσακουει
494 2809 526 2842 D
546 2808 607 2843 sed
631 2811 772 2856 corrigit
795 2812 873 2858 οὐχι
894 2812 1006 2847 ἀκούει
1032 2814 1064 2847 D
1086 2826 1158 2859 mg.
1182 2814 1227 2850 cf.
1247 2815 1356 2850 Hom.
1376 2816 1500 2851 Pasch.
1519 2817 1565 2852 xi.
1588 2818 1652 2863 169
1671 2830 1702 2853 a.

115 2852 237 2888 ὅλως
220 2868 260 2887 αν
277 2853 344 2887 hoc
362 2854 483 2888 ordine
503 2855 545 2890 B.
727 2869 759 2902 9.
787 2858 929 2903 Κύριον]
950 2862 1100 2904 Χριστόν
1119 2861 1408 2907 B.17.
1435 2863 1639 2898 ἀνάδεικνὺει
1660 2865 1701 2900 Β.

117 2910 173 2934 22.
198 2913 262 2944 περ
279 2907 503 2944 assumptum
521 2913 561 2936 ex
584 2901 624 2935 Β.
724 2914 780 2946 24.
807 2905 928 2950 ταύτὰ]
949 2921 1004 2950 γρ.
1022 2909 1126 2941 ταῦτα
1145 2907 1179 2941 D
1197 2911 1300 2953 mg.‘
1304 2909 1369 2942 ‘.al
1387 2911 1508 2944 ταῦτα’
1513 2910 1609 2945 '.Ed
1627 2923 1700 2956 mg.

115 2945 171 2980 26.
196 2946 387 2986 ἀναβαίνειν
405 2947 447 2981 Β.
589 2959 645 2992 30.
671 2951 957 2994 πρεπωδέστατον
977 2953 1018 2987 Β.
1036 2954 1321 2999 πρεπωδέστερον
1339 2955 1406 2990 Ed.

845 3017 972 3055 4112
