2084 3317
105 151 164 191 iii.
185 163 337 201 20,21.
381 151 454 191 IN
496 151 539 191 S.
574 150 910 191 JOANNEM.
974 150 1098 190 LIB.
1132 150 1191 190 ΙΙ.
1256 150 1387 190 ΟΑΡ.
1423 150 1458 190 Ι.
1607 150 1685 189 231

157 355 245 395 Πᾱε
284 355 360 411 scip
397 355 420 397 ὁ
459 357 604 410 φαῦλα
643 355 848 410 Πράσσων
886 350 997 401 μισεῖ
1034 353 1082 395 τὸ
1121 352 1216 408 φῶς
1256 351 1323 392 καὶ
1362 352 1436 392 οὐκ
1474 350 1641 407 ἔρχεται
1714 370 1762 395 20

316 448 423 506 Πρὸς
460 450 507 492 τὸ
545 449 653 505 φῶς,
691 449 759 490 ἵνα
797 448 852 497 μή
892 448 1069 505 &hel-XO&
1109 447 1159 488 τὰ
1197 446 1298 502 &prot
1338 445 1484 486 αὐτοῦ.
1710 459 1731 484 o

177 579 567 649 Ἐπεξεργάζεται
606 581 850 647 χρησίμως
887 579 940 630 τὸ
977 578 1229 645 εἰρημένον,
1265 579 1340 628 καὶ
1375 575 1456 627 τὸν
1489 577 1561 626 ἐπὶ
1597 580 1692 629 τοῖς

102 662 434 731 συμφέρουσιν
478 661 615 713 ὄκνον
661 663 718 731 ἐξ
765 660 952 727 ἀγάπης
1003 661 1116 712 ὄντα
1168 663 1250 724 τῆς
1297 663 1358 713 εἷς
1402 658 1456 709 τὸ
1504 663 1692 726 φαῦλον

60 755 82 793 5
103 744 298 812 ἐλέγχει,
327 747 401 795 καὶ
433 744 564 811 ῥίζαν
590 744 759 812 ἔχοντα
785 744 838 794 τὸ
864 741 929 807 μὴ
959 743 1225 804 βούλεσθαι
1259 747 1424 806 μαθεῖν
1451 740 1509 792 τά
1545 741 1599 791 δι’
1628 739 1694 791 ὧν

101 825 161 877 ἂν
192 825 373 892 γένοιτό
411 850 480 880 τις
518 826 675 894 σοφός
715 849 765 876 τε
804 829 879 876 καὶ
919 824 1111 891 ἀγαθός·
1169 825 1331 892 φεύγει
1370 823 1454 888 μὲν
1486 822 1579 890 γὰρ
1618 825 1694 873 καὶ

100 913 407 975 παραιτεῖται,
451 911 617 978 φησὶν,
663 910 687 959 ὁ
733 913 827 959 τῶν
871 912 1091 974 πονηρῶν
1133 906 1331 973 ἐργάτης
1376 905 1430 956 τὸ
1476 907 1525 955 ἐν
1571 907 1695 973 φωτὶ

101 991 323 1056 γενέσθαι
355 995 421 1060 τῷ
456 992 577 1061 θείῳ,
606 992 688 1041 οὐκ
723 994 848 1041 αἰδοῖ
877 994 934 1057 τῇ
970 989 1046 1041 διὰ
1080 989 1134 1040 τὸ
1171 994 1360 1057 φαῦλον
1393 986 1690 1053 ἐγκαλυπτό-

100 1092 254 1137 μενος·
297 1072 324 1138 ὴ
350 1073 444 1139 γὰρ
471 1073 528 1124 ἂν
554 1073 712 1137 ἐσώθη
740 1079 877 1123 τοῦτο
903 1072 1086 1124 παθών·
1130 1072 1242 1122 ἀλλ’
1271 1073 1320 1121 ἐν
1346 1070 1513 1139 ἀγνοίᾳ
1543 1069 1694 1134 μένειν
1714 1074 1741 1115 d

35 1175 82 1200 10
101 1160 184 1205 τοῦ
233 1156 494 1221 πρέποντος
544 1157 763 1220 ἀγαπῶν,
817 1155 892 1205 ἵνα
942 1153 1006 1218 μὴ
1058 1153 1326 1217 πλήττηται
1376 1157 1691 1216 πλημμελῶν,

100 1259 388 1305 πικροτεροις
428 1238 518 1303 ἤδη
559 1243 655 1291 τοῖς
696 1236 791 1288 ἀπὸ
837 1241 919 1287 τοῦ
960 1236 1229 1289 συνειδότος
1272 1234 1489 1302 ἐλεγχοις
1533 1257 1691 1300 προσ-

99 1319 280 1383 βαλὼν,
321 1344 396 1371 και
436 1318 513 1371 διὰ
549 1326 632 1371 τοῦ
678 1318 848 1370 λοιπὸν
887 1319 1234 1388 ἐξεπιστασθαι
1278 1317 1332 1369 τὸ
1378 1317 1574 1383 ἀγαθὸν,
1618 1320 1695 1368 δυ-

100 1403 433 1470 σαχθεστέραν
478 1403 666 1472 ὑφέξων
709 1403 776 1472 τῷ
828 1401 1030 1468 κρίνοντι
1078 1402 1224 1464 δίκην,
1269 1404 1307 1451 εἰ
1356 1399 1420 1463 μὴ
1469 1399 1696 1460 βούλοιτο

100 1487 217 1550 δρᾶν
243 1482 363 1551 ἅπερ
397 1484 454 1536 ἂν
481 1485 661 1553 ἀρέσκῃ
699 1488 823 1554 Θεῷ.
880 1483 937 1535 Ὀ
969 1481 1014 1535 δὲ
1046 1483 1177 1534 ποιεῖν
1205 1481 1273 1542 τὴν
1306 1481 1525 1543 ἀλήθειαν,
1552 1504 1689 1532 τουτ-

34 1578 80 1617 15
101 1566 244 1629 ἔστιν,
273 1568 297 1618 ὁ
333 1571 427 1618 τῶν
459 1569 542 1631 τῆς
581 1566 803 1630 ἀληθειας
843 1566 995 1633 ἔργων
1028 1564 1231 1632 ἐραστής
1271 1588 1321 1616 τε
1360 1566 1435 1615 καὶ
1474 1563 1691 1628 ποιητὴς,

100 1649 275 1718 ἔρχεται
311 1674 417 1720 προς
453 1674 497 1701 το
534 1649 646 1720 φῶς,
670 1650 742 1701 ἱνα,
779 1647 999 1719 φανερωθη
1033 1672 1093 1699 τοι
1130 1647 1239 1717 ἔργα
1275 1671 1402 1699 αυτου
1438 1646 1498 1698 ὀτι
1531 1648 1568 1698 ἐν
1597 1648 1735 1698 Θεώ“ο

100 1732 214 1783 ἐστιν
265 1730 553 1801 εἰργάσμενοι·
624 1732 679 1782 οὐ
726 1730 820 1797 γὰρ
877 1736 1170 1797 παραιτεῖται
1219 1729 1302 1781 τὸν
1353 1731 1401 1780 ἐν
1452 1704 1696 1793 Πνεύματι

99 1813 367 1881 φωτισμὸν,
408 1814 465 1883 ἐξ
502 1815 644 1865 αὐτοῦ
686 1812 742 1878 δὴ
781 1811 1000 1876 μάλιστα
1045 1811 1163 1879 πρὸς
1202 1810 1257 1863 r&
1299 1811 1532 1863 δύνασθαι
1575 1816 1697 1862 νοεῖν

98 1894 484 1962 ἀσυναρπάστως
512 1895 962 1964 χειραγωγούμενος,
989 1899 1027 1946 εἰ
1061 1894 1126 1959 μὴ
1160 1894 1246 1960 τὴν
1279 1895 1409 1946 θείαν
1441 1894 1698 1959 ἐκβέβηκεν

31 2000 82 2026 20
98 1977 308 2042 ἐντολὴν,
335 1981 410 2030 καὶ
437 1982 475 2029 εἰ
500 1977 657 2030 πάντα
684 1977 804 2029 κατὰ
830 1976 975 2041 νόμον
1001 1977 1251 2044 εἴργασται
1279 1981 1420 2028 Θεοῦ.

165 2058 314 2111 ’Έστι
355 2062 511 2112 τοίνυν
549 2060 788 2130 ἀπόδειξις
829 2059 1028 2127 ἐναργὴς
1067 2063 1149 2124 τῆς
1187 2059 1273 2124 μὲν
1312 2064 1374 2114 εὶς
1413 2058 1467 2111 τὸ
1507 2063 1698 2128 φαῦλον

98 2143 328 2221 ἀχαλίνρυ
362 2145 524 2211 ῥοπῆς,
560 2146 636 2194 καὶ
669 2142 874 2210 ἀκράτου
909 2141 1028 2208 πρὸς
1060 2141 1114 2193 τὸ
1150 2147 1306 2210 χεῖρον
1332 2143 1513 2206 ἡδονῆς,
1541 2141 1595 2192 τὸ
1630 2141 1696 2206 μὴ

97 2226 324 2290 ἐθελῆσαι
357 2231 522 2290 μαθεῖν
555 2225 616 2278 τὰ
651 2226 705 2277 δι’
739 2224 804 2277 ὧν
838 2226 896 2277 ἄν
928 2248 996 2279 τις
1033 2226 1236 2293 ἰσχύσαι
1267 2224 1385 2291 πρὸς
1417 2223 1470 2275 τὸ
1507 2225 1735 2288 ἄμεινονει
1774 2241 1852 2275 156
1870 2240 1920 2274 A.

98 2308 398 2374 ἀναδραμεῖν·
450 2312 533 2373 τῆς
573 2308 621 2359 δὲ
660 2311 735 2361 ἐπὶ
774 2313 869 2363 τοῖς
909 2309 1121 2374 ἀρίστοις
1160 2309 1419 2370 ἐπιθυμίας,
1455 2306 1509 2358 τὸ
1549 2308 1696 2376 φωτί-

31 2402 79 2441 25
99 2387 261 2455 ζεσθαι
288 2394 450 2460 διψῆν,
478 2393 554 2442 καὶ
582 2391 746 2458 ὥσπερ
772 2390 877 2442 τινὰ
904 2389 1078 2442 κανόνα
1105 2392 1181 2441 καὶ
1213 2392 1541 2455 ἀπευθυντῆρα
1576 2389 1696 2455 πρὸς

98 2470 184 2536 τὴν
229 2473 531 2539 ἀρέσκουσαν
571 2475 815 2525 πολιτείαν
859 2477 926 2542 τῷ
973 2476 1096 2542 Θεῷ,
1141 2472 1224 2523 τὸν
1269 2473 1412 2523 αὐτοῦ
1457 2474 1696 2523 ποιεῖσθαι

99 2554 259 2619 νόμον·
311 2554 426 2621 ὅπερ
465 2556 593 2609 εἰδὼς
638 2557 785 2610 οὕτως
831 2555 965 2623 ἔχειν,
1008 2557 1084 2606 καὶ
1129 2555 1154 2605 ὁ
1205 2554 1462 2607 θεσπέσιος
1509 2551 1696 2621 ψάλλει

97 2635 309 2707 μελῳδός
338 2637 445 2688 “Ὁ
485 2637 628 2702 νόμος
669 2638 848 2705 Κυρίου
888 2637 1081 2701 ἄμωμος
1121 2637 1425 2706 ἐπιστρέφων
1459 2634 1634 2704 ψυχὰς,
1667 2635 1694 2700 ἡ
1756 2637 1811 2711 {⁵
1829 2637 1921 2668 xviii.

1781 2691 1834 2722 ‚9-

145 2802 180 2837 5.
206 2793 246 2828 τὰ
265 2799 490 2839 assumptum
507 2806 547 2828 ex
568 2794 609 2829 B.
837 2795 870 2829 8.
895 2791 1299 2839 Τῇ-ἐγκαλυπτόμενος]
1319 2806 1351 2825 τι
1369 2791 1424 2825 διὰ
1441 2791 1581 2835 φαῦλον
1599 2789 1696 2824 ἐκκα-

1569 2846 1629 2862 πων

98 2875 310 2918 λυπτόμενος
330 2873 371 2907 Β.
390 2873 509 2908 invitis
529 2873 685 2908 Catenis.
962 2886 994 2919 9
1021 2870 1337 2918 μένειν-ἀγαπῶν]
1357 2870 1634 2915 μένει-ἀγαθων
1654 2870 1696 2904 Β.

103 2931 156 2955 12.
183 2921 237 2955 διὰ
254 2923 355 2955 τοῦτο
375 2920 417 2954 Β.
566 2931 620 2962 14.
644 2923 704 2964 τὴν
721 2933 791 2955 om.
814 2921 949 2965 Migne.
1094 2931 1149 2954 20.
1177 2918 1276 2963 κατὰ]
1301 2923 1338 2958 -Ι-
1359 2919 1418 2952 τὸν
1437 2917 1466 2951 Β
1485 2930 1558 2962 mg.
1578 2918 1697 2952 invitis

100 2966 256 3002 Catenis.
402 2978 461 3012 23.
487 2966 632 3012 ἶσχύσαι
652 2967 694 3002 Β.
713 2967 841 3012 ἴσχυσε
861 2967 929 3002 Ed.
1073 2977 1128 3012 27.
1154 2967 1288 3011 ψάλλει
1308 2964 1350 3000 Β.
1369 2965 1506 3010 ἔψαλλε
1526 2963 1593 2999 Ed.
