2084 3317
111 136 164 177 vi.
185 137 337 186 60,61.
371 135 440 177 IN
482 136 525 176 S.
558 134 896 176 JOANNEM.
956 134 1082 175 LIB.
1114 133 1192 175 IV.
1255 133 1390 175 CAP.
1424 133 1512 173 III.
1610 134 1694 174 547

109 243 432 298 παιδευθέντες
467 243 744 312 μυστήριον,
775 244 976 309 εὔλογον
1008 241 1067 293 ἂν
1099 240 1385 306 ἐποιήσαντο
1422 245 1506 292 τοῦ
1545 239 1691 291 κολά-

111 325 273 391 ζεσθαι
307 324 394 388 τὴν
418 326 719 391 παραίτησιν,
747 327 823 376 καὶ
857 324 911 376 τὸ
948 323 1065 388 μηδὲ
1102 322 1225 376 ὅλως
1260 321 1424 373 εἰδέναι
1456 320 1695 388 προϊσχό-

110 428 254 470 μενοι,
281 406 592 473 μετριωτέραν
624 405 681 457 Bw
709 406 795 471 τὴν
827 412 909 457 τοῦ
944 405 1181 472 κρίνοντος
1218 403 1466 468 ὑπέμειναν
1492 403 1694 466 κίνησιν.

111 487 364 552 ἐγνώκοτες
413 487 463 539 δὲ
519 489 595 538 καὶ
645 486 882 542 πολλάκις
931 485 1399 552 μυσταγωγούμενοι,
1450 482 1549 535 εἶτα
1599 488 1700 538 ταῖς

68 582 92 622 5
113 570 361 622 ἀπειθείαις
401 568 679 636 ὑβρίζοντες,
718 574 819 623 πῶς
857 569 941 620 οὐκ
978 566 1036 619 ἂν
1074 566 1261 621 εἰκότως
1301 565 1477 620 παντὸς
1519 568 1696 634 ἀνῃρη-

111 650 253 714 μένου
289 649 461 702 λοιπὸν
496 651 630 702 ἐλέου
668 649 955 716 κολάζοιντο,
990 652 1066 702 καὶ
1103 649 1391 716 πικροτάτην
1425 648 1701 700 ἀποτίσειαν

112 734 180 801 τῷ
223 733 331 798 παρ’
375 733 530 783 αὐτῶν
567 732 873 802 ἠτιμασμένῳ
924 731 1011 796 τὴν
1057 732 1218 796 δίκην,
1279 731 1491 782 τοιοῦτόν
1534 753 1578 781 τι
1625 730 1701 780 καὶ

112 813 252 867 αὐτὸς
277 813 347 864 ἐπ’
376 814 533 868 αὐτοῖς
558 813 736 880 εἴρηκεν
763 815 788 864 ὁ
815 812 984 879 Σωτήρ
1011 820 1037 842 “
1060 817 1119 864 ΕΖ
1145 812 1209 877 μὴ
1236 812 1331 880 γὰρ
1357 812 1525 878 ἦλθον,
1555 814 1697 880 φησὶ,
1717 824 1744 865 b

114 900 141 924 ‘⁶
162 896 239 945 καὶ
271 894 495 959 ἐλάλησα
530 896 700 958 αὐτοῖς,
728 895 962 961 ἁμαρτίαν
988 895 1072 945 οὐκ
1103 894 1316 962 εἴχοσαν·
1359 897 1458 946 νυνὶ
1493 893 1542 945 δὲ
1575 892 1698 960 πρό-

46 997 94 1023 10
113 981 142 1004 “
167 980 322 1044 φασιν
347 977 432 1026 οὐκ
457 976 622 1044 ἔχουσι
646 978 752 1043 περὶ
778 979 860 1040 τῆς
886 976 1118 1042 ἁμαρτίας
1144 977 1340 1028 αὐτῶν.”

189 1057 602 1126 Παραφυλακτέον
638 1063 904 1124 τοιγαροῦν,
943 1062 1136 1121 μᾶλλον
1182 1056 1231 1108 δὲ
1274 1056 1602 1123 παραιτητέον,
1642 1058 1705 1110 ὡς

113 1138 320 1190 θανάτου
361 1137 595 1208 πρόξενον
632 1138 687 1190 τὸ
733 1138 981 1203 δυσήκοον,
1022 1141 1098 1189 καὶ
1142 1139 1259 1205 ζωῆς
1297 1138 1580 1206 παρεκτικὴν
1619 1137 1705 1202 τὴν

113 1220 279 1271 πίστιν
308 1221 534 1287 ἡγώμεθα
567 1219 654 1285 τὴν
684 1220 758 1289 ἐφ’
789 1219 857 1275 οἷς
890 1219 949 1271 ἂν
983 1219 1186 1288 διδάσκῃ
1221 1220 1451 1287 Χριστός.
1506 1223 1701 1288 διαφευ-

115 1300 296 1369 ξόμεθα
333 1301 426 1369 γὰρ
465 1302 586 1354 οὕτω
618 1301 673 1353 τὸ
711 1303 809 1366 μετ’
842 1303 1026 1353 ἐκείνων
1058 1300 1357 1367 κολάζεσθαι.
1411 1303 1708 1368 προστίθησι

49 1394 96 1433 15
116 1382 164 1433 δὲ
203 1382 274 1434 ὅτι
312 1385 388 1434 καὶ
424 1384 461 1435 ἐν
487 1387 546 1451 τῇ
583 1383 895 1453 Καφαρναοῖιμ
932 1389 1081 1435 ταῦτα
1119 1382 1388 1448 λελάληκεν
1421 1385 1446 1434 ὁ
1477 1382 1747 1450 Χριστὸς,ο

115 1464 191 1515 ἵνα
224 1466 449 1532 φαίνηται
481 1466 770 1530 μεμνημένος
804 1467 1027 1531 ἀκριβῶς.
1083 1466 1108 1516 ὁ
1146 1464 1240 1532 γὰρ
1278 1465 1408 1520 εἰδὼς
1447 1468 1523 1517 καὶ
1560 1464 1709 1517 τόπον

117 1548 193 1596 καὶ
246 1547 422 1611 κώμην,
467 1550 570 1600 πῶς
619 1545 677 1598 ἀν
720 1547 921 1614 ἁμάρτοι
970 1548 1076 1612 περὶ
1128 1546 1213 1611 τὴν
1257 1551 1352 1598 τῶν
1396 1547 1710 1615 διδαχθέντων

117 1626 379 1696 ἐξήγησιν,

120 1795 283 1838 Πολλοὶ
319 1793 392 1837 οὖν
430 1796 694 1838 ἀκούσαντες
730 1797 777 1838 ἐκ
816 1797 904 1839 τῶν
941 1798 1146 1846 μαθΗτών
1184 1798 1314 1838 αὐτοῦ
1352 1792 1473 1838 εἶπον
1511 1796 1708 1853 ΣκλΗρὸε
1729 1802 1779 1838 60

52 1896 102 1922 20
188 1879 301 1921 ἐστιν
339 1878 362 1920 ὁ
400 1880 526 1927 λόΓοε
564 1877 701 1921 οὗτος·
745 1879 807 1921 τίς
847 1880 1024 1923 δύναται
1064 1881 1193 1922 αὐτοῦ
1237 1880 1437 1931 ἀκούειν,
1492 1877 1619 1920 εἰδὼς
1662 1878 1708 1919 δὲ
1730 1881 1776 1917 61

186 1963 210 2007 ὃ
245 1963 414 2005 ἸΗσοῦε
455 1963 499 2005 ἐν
540 1964 682 2017 ἑαυτῷ
721 1965 786 2006 ὅτι
830 1964 1065 2022 ΓοΓΓύςουσι
1107 1964 1205 2021 Περὶ
1247 1965 1398 2005 τούτου
1443 1961 1481 2004 οἷ
1525 1962 1713 2012 μαθΗταί

189 2047 335 2098 αὐτοῦ,
371 2042 489 2087 εἶπεν
528 2046 578 2087 αὐ
589 2044 686 2088 τοῖς.

195 2158 352 2206 Τοῦτο
374 2159 470 2209 τοῖς
496 2154 708 2219 ἀνοήτοις
734 2155 853 2209 ἔθος·
895 2157 964 2207 ἀεὶ
990 2154 1084 2222 γὰρ
1108 2160 1203 2207 τῶν
1228 2153 1520 2222 μαθημάτων
1545 2175 1709 2205 καται-

120 2240 311 2287 τιῶνται
350 2235 410 2287 τὰ
448 2236 722 2302 λεπτότερα,
758 2239 833 2287 καὶ
872 2237 958 2303 τὴν
997 2239 1304 2307 ὑψηλοτέραν
1341 2236 1370 2301 ἢ
1410 2238 1508 2288 κατ’
1545 2233 1757 2288 αὐτοὺςᾶ

54 2335 103 2374 25
123 2319 322 2383 θεωρίαν
348 2319 541 2380 ἀμαθῶς
567 2318 893 2385 διασύρουσιν,
919 2321 1016 2371 ε’πεῖ
1048 2319 1112 2385 μὴ
1147 2326 1340 2371 νοοῦσιν
1366 2319 1510 2370 αὐτοί·
1562 2319 1712 2369 καίτοι

122 2403 314 2463 μᾶλλον
352 2401 494 2467 ἐχρῆν
531 2400 785 2464 μανθάνειν
823 2401 1108 2468 ἐπείγεσθαι,
1146 2405 1222 2453 καὶ
1263 2407 1358 2455 τοῖς
1403 2402 1712 2464 λαλουμένοις

124 2481 634 2533 συναπολεπτύνεσθαι
673 2487 844 2551 φιλεῖν,
879 2485 963 2535 οὐκ
1000 2485 1051 2535 ἐκ
1088 2488 1183 2535 τῶν
1214 2484 1435 2534 ἐναντίων
1464 2487 1559 2533 τῶν
1591 2482 1713 2532 οὕτω

1690 2562 1707 2581 ὸ

125 2566 299 2630 σοφῶν
332 2562 767 2631 κατεξανίστασθαι
801 2563 977 2630 λόγων,
1011 2567 1086 2616 καὶ
1124 2564 1341 2631 σκληρὸν
1375 2566 1651 2625 ἀποκαλεῖν,
1689 2587 1713 2614 ο

126 2646 203 2695 καὶ
229 2641 551 2710 θαυμάζεσθαι
577 2644 754 2712 πρέπει.
806 2645 1057 2714 πάσχουσι
1091 2646 1187 2713 γάρ
1222 2669 1266 2698 τι
1300 2651 1524 2709 τοιοῦτον,
1551 2644 1714 2697 ὁποῖόν

176 2798 208 2835 7.
235 2789 325 2836 αὐτῷ
344 2789 386 2824 Β.
438 2789 565 2824 Statim
583 2788 798 2837 ἢτιμασμένῳ
818 2791 860 2826 Β.
880 2791 948 2826 Ed.
967 2804 1039 2837 mg.
1059 2790 1296 2837 ἡτοιμασμένῳ
1314 2790 1382 2825 Ed.
1527 2791 1560 2825 8.
1585 2789 1630 2834 μὴ
1648 2791 1714 2836 γὰρ

126 2837 194 2870 hoe
213 2836 334 2870 ordine
353 2836 396 2871 Β.
461 2837 552 2881 φησὶ
570 2843 650 2881 post
668 2837 780 2873 αὐτοῖς
798 2843 841 2873 tr,
861 2838 904 2873 B.
1027 2850 1079 2873 10.
1106 2839 1165 2872 οὐκ
1183 2839 1303 2882 ἔχουσι
1321 2843 1402 2882 post
1418 2837 1527 2871 αὐτῶν
1544 2843 1587 2871 tr.
1608 2837 1650 2871 Β.
1669 2837 1715 2872 cf.

127 2895 236 2928 supra
253 2894 321 2928 309
340 2894 370 2917 c.
471 2892 524 2928 15.
551 2885 590 2927 τῇ
609 2891 833 2929 assumptum
854 2897 894 2918 ex
915 2885 957 2919 B.
978 2884 1071 2919 Catt.
1171 2884 1224 2918 16.
1250 2885 1304 2918 καὶ
1321 2896 1391 2919 om.
1413 2884 1455 2918 B.
1472 2883 1603 2918 habent
1622 2883 1715 2918 Catt.

130 2940 185 2975 23.
211 2930 277 2975 γὰρ
295 2941 365 2964 om.
386 2928 429 2965 Β.
575 2938 629 2974 27.
659 2930 1039 2977 συναπολεπτύνεσθαι]
1060 2931 1117 2967 οὖν
1134 2930 1431 2966 ἆπολεπτὺνεσθαι
1451 2930 1493 2966 Β.

870 2999 991 3037 4Λ2

1762 804 1856 834 Infra

1762 859 1816 878 xv.
1836 857 1850 878 2
1860 856 1886 877 2.
