2084 3317
366 180 450 221 634⁴
770 184 819 224 Β.
854 184 1131 225 CYRILLI
1173 184 1554 225 ALEXANDR.
1795 183 1867 224 vii.
1887 195 1954 235 24.

433 289 547 341 “Orc
577 290 623 342 δὲ
650 291 927 358 πρέπουσαν
953 293 1210 359 ἐλευθέροις
1237 293 1322 356 μὲν
1347 292 1433 357 τὴν
1459 295 1507 344 ἐν
1528 291 1674 361 ὀγδόῃ
1699 289 1955 359 περιτομὴν

367 372 643 439 εὑρήσομεν,
670 374 856 428 δούλοις
894 374 942 425 δέ
979 375 1062 425 οὐκ
1097 375 1178 437 ἔτι,
1204 374 1290 438 τὴν
1313 374 1439 441 ἱεράν
1465 398 1514 426 τε
1549 378 1625 425 καὶ
1661 376 1789 426 θείαν
1819 397 1950 440 περι·

367 461 645 509 νοστοῦντες
679 455 885 523 γραφὴν,
913 457 1012 507 κατ’
1041 456 1206 507 οὐδένα
1239 456 1389 507 πάλιν
1419 456 1722 520 ἐνδοιάσομεν
1756 455 1951 522 τρόπον.

366 538 535 588 οὐκοῦν
579 539 603 588 ὁ
647 537 732 601 μὲν
777 537 1001 601 Ἰσμαὴλ,
1049 540 1074 589 ὁ
1120 540 1170 590 ἐκ
1222 539 1508 606 θεραπαίνης
1558 541 1641 602 τῆς
1679 537 1843 604 ’Ἅγαρ
1889 541 1957 606 τῷ

364 618 632 687 πατριάρχῃ
667 620 1001 686 γεγεννημένος
1036 620 1144 683 υἱός,
1172 620 1496 687 περιετέμνετο
1526 619 1627 685 μὲν,
1657 621 1768 670 ἀλλ’
1797 621 1880 670 οὐκ
1907 622 1955 670 ἐν
1973 636 1996 675 5

367 700 528 769 ὀγδόῃ,
554 703 602 751 ἐν
628 701 716 752 ἐτει
743 700 791 752 δὲ
818 706 1010 764 μᾶλλον
1034 705 1102 752 τῶ
1135 702 1522 771 τρισκαιδεκάτω·
1565 724 1828 768 γεγραπται
1861 700 1955 768 γὰρ

141 771 225 846 {³51¹ss
241 824 290 855 25
323 798 350 839 d
368 784 528 846 οὕτως,
556 783 627 834 ὅτι
661 783 927 850 περιέτεμεν
951 754 1180 850 Αβριαᾶμ
1206 782 1417 848 Ἰσμαὴλ
1443 784 1526 835 τὸν
1552 783 1651 835 υἱὸν
1676 784 1818 835 αὐτοῦ
1845 785 1956 836 δέκα

365 867 443 916 καὶ
477 870 618 931 τριῶν
644 867 774 928 ἐτῶν,
801 866 877 916 ι’να
912 865 995 916 τὸν
1021 889 1104 930 της
1138 866 1457 931 δουλευούσης
1483 866 1802 933 Ιερουσαλὴμ
1833 865 1951 930 υἱον,

362 948 580 999 τουτέστι
619 947 704 998 τὸν
739 947 960 1014 Ἰσραὴλ,
998 950 1073 999 καὶ
1119 952 1202 1013 τῆς
1248 949 1419 1015 ὀγδόης
1457 949 1721 1000 ἐκπεσόντα
1759 950 1834 999 καὶ
1873 951 1956 1012 τῆς

363 1029 698 1094 δωδεκάτης,<ὁ
738 1035 858 1084 θεῖος
897 1031 1006 1094 ἡμῖν
1037 1031 1245 1100 ἐπιδείξῃ
1285 1032 1447 1096 λόγος.
1502 1032 1713 1082 ἐκπίπτει
1747 1030 1832 1094 μὲν
1863 1029 1954 1097 γὰρ
1975 1051 2025 1077 10

361 1115 446 1176 τῆς
484 1112 669 1178 ὀγδόης,
710 1115 771 1165 ὡς
810 1113 892 1163 οὐκ
931 1112 1166 1177 ἐθελήσας
1204 1113 1570 1182 προσδέξασθαι
1607 1116 1690 1177 τῆς
1726 1114 1775 1163 ἐν
1808 1112 1955 1180 ὀγδόῃ

363 1194 612 1260 γενομένης
651 1195 965 1249 ἀναστάσεως
1003 1194 1056 1246 τὸ
1098 1196 1335 1262 σωτήριον
1375 1195 1607 1262 κήρυγμα,
1643 1195 1862 1246 τουτέστι
1901 1195 1954 1245 τὸ

360 1275 640 1343 εὐαγγέλιον
667 1283 750 1328 τοῦ
784 1280 1019 1343 Χριστοῦ,
1047 1278 1102 1328 δι’
1131 1278 1276 1344 οῦπερ
1312 1277 1370 1342 ἧν
1402 1279 1486 1329 οὐκ
1522 1279 1800 1346 ἀμφίβολον
1826 1279 1951 1346 ὠφε-

359 1359 616 1424 λουμένους
654 1363 717 1414 εἰς
754 1358 919 1411 πίστιν
958 1362 1035 1410 καὶ
1073 1361 1122 1412 ἐν
1159 1360 1389 1423 πνεύματι
1427 1360 1807 1427 περιτέμνεσθαι.
1881 1360 1954 1410 ἐκ-

359 1442 520 1493 πίπτει
558 1441 607 1492 δὲ
644 1441 794 1493 πάλιν
832 1444 908 1492 καὶ
954 1445 1038 1506 τῆς
1085 1441 1361 1507 δωδεκάτης,
1403 1445 1464 1497 ὡς
1506 1444 1555 1493 ἐν
1593 1443 1830 1508 αἰνίγματι
1870 1440 1953 1492 τὸν
1976 1457 2023 1496 15

322 1525 482 1590 θὶερὸν
522 1529 616 1575 τῶν
656 1523 947 1575 ἀποστόλων
987 1524 1133 1593 χορὸν
1173 1530 1274 1578 ταῖς
1316 1526 1568 1578 ἀπειθείαις
1609 1523 1949 1593 ἐξωθούμενος,

359 1606 592 1674 ἄγευστός
619 1631 667 1658 τε
694 1609 770 1657 καὶ
796 1611 1043 1660 παντελῶς
1071 1608 1318 1672 ἀπείρατος
1350 1610 1432 1671 τῆς
1464 1607 1574 1673 παρ’
1603 1606 1788 1658 ἐκείνων
1815 1607 1950 1656 διδα-

356 1689 561 1743 σκαλίας
606 1692 837 1740 διατελεῖν
880 1689 1280 1755 προθυμούμενος.
1355 1691 1380 1741 ὁ
1425 1689 1510 1753 μὲν
1554 1690 1636 1740 οὖν
1679 1686 1860 1752 οἰκέτης
1904 1689 1953 1739 ἐν

356 1771 550 1825 τούτοις·
598 1773 623 1822 ὁ
663 1772 710 1823 δὲ
748 1773 798 1822 ἐκ
835 1774 919 1835 τῆς
957 1772 1206 1839 ἐλευθέρας
1243 1772 1487 1839 ἐλεύθερος
1518 1771 1688 1822 Ἰσαὰκ
1727 1772 1775 1821 ἐν
1807 1770 1952 1837 ὀγδόῃ

357 1854 694 1920 περιτέμνεται.
750 1857 791 1904 οἱ
834 1853 928 1920 γὰρ
968 1857 1051 1919 τῆς
1092 1854 1340 1921 ἐλευθέρας
1379 1855 1615 1920 ἐλεύθεροι
1653 1855 1828 1915 παῖδες,
1869 1855 1952 1916 τῆς
1974 1874 2024 1898 20
2082 1866 2084 1924 ff

359 1936 456 1987 ἄνω
496 1935 652 2004 φαμὲν
689 1936 1021 2002 Ἰερουσαλὴμ,
1052 1934 1432 2005 προσδεξάμενοι
1470 1936 1556 2001 τὴν
1594 1935 1784 2002 ὀγδόην,
1818 1958 1952 1986 τουτ-

358 2017 461 2068 έστι
511 2017 598 2082 τὴν
643 2017 912 2069 ἀνάστασιν
957 2024 1041 2069 τοῦ
1090 2023 1323 2084 Χριστοῦ,
1373 2021 1447 2070 καὶ
1498 2018 1584 2083 τὴν
1628 2020 1678 2068 ἐν
1721 2017 1953 2080 πνεύματι

357 2098 613 2166 περιτομὴν
654 2099 1061 2164 πεπλουτήκασιν,
1103 2099 1295 2163 ἀπάσης
1340 2099 1508 2154 αὐτοὺς
1553 2100 1953 2166 ἐλευθερώσασαν

359 2183 602 2249 ἁμαρτίας,
624 2185 698 2233 καὶ
726 2180 932 2233 θανάτου
957 2182 1041 2245 μὲν
1067 2181 1493 2246 ἀπαλλάττουσαν,
1513 2181 1669 2246 ἐπειδὴ
1696 2183 1773 2233 καὶ
1799 2184 1952 2249 ἁμαρ-

136 2278 224 2312 434
238 2277 286 2313 A.
320 2266 471 2327 ειτίας,
499 2265 554 2334 ἐξ
591 2265 644 2329 ἧς
684 2268 758 2315 καὶ
799 2266 853 2316 δι’
883 2263 940 2329 ἢν
973 2265 997 2314 ὁ
1036 2264 1251 2327 θάνατος,
1279 2269 1341 2319 εἷς
1381 2265 1429 2316 δὲ
1467 2265 1553 2330 τὴν
1580 2269 1800 2331 Χριστοῦ
1831 2263 1951 2330 ζωὴν
1974 2283 2020 2321 25
2073 2277 2075 2317 ξ

357 2346 750 2413 μεθορμίζουσαν.

424 2430 541 2481 ’Ότι
579 2429 627 2481 δὲ
662 2428 810 2481 πάλιν
843 2428 963 2495 πρὸς
999 2427 1066 2483 οἷς
1101 2428 1191 2494 ἤδη
1230 2428 1505 2498 φθάσαντες
1541 2429 1845 2496 διειρήκαμεν,
1874 2432 1950 2481 καὶ

357 2512 564 2564 θανάτου
602 2513 743 2566 λύσις
781 2514 857 2562 καὶ
897 2515 1079 2580 φθορᾶς
1120 2510 1362 2577 ἀνατροπὴ
1405 2511 1480 2562 διὰ
1518 2514 1600 2576 τῆς
1639 2513 1687 2562 ἐν
1720 2512 1951 2575 πνεύματι

355 2598 610 2661 περιτομῆς
649 2594 926 2660 εὑρίσκεται,
965 2592 1270 2660 θεωρήσομεν
1309 2594 1529 2657 εὐκόλως,
1562 2593 1617 2645 τὸ
1655 2596 1738 2658 τῆς
1775 2602 1950 2644 καλου-
2066 2648 2067 2652 Ἰ

355 2678 495 2742 μένης
521 2677 686 2746 ἐξόδου
711 2681 1224 2743 πολυπραγμονοῦντες
1249 2676 1457 2737 βιβλίον.
1501 2678 1718 2740 Μωυσῆς
1743 2674 1830 2740 μὲν
1855 2675 1949 2744 γὰρ
1968 2694 2019 2731 30
2064 2746 2065 2750 Ἰ

408 2869 460 2892 10
487 2859 505 2891 ὁ
523 2869 593 2891 om.
616 2857 658 2891 B.
816 2868 869 2891 12.
896 2857 934 2891 τὸ
953 2854 1122 2900 σωτήριον
1142 2855 1183 2889 Β.
1190 2855 1236 2889 D.
1255 2857 1301 2901 τῷ
1321 2857 1450 2900 σωτῆρι
1469 2854 1537 2890 Ed.
1694 2867 1748 2901 13.
1773 2856 1944 2902 Χριστοῦ]

357 2907 446 2938 Θεοῦ
466 2905 507 2938 Β.
641 2912 694 2949 17
722 2902 961 2949 διδασκαλίας]
981 2902 1201 2938 ἀκολουθείας
1218 2902 1459 2938 διδασκαλείας
1478 2902 1519 2937 Β.
1652 2913 1708 2938 22.
1734 2905 1794 2938 τοῦ
1811 2914 1882 2937 om.
1903 2903 1945 2936 B.

358 2962 412 2995 23.
438 2950 741 2995 ἀποπλουτὴκασιν
759 2951 839 2994 (Slc)
860 2951 902 2985 B.
1024 2959 1079 2995 25.
1106 2949 1181 2994 τὴν]
1205 2953 1241 2990 -1-
1262 2952 1323 2983 τοῦ
1343 2949 1408 2984 Ed.
1428 2949 1547 2984 invitis
1567 2949 1660 2984 B.D.
1778 2959 1834 2995 27.
1859 2951 1946 2994 πρὸς

357 2996 423 3043 οἷς]
444 2998 613 3042 προσίσοι
634 2997 676 3032 Β.
