2084 3317
339 153 424 194 638
742 151 792 192 Β.
825 149 1101 191 CYRILLI
1142 146 1524 189 ALEXANDR.
1766 143 1838 185 vii.
1858 155 1924 195 24‘

342 269 368 292 ‘⁶
394 261 614 326 ἐποίησεν
653 261 841 324 Ἰησοῦς
876 258 1111 326 μαχαίρας
1148 254 1382 322 πετρίνας,
1422 256 1497 305 καὶ
1541 252 1776 320 περιέτεμε
1820 249 1928 305 τοῦς

342 352 369 374 “
396 343 518 398 υἱοὺς
560 341 812 409 Ἰσραήλ.”
882 342 931 391 ἐν
975 339 1069 406 γὰρ
1122 337 1179 402 δὴ
1229 336 1410 390 τούτοις
1459 336 1570 400 ἡμῖν
1614 333 1668 386 τὸ
1718 333 1803 397 μὲν
1845 335 1929 396 τῆς

341 426 515 492 πέτρας
541 424 703 489 ὄνομα,
729 421 783 474 τὸ
810 424 946 473 οἱονεὶ
971 420 1186 486 πεπηγός
1210 442 1260 470 τε
1287 421 1363 469 καὶ
1396 418 1669 484 ἄθραυστον
1694 421 1777 467 τοῦ
1803 419 1929 466 Θεοῦ

345 507 522 573 Λόγου·
565 505 620 557 τὸ
657 504 706 557 δὲ
742 503 1000 570 λεγόμενον
1029 500 1306 568 ἀκρότομον,
1331 499 1418 564 τὴν
1444 502 1491 550 ἐν
1518 503 1584 568 τῷ
1610 501 1931 550 καθικνεῖσθαι

344 594 529 642 λεπτῶς
582 592 643 641 εἷς
696 586 882 638 ἅπαντα
934 583 1129 647 δύναμιν
1175 584 1250 634 καὶ
1295 581 1381 647 τὴν
1427 581 1661 650 ὀξυτάτην
1704 579 1930 645 ἐνέργειαν
1950 589 1973 629 5

346 673 488 722 αὐτοῦ
528 674 679 734 δηλοῖ,
722 671 819 720 ἐπεὶ
862 669 938 718 καὶ
980 670 1176 720 Παῦλος
1218 665 1340 729 ἡμῖν,
1385 665 1409 715 ὁ
1451 669 1548 718 τοῖς
1591 667 1726 729 ἱεροῖς
1765 683 1815 712 τε
1856 661 1934 711 καὶ

123 754 211 828 ffb·
231 754 274 784 iv.
348 755 484 807 θείοις
534 749 901 817 ἐντεθραμμένος
951 747 1207 815 γράμμασι
1252 753 1279 776 “
1306 746 1455 813 ζῶντα
1505 746 1582 796 καὶ
1631 745 1811 810 ἐνεργῆ,
1857 743 1934 792 καὶ

308 843 375 880 0“
402 835 668 901 τομώτερον
720 831 836 899 ὑπὲρ
887 836 1053 883 πᾶσαν
1097 828 1336 896 μάχαιραν
1381 827 1639 890 δίστομον”
1685 824 1768 877 τὸν
1811 828 1935 876 θεῖον

348 920 582 969 ἀποκαλεῖ
602 915 766 981 λόγον,
796 912 1074 965 διικνεῖσθαί
1095 934 1144 962 τε
1172 912 1324 979 φησὶν
1350 908 1492 961 αὐτὸν
1519 916 1545 938 “
1566 908 1676 976 ἄχρι
1701 910 1936 974 μερισμοῦ

349 1008 374 1031 “
402 1002 562 1069 ψυχῆς
597 999 672 1049 καὶ
706 995 1016 1059 πνεύματος.”
1072 994 1096 1044 ὁ
1134 992 1182 1044 δὲ
1217 994 1364 1046 οὕτως
1399 990 1574 1045 λεπτὸς
1603 994 1679 1041 καὶ
1705 988 1860 1053 τομὸς,
1887 989 1936 1038 ἐν
1958 1009 2007 1035 10

348 1082 556 1148 καρδίαις
593 1085 693 1134 ταῖς
732 1078 974 1144 ἡμετέραις
1015 1075 1090 1126 διὰ
1128 1080 1212 1125 τοῦ
1244 1074 1360 1125 ἰδίου
1395 1073 1753 1134 καθικνούμενος
1786 1070 1938 1122 Πνεύ-

348 1187 508 1228 ματος,
541 1159 838 1214 ἀπαλλάττει
877 1158 961 1223 μὲν
1000 1157 1193 1220 ἁπάσης
1232 1156 1541 1222 ἀκαθαρσίας·
1583 1153 1844 1220 περιτεμὼν
1875 1151 1939 1215 δὲ,

349 1249 411 1299 ὡς
438 1247 520 1296 οὐκ
548 1246 679 1295 ἔστιν
707 1248 862 1304 εἰπεῖν,
889 1240 950 1292 τά
975 1241 1047 1308 ἐφ’
1078 1238 1145 1293 οἷς
1172 1241 1317 1302 ἐσμεν
1344 1240 1428 1301 τῆς
1454 1235 1662 1303 ἐσχάτης
1685 1235 1941 1301 βδελυρίας

348 1328 585 1395 ἀνάπλεῳ,
625 1328 699 1376 καὶ
740 1324 901 1390 ἁγίους
941 1324 1017 1373 καὶ
1055 1320 1278 1387 ἀμώμους
1317 1317 1642 1386 ἀπεργάζεται.
1713 1317 1802 1383 ὅρα
1847 1316 1940 1383 γάρ

348 1433 427 1473 μοι
454 1407 837 1476 διαφανεστάτην
863 1408 911 1456 ἐν
937 1403 1119 1458 τούτοις
1145 1400 1230 1466 τὴν
1255 1405 1339 1466 τῆς
1365 1401 1588 1465 ἀληθείας
1614 1398 1783 1451 εἰκόνα.
1838 1398 1941 1450 ἔστι
1961 1415 2012 1454 15

349 1491 442 1559 γὰρ
470 1493 494 1542 ὁ
521 1489 606 1555 μὲν
631 1489 924 1557 περιτέμνων
949 1488 1151 1551 Ἰησοῦς,
1181 1488 1223 1535 οἱ
1251 1484 1298 1535 δὲ
1326 1483 1634 1547 ὑπομένοντες
1661 1488 1798 1533 τοῦτο
1829 1481 1941 1547 παρ’

472 1579 492 1588 Α

127 1576 266 1661 &gunt
306 1588 332 1629 d
352 1576 507 1636 αὐτου,
534 1577 676 1624 66πᾶν
709 1573 896 1623 παιδίον
930 1569 1046 1631 νεόν,
1080 1566 1203 1619 καθὰ
1241 1567 1521 1633 γέγραπται,
1555 1564 1688 1619 ὅστις
1726 1565 1810 1615 οὐκ
1848 1561 1943 1614 οἶδε

351 1665 378 1686 “
405 1656 615 1722 σήμερον
653 1653 836 1720 ἀγαθὸν
873 1652 902 1718 ἢ
946 1649 1137 1703 κακόν.”
1204 1652 1246 1700 οἱ
1290 1648 1375 1713 μὲν
1414 1647 1508 1714 γὰρ
1549 1650 1631 1710 τῆς
1671 1647 1946 1713 Αἰγυπτίων

350 1737 723 1802 ἐκδεδημηκότες,
749 1739 831 1800 τῆς
857 1734 1090 1787 ἀπειθείας
1117 1731 1329 1800 ὀψώνιον
1355 1729 1441 1794 τὴν
1469 1730 1597 1780 θείαν
1624 1726 1750 1796 εἶχον
1777 1728 1942 1795 ὀργὴν,

351 1824 426 1872 καὶ
464 1819 716 1883 πολυειδὴς
755 1815 923 1871 αὐτοὺς
962 1815 1083 1867 κατὰ
1121 1814 1208 1878 τὴν
1245 1813 1416 1879 ἔρημον
1452 1810 1688 1880 ἐξεδέχετο
1721 1808 1941 1874 κόλασις,
1966 1829 2017 1856 20

352 1902 499 1971 δόξαν
532 1900 719 1955 εἰκότως
755 1904 822 1970 τῷ
857 1898 1087 1967 πανάγνῳ
1121 1899 1231 1964 Θεῷ
1268 1894 1334 1959 μὴ
1374 1898 1649 1959 εἰσαγαγεῖν
1680 1891 1847 1945 αὐτοὺς
1884 1895 1947 1945 εἰς

351 1982 437 2048 τὴν
475 1987 582 2050 γῆν,
623 1982 681 2048 ἣν
720 1981 880 2046 ὤμοσε
919 1985 1016 2034 τοῖς
1056 1977 1299 2044 πατράσιν
1338 1977 1507 2028 αὐτῶν.
1578 1978 1620 2026 οἱ
1662 1974 1709 2026 δὲ
1748 1975 1807 2025 αὖ
1847 1974 1945 2037 μετ’

351 2067 548 2119 ἐκείνους
591 2069 686 2116 τῶν
730 2067 814 2128 τῆς
864 2062 1098 2114 ἀπειθείας
1143 2058 1458 2125 ἐγκλημάτων
1503 2057 1752 2124 ἐλεύθεροι,
1798 2055 1949 2107 τύπον

353 2147 650 2214 ἀνεπλήρουν
688 2152 771 2198 τοῦ
812 2145 915 2196 νέου
954 2149 1089 2206 λαοῦ,
1127 2145 1189 2196 ὡς
1229 2143 1303 2192 καὶ
1342 2140 1427 2205 τὴν
1466 2142 1514 2191 ἐν
1551 2138 1782 2203 πνεύματι
1819 2160 1949 2204 περι-

352 2229 501 2295 τομὴν
527 2229 603 2280 διὰ
629 2233 850 2296 Χριστοῦ
877 2225 1155 2290 λαμβάνειν,
1183 2223 1521 2291 κατοιχομένου
1546 2221 1664 2288 πρὸς
1693 2219 1947 2282 ἀπώλειαν,
1968 2237 2018 2278 25

314 2312 567 2379 οκαθάπερ
606 2313 774 2378 ἀρτίως
813 2308 1051 2376 ἐλέγομεν,
1089 2313 1173 2358 τοῦ
1215 2306 1413 2374 ἀρχαίου
1457 2306 1533 2356 καὶ
1573 2302 1764 2370 πρώτου
1805 2307 1946 2365 λαοῦ,

353 2395 570 2447 τουτέστι
611 2399 695 2445 τοῦ
732 2391 954 2460 Ἰσραήλ.
1019 2389 1341 2457 περιτέμνεται
1381 2386 1531 2454 γεμὴν
1572 2388 1597 2437 ὁ
1639 2384 1830 2452 εὐγενὴς
1874 2386 1951 2435 καὶ

355 2479 455 2532 νεός
492 2476 622 2540 λαὸς,
649 2478 812 2541 Ἰησοῦ
853 2474 1198 2534 διατάττοντος,
1223 2471 1373 2537 πέραν
1407 2476 1491 2521 τοῦ
1525 2468 1787 2535 Ἰορδάνου,
1827 2465 1952 2518 καθὰ

354 2561 636 2627 γέγραπται.
692 2559 786 2627 ἔχει
812 2556 905 2625 γὰρ
933 2558 1055 2608 οὕτω
1081 2556 1156 2606 καὶ
1192 2553 1251 2604 τὰ
1286 2555 1335 2604 ἐκ
1371 2555 1454 2617 τῆς
1491 2551 1714 2616 ἀληθείας
1741 2549 1947 2616 θεωρού-

402 2740 435 2774 3.
462 2725 580 2772 οἶονεὶ]
601 2724 671 2760 οἷον
691 2725 733 2759 Β.
846 2733 879 2767 5.
906 2723 961 2758 καὶ
978 2733 1048 2757 om.
1070 2721 1113 2755 Β.
1223 2728 1255 2765 7.
1282 2719 1401 2764 ἐνεργῆ
1422 2718 1464 2753 Β.
1484 2717 1643 2763 ἐνεργοῦν
1660 2716 1708 2750 D.
1728 2714 1866 2760 ἐνεργὸν
1883 2712 1952 2749 Ed.

359 2787 412 2810 10.
438 2773 575 2819 ψυχῆς]
596 2773 724 2818 σαρκὸς
744 2771 785 2806 Β.
974 2780 1026 2803 12.
1054 2765 1262 2812 περιτέμνων
1281 2766 1323 2800 Β.
1509 2775 1562 2808 14.
1588 2763 1707 2809 ἁγίους
1723 2762 1777 2797 καὶ
1794 2761 1954 2805 ἀμώμους

354 2822 422 2856 hoc
441 2821 564 2855 ordine
585 2820 625 2853 Β.
693 2819 818 2853 Statim
837 2817 1062 2862 ἀπεργάζεται
1082 2815 1124 2848 Β.
1142 2814 1317 2859 ἐργάζεται
1338 2811 1404 2847 Ed.
1655 2820 1712 2844 21.
1738 2809 1890 2853 εἰσάγειν
1907 2807 1952 2843 Β.

356 2879 411 2902 22.
439 2869 469 2902 οἱ
488 2868 524 2901 δέ
542 2866 600 2912 αὖ]
622 2867 652 2900 οἱ
670 2866 706 2900 δὲ
725 2867 755 2899 οἱ
775 2865 855 2908 (sic)
876 2864 918 2898 Β.
984 2863 1019 2897 δέ
1037 2861 1131 2896 edidi
1148 2872 1189 2894 ex
1209 2860 1250 2894 B.
1271 2867 1350 2905 post
1369 2859 1504 2903 Migne.
1523 2856 1551 2892 δ’
1571 2856 1666 2891 Aub.
1781 2865 1836 2897 25.
1862 2855 1952 2898 λαμ-

354 2916 471 2955 βάνειν
488 2915 542 2948 διὰ
559 2915 713 2958 Χριστοῦ
730 2913 869 2946 inverso
888 2910 1011 2945 ordine
1030 2909 1072 2943 B.
1297 2918 1352 2952 27.
1378 2905 1612 2950 περιτέμνεται
1631 2900 1754 2950 γεμὴν]
1772 2901 1952 2947 περίτεμνε

356 2962 468 2997 τοίνυν
488 2961 568 3005 (sic)
592 2961 632 2994 B.
778 2959 833 2993 28.
858 2955 994 3002 Ἰησοῦ]
1013 2958 1073 2990 τοῦ
1089 2954 1206 2999 Ἰησοῦ
1226 2954 1267 2988 Β.
