2084 3317
119 2070 135 2092 2
150 2061 224 2093 Cor.
237 2072 269 2092 v.

121 2112 172 2146 17.

345 148 429 187 694
749 148 798 187 B.
833 147 1110 188 CYRILLI
1152 147 1531 187 ALEXANDR.
1778 145 1848 187 vii.
1867 157 1934 200 39.

349 255 595 322 ἁμαρτίαν·
637 257 758 307 οὕτω
785 255 833 307 δὲ
860 255 995 323 ἔχων,
1023 254 1259 310 διέσωσας
1286 254 1629 323 ἀναμφιλόγως
1655 256 1704 306 ἐν
1728 257 1934 323 σεαυτῷ,

302 351 330 392 b
350 339 467 390 καθὸ
493 337 692 405 γέγονας
719 338 981 404 ἄνθρωπος,
1007 342 1065 405 τῇ
1104 337 1430 403 ἀνθρωπότητι
1465 336 1519 388 τὸ
1554 335 1684 404 παρὰ
1711 339 1835 387 Θεοῦ
1861 339 1937 387 καὶ

350 419 542 487 Πατρὸς
575 418 712 486 ἅγιον
743 420 941 487 χρίσμα,
968 420 1186 470 τουτέστι
1223 420 1278 470 τὸ
1312 423 1522 482 Πνεῦμα.
1577 419 1741 485 γέγονε
1780 418 1938 468 τοίνυν

346 501 452 553 καθ’
480 503 601 566 ἡμᾶς
641 501 888 568 ἄνθρωπος
928 503 953 552 ὁ
991 502 1282 567 Μονογενὴς,
1314 501 1370 551 ἵν’
1406 502 1454 551 ἐν
1488 501 1613 569 αὐτῷ
1650 502 1726 551 καὶ
1763 500 1936 569 πρώτῳ

346 588 762 651 παλινδρομοῦντα
795 581 855 634 τὰ
887 583 1059 649 ἀγαθὰ,
1087 586 1162 634 καὶ
1197 585 1224 647 ἡ
1261 588 1344 634 τοῦ
1377 583 1654 645 Πνεύματος
1688 581 1978 649 ῥιζωθεῖσαό

347 666 484 735 χάρις
528 666 619 734 ὅλῃ
663 664 834 717 λοιπὸν
876 665 1116 731 ἀραρότως
1159 669 1218 733 τῇ
1260 664 1404 733 φύσει
1449 663 1754 735 φυλάττοιτο,
1800 665 1937 714 οἱονεὶ

347 754 605 817 κιχρῶντος
658 748 768 812 ἡμῖν
818 746 872 798 τὸ
922 750 1005 811 τῆς
1058 748 1175 800 ἰδίας
1227 747 1418 816 φύσεως
1469 744 1808 812 ἀμετάπτωτον
1853 751 1937 796 τοῦ

349 835 667 897 Μονογενοῦς,
712 831 788 881 καὶ
838 831 888 879 ἐκ
933 833 1059 880 Θεοῦ
1112 828 1305 895 Πατρὸς
1356 827 1491 883 ὄντος
1536 827 1712 895 Λόγου,
1757 826 1832 878 διὰ
1881 827 1937 878 τὸ

346 916 677 978 κατεγνῶσθαι
704 910 790 976 τὴν
817 910 1069 978 ἀνθρώπου
1096 911 1247 979 φύσιν
1273 912 1321 962 ἐν
1346 910 1519 975 Ἀδὰμ,
1543 912 1605 964 ὡς
1631 908 1938 963 ἀδιαπτώτως

305 1016 328 1043 c
347 995 469 1063 ἔχειν
496 996 549 1046 οὐ
576 993 850 1058 δυναμένην,
877 994 1343 1045 κατολισθαίνουσαν
1370 991 1418 1044 δὲ
1445 994 1521 1044 καὶ
1547 991 1742 1062 σφόδρα
1765 992 1937 1060 ῥᾳδίως
1959 1012 2007 1038 10
2058 1057 2060 1065 Ι

346 1080 410 1131 εἷς
433 1075 759 1144 παρατροπήν.
814 1075 980 1142 ὥσπερ
1007 1076 1088 1126 οῦν
1113 1077 1161 1126 ἐν
1186 1080 1286 1129 ταῖς
1312 1081 1394 1126 τοῦ
1421 1074 1611 1142 πρώτου
1645 1079 1841 1140 τροπαῖς
1875 1077 1939 1127 εἷς

347 1159 466 1224 ὅλην
492 1159 635 1224 διήκει
661 1157 747 1223 τὴν
771 1158 923 1226 φύσιν
948 1158 976 1222 ἡ
1004 1162 1098 1208 τῶν
1125 1159 1320 1223 ἀγαθῶν
1347 1158 1502 1224 ζημία·
1544 1156 1663 1208 κατὰ
1688 1154 1770 1207 τὸν
1796 1155 1939 1207 αὑτὸν

345 1240 473 1305 οἶμαι
515 1242 664 1307 λόγον
703 1242 780 1291 καὶ
826 1242 874 1290 ἐν
913 1241 980 1309 τῷ
1024 1239 1089 1304 μὴ
1137 1239 1278 1290 εἰδότι
1322 1239 1504 1306 τροπὴν
1541 1242 1624 1304 τῆς
1669 1242 1763 1289 τῶν
1803 1239 1939 1289 θείων

343 1322 657 1392 χαρισμάτων
692 1325 916 1386 διαμονῆς
955 1321 1055 1391 ὅλῳ
1093 1320 1370 1387 σωθήσεται
1405 1325 1471 1391 τῷ
1509 1319 1631 1387 γένει
1667 1318 1722 1371 τὸ
1757 1320 1933 1387 κερδος.

343 1410 382 1456 εἰ
424 1405 480 1455 δέ
516 1428 582 1475 τῳ
628 1405 694 1469 μὴ
735 1403 932 1473 σφόδρα
975 1406 1204 1467 δοκοῦμεν
1241 1403 1301 1455 τὰ
1344 1402 1499 1454 εἰκότα
1541 1407 1732 1471 φρονεῖν
1770 1425 1819 1453 τε
1861 1404 1938 1453 καὶ
1959 1422 2007 1461 15

343 1489 516 1554 λέγειν,
556 1486 817 1538 διδασκέτω
856 1486 1112 1553 παρελθὼν
1149 1485 1236 1550 τὴν
1275 1486 1443 1549 αἰτίαν,
1477 1485 1534 1536 δι’
1573 1484 1632 1549 ἣν
1669 1483 1800 1550 παρὰ
1837 1488 1939 1537 ταῖς

343 1571 486 1625 θείαις
520 1574 730 1638 γραφαῖς
765 1567 979 1635 δεύτερος
1004 1566 1163 1632 Ἀδὰμ
1198 1569 1223 1619 ὁ
1252 1567 1420 1635 Σωτὴρ
1452 1567 1835 1631 κατωνόμασται.
1889 1566 1939 1616 ἐν

295 1666 323 1707 (1
341 1651 425 1715 μὲν
451 1650 545 1719 γὰρ
582 1651 739 1721 ἐκείνῳ
778 1654 844 1719 τῷ
878 1650 1053 1720 πρώτῳ
1088 1649 1277 1716 πρόεισι
1312 1650 1398 1715 μὲν
1423 1650 1481 1719 ἐξ
1509 1650 1591 1700 οὐκ
1619 1648 1768 1700 ὄντων
1794 1649 1857 1702 εἷς
1882 1646 1937 1698 τὸ

340 1732 456 1785 εἶναι
482 1734 536 1785 τὸ
563 1735 698 1801 γένος
725 1732 779 1784 τὸ
807 1732 1118 1799 ἀνθρώπινον,
1146 1734 1223 1783 καὶ
1257 1731 1498 1799 προελθὸν
1524 1731 1724 1800 ἐφθάρη,
1751 1729 1822 1781 ὅτι
1855 1727 1938 1781 τὸν

340 1821 465 1868 θεῖον
516 1816 758 1880 λελύπηκε
807 1815 967 1879 νόμον·
1028 1816 1076 1866 ἐν
1124 1814 1173 1866 δὲ
1224 1819 1291 1884 τῷ
1342 1814 1555 1883 δευτερῳ,
1601 1813 1821 1865 τουτέστι
1870 1814 1937 1881 τῷ
1958 1833 2009 1859 20
2058 1821 2062 1838 ²

339 1903 555 1968 Χριστῷ,
601 1897 721 1965 πρὸς
773 1897 925 1965 ἀρχὴν
973 1896 1187 1948 ἐπάνεισι
1233 1897 1454 1963 δευτέραν
1503 1893 1938 1960 ἀνασκευαζόμενον

340 1981 459 2048 πρὸς
497 1980 748 2044 καινότητα
789 1980 921 2046 ζωῆς,
961 1981 1038 2030 καὶ
1080 1983 1142 2033 εἷς
1183 1978 1268 2043 τὴν
1309 1981 1392 2042 τῆς
1437 1978 1714 2047 ἀφθαρσίας
1756 1979 1933 2028 ἐπανα-

342 2062 535 2131 δρομήν.
589 2061 631 2113 εἴ
665 2085 710 2113 τι
749 2060 844 2128 γὰρ
881 2064 929 2112 ἐν
955 2065 1172 2129 Χριστῷ,
1199 2058 1333 2124 καινὴ
1373 2060 1540 2123 κτίσις,
1575 2062 1636 2113 ὡς
1676 2061 1701 2110 ὁ
1739 2059 1938 2113 Παῦλός

342 2151 481 2215 φησι.
535 2144 715 2196 δέδοται
740 2144 897 2195 τοίνυν
925 2144 1036 2207 ἡμῖν
1061 2142 1116 2193 τὸ
1143 2142 1435 2209 ἀνακαινίζον
1464 2146 1674 2205 Πνεῦμα,
1702 2141 1936 2203 τουτέστι,

341 2227 396 2280 τὸ
424 2228 613 2294 ‘'Aycov,
649 2226 703 2277 τὸ
743 2229 826 2290 τῆς
864 2225 1050 2276 αἰωνίου
1090 2226 1338 2291 παραίτιον
1377 2225 1494 2291 ζωῆς
1532 2223 1651 2289 μετὰ
1690 2223 1745 2275 τὸ
1786 2224 1930 2293 δοξα-
1957 2240 2008 2280 25

342 2314 516 2374 σθῆναι
555 2308 785 2376 Χριστὸν,
822 2307 1055 2370 τουτέστι,
1091 2306 1210 2371 μετὰ
1248 2306 1335 2371 τὴν
1373 2307 1657 2367 ἀνάστασιν,
1691 2305 1768 2358 ὅτε
1807 2308 1936 2374 διαῤ-

302 2419 324 2446 e
341 2392 490 2461 ῥήξας
524 2391 583 2443 τὰ
618 2397 701 2442 τοῦ
738 2390 944 2442 θανάτου
979 2388 1147 2452 δεσμὰ,
1176 2392 1252 2439 καὶ
1279 2389 1500 2453 κρείττων
1527 2387 1721 2453 ἁπάσης
1751 2392 1936 2457 φθορᾶς

341 2473 736 2539 ἀναδεδειγμένος,
754 2472 927 2534 ἀνεβίω
954 2469 1101 2523 πάλιν
1126 2471 1246 2534 ὅλην
1266 2471 1387 2538 ἔχων
1413 2472 1460 2521 ἐν
1486 2472 1635 2540 ἑαυτῷ
1662 2469 1748 2535 τὴν
1769 2469 1933 2540 φύσιν,

341 2556 549 2622 καθόπερ
575 2554 634 2620 ἧν
661 2555 910 2622 ἅνθρωπος
937 2555 1012 2605 καὶ
1040 2552 1102 2606 εἶς
1128 2554 1185 2622 ἐξ
1206 2553 1355 2618 ἡμῶν.

392 2748 422 2771 1.
448 2737 554 2770 ἑαυτῶ
574 2735 615 2769 Β.
638 2734 756 2769 Holst.
807 2733 1018 2768 Emendavit
1035 2745 1054 2767 e
1072 2731 1149 2767 Cat.
1169 2732 1264 2767 Aub.
1407 2742 1440 2778 5.
1468 2731 1664 2776 Πνεύματος
1681 2743 1699 2765 e
1719 2730 1795 2765 Cat.
1814 2742 1932 2765 emen-

341 2815 437 2850 davit
454 2815 548 2850 Aub.
567 2815 697 2857 πατρὸς
717 2814 759 2848 Β.
779 2813 842 2846 Ht.
1054 2823 1107 2846 11.
1133 2788 1354 2857 παραδῖδῖίῆνν
1375 2812 1414 2846 Β.
1627 2820 1680 2856 15.
1705 2826 1752 2856 τῳ
1770 2811 1933 2845 emendat

341 2863 460 2908 Heyse
476 2863 613 2896 favente
634 2861 697 2895 Ht.
716 2861 752 2894 in
769 2871 842 2904 mg.
861 2859 899 2893 τὸ
920 2858 961 2892 Β.
983 2858 1048 2892 Ed.
1254 2870 1308 2893 20.
1335 2858 1520 2904 λελύπηκε]
1541 2857 1663 2893 λέλυκε
1681 2870 1711 2893 a.
1732 2857 1809 2892 Cat.
1831 2858 1930 2892 Harl.

341 2920 396 2943 21.
422 2909 577 2943 ἐπάνεισι
594 2906 770 2953 δευτέραν]
791 2908 909 2950 ὥσπερ
927 2905 1057 2940 ἄνεισιν
1074 2905 1191 2950 ἑτέραν
1208 2917 1238 2940 a.
1412 2917 1468 2950 23.
1495 2905 1526 2940 εἴ
1541 2920 1573 2940 τι
1590 2917 1619 2940 c.
1638 2906 1714 2940 ἔστι
1735 2904 1843 2939 Cord.
1863 2904 1930 2939 Ed.

341 2956 396 2990 De
413 2968 443 2990 a.
463 2956 550 2990 nihil
568 2955 700 2990 notavi.
845 2963 899 2997 25.
926 2953 1103 2997 παραίτιον
1122 2953 1205 2995 ζωῆς
1222 2953 1289 2987 hoc
1306 2952 1427 2987 ordine
1445 2966 1475 2988 a.
