2084 3317
117 180 172 219 vi.
195 191 260 233 27.
343 180 417 222 IN
460 182 502 222 S.
536 182 872 223 JOANNEM.
935 182 1058 223 LIB.
1094 182 1179 222 III.
1242 182 1375 223 CAP.
1410 182 1487 222 IV.
1625 183 1709 222 439

117 287 246 354 φέρει
284 288 418 355 ζωήν.
480 290 535 341 τὸ
578 291 664 355 μὲν
702 290 796 357 γὰρ
835 290 918 344 τὰς
965 296 1048 341 τοῦ
1093 290 1317 352 σώματος
1360 289 1747 356 ἀποθαυμάζεινθ

116 369 315 438 τρυφὰς,
354 373 430 422 καὶ
467 372 612 437 μηδὲν
646 373 866 439 ἡγεῖσθαι
903 371 958 424 τὸ
997 371 1186 435 ἄμεινον
1220 376 1314 423 τῶν
1351 374 1456 437 περὶ
1495 371 1708 437 γαστέρα

115 457 449 516 πλεονασμῶν,
493 457 716 520 θηριῶδες
767 454 926 516 ὅντως,
972 455 1049 504 καὶ
1092 456 1175 518 τῆς
1223 455 1298 504 ἐπὶ
1348 458 1446 507 τοῖς
1488 451 1709 520 ἐσχάτοις

115 532 315 598 ἀλογίας
341 535 424 585 οὐκ
450 537 689 601 ἀμοιροῦν.
747 535 802 587 τὸ
837 536 885 587 δὲ
919 539 1238 602 προσκεῖσθαι
1268 540 1364 589 τοῖς
1394 536 1602 600 ἀγαθοῖς,
1631 535 1708 585 καὶ

73 625 96 663 5
116 614 225 664 λίαν
250 616 520 681 ἐπείγεσθαι
548 618 817 684 διαπρέπειν
837 619 884 669 ἐν
904 619 1088 684 ἀρεταῖς
1114 618 1191 668 καὶ
1216 622 1312 671 τοῖς
1337 622 1419 668 τοῦ
1441 616 1707 680 πνεύματος

117 696 394 749 ὑποκεῖσθαι
420 698 591 763 νόμοις,
615 701 908 766 προσίεσθαί
929 723 978 751 τε
1006 701 1081 750 καὶ
1109 699 1216 750 λίαν
1244 699 1462 762 ἀσμένως
1488 697 1547 750 τὰ
1575 695 1706 764 παρὰ

116 780 242 828 Θεοῦ
287 779 406 846 πρὸς
449 783 689 848 σωτηρίαν
733 781 991 851 ἐφοδιάζειν
1034 782 1155 846 ἡμᾶς
1198 781 1439 848 ἰσχύοντα,
1479 781 1610 845 δοίην
1647 778 1707 831 ἂν

115 858 265 925 ἔγωγε
294 862 488 928 πρέπειν
513 862 659 918 ὅντως
693 867 760 934 τῷ
794 863 881 927 τὴν
908 864 1026 914 ἰδιάν
1051 863 1411 929 ἐπιγινώσκοντι
1437 861 1600 931 φύσιν,
1627 864 1704 913 καὶ

116 939 187 991 ὅτι
222 941 338 1011 ζῷον
374 945 623 1009 πεποιήται
661 945 857 1012 λογικὸν
892 946 991 996 κατ’
1020 945 1174 996 εἰκόνα
1208 950 1291 996 τοῦ
1330 944 1580 998 κτίσαντος
1620 945 1742 995 οὐκει
1774 957 1862 991 299
1878 956 1931 990 A.

1767 1027 1931 1058 S.Matth.

1768 1072 1810 1102 vi.
1831 1081 1883 1111 31.

48 1045 97 1070 10
116 1023 379 1088 ἠγνοηκότι.
450 1027 616 1078 οὐκοῦν
661 1029 724 1081 ὡς
768 1026 906 1081 αὐτός
950 1050 1044 1079 που
1089 1028 1241 1095 φησὶν
1285 1028 1309 1077 ὁ
1354 1026 1522 1093 Σωτήρ
1567 1033 1595 1056 “
1616 1025 1703 1089 Μὴ

115 1113 142 1135 “
167 1111 462 1172 μεριμνῶμεν
487 1109 536 1160 τί
563 1109 792 1177 φάγωμεν
818 1108 846 1174 ἦ
878 1108 926 1160 τί
956 1109 1136 1173 πίωμεν
1162 1107 1190 1173 ἢ
1216 1109 1266 1159 τί
1294 1108 1702 1175 περιβαλώμεθα,”

115 1187 406 1254 λογιζόμενοι
445 1190 493 1242 δὲ
532 1191 603 1242 ὅτι
642 1193 863 1259 κρείττων
903 1193 1034 1243 ἐστὶν
1076 1198 1104 1221 “
1130 1191 1158 1255 ἡ
1200 1190 1336 1259 ψυχὴ
1384 1194 1466 1254 τῆς
1509 1193 1704 1259 τροφῆς,
1767 1204 1819 1236 Ib-
1841 1213 1891 1244 25·

116 1277 143 1299 ‘⁶
168 1273 244 1321 καὶ
290 1269 343 1322 τὸ
388 1276 531 1335 σῶμα
574 1279 658 1324 τοῦ
697 1273 991 1338 ἐνδύματος,”
1037 1272 1164 1328 ὅπως
1209 1271 1266 1324 ἂν
1304 1273 1401 1341 ε”χοι
1445 1277 1603 1328 καλῶς
1648 1271 1707 1324 τὰ

114 1355 363 1422 τιμιώτερα
389 1362 581 1419 μᾶλλον
607 1363 701 1409 τῶν
727 1359 776 1409 ἐν
802 1359 910 1423 ἡμῖν
936 1357 1257 1423 ἐνθυμώμεθα.

49 1455 95 1493 15
191 1438 525 1494 Εὑπαθοῦντος
550 1438 635 1503 μὲν
660 1439 753 1507 γὰρ
780 1447 863 1492 τοῦ
888 1441 1126 1504 σώματος,
1151 1444 1226 1491 καὶ
1252 1444 1353 1494 ταῖς
1379 1441 1505 1510 αὐτῷ
1531 1447 1710 1492 καταλ-

115 1518 283 1583 λήλοις
321 1521 617 1585 πιαινομένου
657 1527 871 1592 τρυφαῖς,
906 1522 1070 1587 ὄνησις
1112 1521 1197 1587 μὲν
1234 1523 1425 1587 οὐδεμία
1464 1527 1522 1590 τῇ
1563 1523 1710 1592 ἀθλία

115 1604 270 1669 ψυχῇ·
312 1603 361 1653 ἐκ
389 1601 437 1654 δὲ
464 1608 558 1655 τῶν
584 1605 818 1668 ἐναντίων,
845 1606 920 1656 καὶ
947 1604 1076 1656 πολύ
1107 1627 1152 1655 τι
1178 1604 1232 1655 τὸ
1258 1603 1445 1666 βλάβος
1474 1606 1705 1656 ἀνατελεῖ.
1729 1618 1756 1659 b

115 1683 450 1751 κατοιχήσεται
490 1684 583 1752 γὰρ
625 1690 688 1740 εἰς
727 1686 782 1737 τὸ
827 1692 922 1753 πῦρ
963 1685 1017 1738 τὸ
1057 1686 1256 1749 αἰώνιον,
1299 1687 1486 1754 ἐπείπερ
1526 1685 1710 1752 ἀνάγκη

114 1764 221 1819 τοὺς
242 1766 374 1817 οὐδὲν
394 1771 489 1818 τῶν
509 1769 702 1834 ἀγαθῶν
722 1767 1073 1834 εἰργασμένους,
1093 1771 1176 1833 τῆς
1195 1769 1269 1820 ἐπὶ
1292 1768 1472 1822 τούτοις
1491 1768 1606 1820 ε’ίσω
1632 1791 1711 1835 γε-

47 1866 97 1891 20
116 1848 281 1899 νέσθαι
302 1849 442 1913 δίκης,
461 1854 683 1919 λογισμῷ
709 1850 757 1901 δὲ
782 1851 849 1920 τῷ
873 1851 1100 1917 πρέποντι
1128 1851 1602 1919 χαλιναγωγηθέντος
1626 1856 1710 1902 τοῦ

115 1930 354 1994 σώματος,
375 1933 450 1982 καὶ
476 1936 572 1986 τοῖς
597 1937 681 1983 τοῦ
707 1932 972 1997 πνεύματος
999 1931 1335 1999 ὑπεζευγμένου
1363 1932 1533 1998 νόμοις,
1554 1934 1706 2001 σώζε-

115 2018 232 2065 σθαι
256 2012 445 2068 πάντως
470 2013 653 2081 ἀνάγκη
679 2012 733 2066 τὸ
761 2013 1140 2084 συναμφότερον.
1180 2015 1284 2067 ε”στι
1309 2016 1466 2067 τοίνυν
1486 2021 1581 2068 τῶν
1600 2018 1709 2068 ἀτο-

114 2096 359 2159 πωτάτων,
377 2099 459 2160 τῆς
478 2094 563 2160 μὲν
581 2097 876 2164 προσκαίρου
896 2099 972 2148 καὶ
998 2097 1116 2149 ὅσον
1133 2097 1312 2149 οὐδέπω
1340 2099 1709 2166 φθαρησομὲνης

114 2177 294 2244 σαρκὸς
329 2180 476 2232 οὕτως
509 2179 630 2243 ἡμᾶς
663 2184 894 2246 προνοεῖν,
926 2182 989 2234 ὡς
1021 2179 1203 2232 οἴεσθαι
1237 2183 1331 2231 δεῖν
1366 2180 1550 2236 οὐδενὸς
1583 2182 1708 2237 ὅλως

46 2274 95 2312 25
115 2259 533 2323 ἀπολιμπάνεσθαι
559 2265 653 2312 τῶν
679 2261 975 2329 φιλαιτάτων
999 2263 1130 2330 αὐτῇ·
1170 2264 1219 2314 ἐν
1237 2262 1476 2330 παρέργου
1502 2263 1551 2315 δὲ
1576 2264 1706 2333 τάξει
1725 2293 1746 2320 0

115 2347 304 2405 λαβεῖν,
331 2341 360 2407 ἢ
396 2344 472 2393 καὶ
508 2346 575 2412 τῷ
612 2346 773 2408 μηδενὶ
810 2350 1047 2410 παρισοῦν
1074 2344 1160 2410 τὴν
1185 2345 1260 2397 ἐπὶ
1292 2348 1430 2414 ψυχῇ
1462 2346 1706 2414 φροντίδα,

115 2424 264 2476 καίτοι
307 2431 539 2476 τοσοῦτον
581 2423 708 2490 οἶμαι
750 2425 1009 2493 προσήκειν
1047 2428 1314 2493 ἐπείγεσθαι
1358 2433 1549 2491 μᾶλλον
1586 2428 1708 2492 ἡμᾶς

114 2507 496 2573 προσκεκλίσθαι
515 2512 611 2562 τοῖς
637 2508 712 2559 ἐπὶ
731 2511 868 2577 ψυχῇ
889 2509 1259 2577 φροντίσμασιν,
1276 2508 1395 2561 ὅσον
1414 2511 1491 2561 καὶ
1510 2511 1559 2561 ἐν
1578 2511 1707 2573 ἀμεί-

115 2612 251 2641 νοσιν
270 2587 299 2654 ὴ
321 2587 440 2640 κατὰ
459 2588 618 2656 σάρκα
636 2590 783 2642 ἐστίν·
826 2592 948 2642 οὕτω
975 2590 1069 2658 γὰρ
1095 2591 1254 2654 ὅντως,
1275 2592 1351 2643 καὶ
1379 2595 1474 2643 τῶν
1499 2591 1706 2656 ἡττωμέ-

167 2742 197 2766 Ῑ.
224 2731 310 2775 ζωὴν
325 2730 487 2776 ἀναφέρει
504 2731 642 2766 inverso
660 2730 782 2766 ordine
802 2731 844 2766 B.
1049 2742 1083 2777 3.
1108 2730 1352 2777 πλεονασμῶν]
1374 2734 1397 2750 “
1411 2732 1453 2766 al.
1472 2732 1706 2776 πλησμονῶν”

118 2777 186 2813 Ed.
205 2790 278 2823 mg.
387 2777 419 2811 6.
446 2777 499 2824 τε]
519 2793 589 2813 τοις
604 2778 744 2823 ἀγαθοῖς
763 2778 804 2812 Β.
869 2779 962 2823 παρὰ
980 2778 1021 2813 Β.
1027 2778 1074 2813 D.
1091 2793 1155 2823 περ
1159 2779 1170 2813 *a
1187 2778 1255 2814 Ed.
1364 2787 1393 2824 7.
1420 2778 1530 2823 δοίην]
1550 2778 1644 2813 δύοιν
1662 2779 1706 2814 Β.

120 2836 133 2860 1
144 2836 173 2859 2.
198 2826 259 2869 μὲν
276 2836 338 2870 pro
356 2824 392 2858 δέ
411 2823 454 2859 Β.
518 2823 654 2869 ἡψυχὴ
671 2826 729 2869 τῆς
745 2826 876 2880 τροφῆς
893 2825 960 2860 hoc
977 2825 1100 2860 ordine
1119 2793 1162 2860 Β).
1339 2834 1392 2871 15.
1418 2825 1644 2861 εὐπαθοῦντος
1662 2826 1706 2861 Β.

116 2872 351 2907 εὐπειθοῦντος
368 2870 435 2905 Ed.
455 2870 515 2917 qui
532 2886 568 2905 ευ
584 2871 752 2908 παθόντος
769 2872 919 2917 conjicit.
970 2871 1097 2906 Statim
1114 2872 1175 2915 μὲν
1192 2883 1262 2906 om.
1279 2871 1320 2906 Β.
1422 2871 1475 2907 16.
1501 2874 1648 2918 τρυφαῖς
1664 2873 1707 2907 Β.

116 2920 262 2964 τροφαῖς
280 2917 348 2952 Ed.
510 2928 563 2963 19.
590 2916 724 2963 εἵσω]”
711 2933 794 2955 ισως
813 2918 855 2954 Β.
1000 2927 1054 2962 25.
1082 2919 1303 2963 φιλεστάτων
1323 2918 1364 2953 Β.
1430 2918 1466 2953 ἐν
1481 2919 1654 2965 παρέργου
1671 2920 1707 2954 δε

117 2980 228 3028 τάξει]
247 2980 420 3027 παρέργου
438 2980 474 3015 δὲ
491 2972 588 3025 τάξιν
605 2980 649 3017 Β.
794 2982 849 3017 28.
875 2981 949 3027 ὅσῳ
968 2981 1010 3016 Β.
