2084 3317
156 152 193 178 v.
214 153 282 194 39,
299 153 367 192 40.
411 139 482 181 IN
529 141 571 182 S.
606 141 943 183 JOANNEM.
1007 141 1131 182 LIB.
1165 142 1252 182 III.
1315 142 1447 182 CAP.
1483 143 1543 184 II.
1661 145 1744 184 383

153 248 440 312 ἁλώσονται,
480 249 565 314 τὴν
603 254 664 304 εἷς
703 249 844 302 αὐτὸν
883 252 936 301 οὐ
977 250 1352 319 παραδεξάμενοι
1394 251 1572 313 πίστιν,
1612 251 1790 301 ἀλλάἀ

151 330 234 381 τὸν
264 337 347 382 τοῦ
387 336 512 383 Θεοῦ
552 335 627 384 καὶ
669 332 860 399 Πατρδς
898 332 1215 397 ἀτιμάσαντες
1253 335 1542 400 χαρακτῆρα,
1575 334 1650 383 καὶ
1689 332 1743 382 τὸ

149 412 480 477 ἀληθέστατον
506 414 670 482 ὥσπερ
698 413 808 471 εἶδος
836 417 978 478 αὐτοῦ,
1002 414 1077 466 διὰ
1103 417 1186 479 τῆς
1212 418 1498 481 θεοπρεποῦς
1523 415 1744 483 ἐξουσίας

149 516 198 544 τε
225 497 299 545 καὶ
327 495 564 560 δυνάμεως
589 500 827 563 θεωρῆσαι
853 495 1290 564 παραιτησάμενοι;
1331 495 1613 561 καταληπτὴ
1648 497 1743 562 γὰρ

107 587 130 626 5
151 575 260 639 ἡμῖν
291 579 378 645 οὐχ
410 578 575 644 ἑτέρως
609 578 728 630 κατὰ
760 578 815 630 τὸ
850 578 1150 647 ἐνδεχόμενον
1182 579 1210 643 ἡ
1247 579 1348 629 θεία
1385 601 1433 630 τε
1473 580 1549 629 καὶ
1588 577 1738 644 ἀπόῤ-

150 659 290 725 ῥητος
329 660 490 729 φύσις,
521 659 550 726 ἢ
590 663 644 712 δι’
673 659 738 712 ῶν
768 663 975 712 ἐπιτελεῖ
1007 663 1084 712 καὶ
1122 661 1378 728 ἐργάζεται·
1426 660 1502 712 διὰ
1539 659 1633 728 γάρ
1672 684 1743 712 τοι

433 745 443 759 5
489 742 559 772 X‘G

151 746 304 804 τοῦτο,
322 744 397 792 καὶ
418 766 510 794 απο
570 743 795 809 μεγέθους
816 745 891 794 καὶ
912 746 1150 807 καλλονῆς
1173 741 1449 807 κτισμάτων
1466 741 1740 809 ἀναλόγως”
1805 743 1879 784 Sap.
1895 744 1964 776 xiii.

149 823 224 873 ἐπὶ
247 822 331 887 τὴν
358 830 440 875 τοῦ
473 831 805 891 γενεσιουργοῦ
841 825 1040 890 θεωρίαν
1067 825 1091 874 ὁ
1128 825 1213 887 μὲν
1241 829 1437 878 Παῦλος
1473 826 1594 889 ἡμᾶς
1631 825 1743 876 ἱέναι
1805 796 1854 880 ,ἃ
1871 831 1966 862 Rom.

147 905 455 970 προστάττει,
486 906 676 975 ξεναγεῖ
705 905 753 957 δὲ
789 905 939 958 πάλιν
971 911 1034 960 εἷς
1067 906 1152 970 τὴν
1184 907 1256 974 ἐφ’
1285 908 1434 976 ἑαυτῷ
1466 905 1782 976 κατάληψινο
1805 883 1894 906 mo·

78 1011 127 1036 10
148 988 172 1037 ὁ
202 987 370 1054 Σωτήρ
398 995 424 1018 “
446 992 505 1039 Εὶ
531 990 586 1039 οὐ
620 993 740 1040 ποιῶ
776 988 835 1039 τὰ
870 989 986 1054 ἔργα
1020 994 1103 1039 τοῦ
1133 988 1326 1055 Πατρός
1352 1012 1457 1053 μου,
1484 988 1654 1054 λε’γων,
1678 989 1743 1053 μὴ
1805 991 1900 1054 Igna
1916 1003 1948 1024 x.

147 1076 174 1098 “
200 1069 448 1121 πιστεύετέ
481 1090 577 1134 μοι·
635 1074 673 1121 εἰ
711 1069 760 1122 δὲ
798 1075 931 1132 ποιῶ,
971 1068 1060 1121 κᾶν
1099 1072 1198 1133 ἐμοὶ
1237 1069 1302 1134 μὴ
1338 1071 1608 1135 πιστεύητε,
1647 1075 1744 1125 τοῖς

147 1158 174 1181 “
201 1151 352 1218 ἐργοις
377 1175 468 1216 μου
495 1153 783 1204 πιστεύετε.”
821 1157 1073 1220 κατῃτιᾶτο
1101 1152 1155 1203 δέ
1174 1175 1266 1204 που
1294 1156 1370 1203 καὶ
1397 1154 1507 1204 λίαν
1534 1151 1744 1219 εὐλόγως

147 1232 229 1284 τὸν
255 1238 421 1285 οἰκεῖον
446 1234 675 1299 μαθητὴν,
701 1235 947 1289 Φίλιππος
973 1234 1108 1289 οὗτος
1132 1233 1203 1300 ἦν,
1232 1237 1294 1288 ὡς
1319 1234 1484 1301 ἑτέρως
1510 1234 1743 1286 δύνασθαι

145 1316 264 1382 πρὸς
303 1315 388 1380 τὴν
415 1319 488 1368 ἐπὶ
527 1320 593 1387 τῷ
629 1321 739 1386 Θεῷ
777 1320 852 1368 καὶ
888 1320 1044 1383 Πατρὶ
1085 1316 1283 1383 θεωρίαν
1314 1318 1470 1368 ἐλθεῖν
1504 1316 1742 1382 ἀζητήτως

78 1416 124 1454 15
149 1397 535 1463 ὑποτοπήσαντα,
563 1399 712 1450 καίτοι
745 1399 899 1466 παρὸν
925 1400 992 1449 ἐπ’
1021 1399 1241 1468 ἐξουσίας
1276 1399 1402 1467 αὐτῷ
1434 1398 1521 1463 τὴν
1547 1401 1737 1465 ἀπαρα-

145 1481 340 1544 ποίητον
391 1479 544 1532 εἰκόνα
595 1481 1025 1543 κατασκέπτεσθαι,
1080 1479 1385 1532 δεικνύουσαν
1434 1482 1642 1547 ἀκριβῶς
1694 1482 1742 1532 ἐν

146 1564 286 1630 ἑαυτῇ
336 1563 418 1614 τὸν
466 1562 782 1628 γεννήσαντα·
851 1562 920 1613 διὸ
970 1562 1026 1627 δὴ
1077 1564 1154 1613 καὶ
1205 1562 1388 1631 ἔφασκε
1435 1571 1461 1593 “
1489 1567 1781 1614 Τοσοῦτονει
1809 1577 1897 1610 260
1911 1576 1963 1610 Α.

146 1652 173 1674 “
201 1644 370 1712 χρόνον
404 1646 509 1709 μεθ’
548 1647 677 1709 ὑμῶν
711 1648 815 1708 εἶμι,
842 1647 918 1696 καὶ
954 1646 1037 1696 οὐκ
1077 1642 1283 1711 ἔγνωκάς
1321 1668 1390 1708 με,
1419 1646 1664 1707 Φίλιππε,
1715 1645 1740 1695 ὁ
1803 1625 1910 1710 {ff}

146 1734 173 1756 ‘⁶
196 1727 410 1793 ἑωρακὼς
435 1727 511 1791 ἐμὲ
537 1727 708 1793 ἑώρακε
736 1726 817 1778 τὸν
844 1727 1082 1793 Πατερα.”

75 1913 372 1972 2οἘρευνᾱτε
398 1915 474 1956 τὰς
502 1915 684 1972 Γραφὰε,
710 1918 775 1959 ὅτι
810 1917 855 1957 ἐν
884 1913 1032 1957 αὐταῖς
1068 1915 1233 1959 δοκεῖτε
1267 1914 1386 1965 ὑμεῖς
1421 1917 1532 1974 ζωήν
1560 1914 1737 1958 αἰώνιον
1761 1935 1809 1970 39

208 1998 332 2054 ἔχειν,
360 1999 428 2039 καὶ
455 1996 579 2041 αὗταί
606 1997 710 2041 εἰσιν
737 1998 778 2040 αἱ
805 2004 1097 2056 μαρτυροῦσαι
1125 2001 1223 2057 Περὶ
1258 2001 1376 2052 ἐμοῦ,
1405 2001 1472 2041 καὶ
1507 2001 1555 2042 οὐ
1591 2001 1738 2042 Θέλετε
1761 2021 1810 2055 40

209 2079 348 2123 ἐλθεῖν
375 2082 484 2139 Πρὸς
510 2083 574 2133 μὲ,
602 2083 670 2124 ἵνα
698 2083 808 2140 ζωήν
836 2084 974 2139 ἓχΗτε.

214 2209 280 2259 ‘H
308 2207 393 2272 μὲν
419 2209 524 2259 λεία
559 2212 635 2260 καὶ
671 2209 941 2274 ἱππήλατος
978 2214 1075 2264 τοῖς
1108 2214 1314 2264 πολλοῖς
1349 2212 1425 2261 καὶ
1460 2208 1738 2276 τετριμμένη

141 2289 320 2341 διάνοια
355 2296 438 2341 τοῦ
469 2293 612 2358 ῥητοῦ
643 2297 1004 2358 προστακτικῶς
1031 2295 1249 2359 εἰρῆσθαι
1275 2292 1473 2359 νομίζειν
1498 2290 1629 2357 παρὰ
1655 2297 1737 2342 τοῦ
1756 2302 1783 2342 b

74 2388 121 2426 25
144 2375 363 2438 Σωτῆρος
401 2373 534 2437 ἡμῶν
562 2372 681 2440 πρὸς
719 2373 825 2428 τοὺς
864 2375 1156 2442 Φαρισαίους
1191 2374 1443 2436 ἀναπείθει,
1479 2372 1532 2423 τὸ
1568 2375 1738 2439 χρῆναι

141 2452 226 2509 τέις
251 2455 374 2511 θείας
401 2455 657 2523 ἐρευνῶντας
682 2455 873 2525 γραφάς
901 2456 986 2510 τὰς
1019 2458 1126 2522 περὶ
1162 2458 1304 2507 αὐτοῦ
1336 2456 1592 2522 μαρτυρίας
1618 2452 1739 2519 πρὸς

141 2535 260 2601 ζωὴν
295 2537 602 2603 ἐρανίζεσθαι.
655 2537 811 2602 ἐπειδὴ
849 2538 896 2589 δὲ
931 2539 1205 2602 σύνδεσμον
1232 2540 1281 2588 ἐν
1311 2541 1376 2606 τῷ
1409 2536 1588 2605 μεταξὺ
1623 2537 1733 2589 θείς·

140 2620 263 2685 φημὶ
290 2618 337 2669 δὲ
365 2618 418 2669 τό
449 2625 553 2670 Καί·
597 2620 827 2671 συνάπτει
853 2620 908 2671 τό
933 2624 1003 2672 Οὐ
1031 2620 1170 2671 θέλετε
1197 2619 1326 2671 ἐλθεῖν
1353 2620 1460 2688 πρὶς
1492 2619 1564 2686 μὲ,
1592 2621 1737 2682 δῆλος

140 2698 198 2750 ἂν
231 2700 298 2764 εἴη
334 2699 504 2751 λοιπὸν
535 2700 690 2767 ἕτερόν
720 2725 764 2752 τι
803 2703 1063 2766 σημαίνων,
1090 2700 1319 2768 συγγενὲς
1359 2700 1445 2764 μὲν
1471 2705 1567 2754 τοῖς
1606 2704 1730 2766 εἰρη-

189 2868 221 2896 4.
249 2853 459 2899 καταληπτὴ]
480 2855 698 2898 κατείληπται
719 2855 759 2890 Β.
892 2867 923 2898 5.
952 2856 1144 2899 ἀπόρρητος
1167 2854 1207 2889 Β.
1226 2855 1371 2899 ι’ίρρητος
1390 2853 1455 2887 Ed.
1592 2865 1644 2888 10.
1670 2868 1737 2897 μου

142 2913 211 2935 om.
231 2901 274 2935 B.
455 2913 507 2935 12.
534 2916 598 2937 που
616 2910 840 2947 assumptum
859 2915 900 2936 ex
923 2903 949 2935 Β
969 2914 1041 2946 mg.
1062 2902 1107 2936 D.
1283 2910 1333 2946 17.
1361 2903 1529 2936 τοσοῦτον
1547 2902 1672 2945 χρόνον
1692 2901 1733 2935 Β.

142 2947 296 2994 τοσούτῳ
315 2950 426 2994 χρόνῳ
446 2947 512 2982 Ed.
658 2960 712 2993 29.
741 2949 930 2993 σημαίνων]
955 2954 990 2989 ÷
1014 2949 1059 2982 ὢν
1079 2948 1120 2981 Β.
