2021 3296
129 112 156 152 i.
177 126 214 168 9.
352 112 426 153 IN
468 112 510 152 S.
544 110 880 152 JOANNEM.
941 109 1066 151 LIB.
1099 109 1135 151 Ι.
1197 108 1331 149 CAP.
1365 107 1493 147 VIII.
1663 107 1717 147 97

129 224 357 291 ἄτρεπτον
382 225 457 275 καὶ
484 223 810 275 ἀναλλοίωτον
835 221 1030 289 ἀγαθὸν,
1057 222 1106 271 ἐκ
1134 218 1326 285 Πατρὸς
1360 220 1518 281 διῆκον
1545 219 1605 268 εἷς
1635 214 1718 265 τὸν

128 309 212 370 τῆς
237 305 399 359 οὐσίας
425 306 567 356 αὐτοῦ
594 303 905 371 κληρονόμον.
950 304 978 367 ἡ
1006 301 1055 353 δὲ
1081 302 1234 354 κτίσις
1261 301 1349 368 οὐχ
1375 300 1497 350 οὕτω
1524 296 1718 366 φορέσει

128 386 184 439 τὸ
210 385 323 438 εἶναι
349 391 465 456 φῶς·
502 389 564 441 ὡς
590 387 674 437 οὐκ
699 386 878 454 ἔχουσα
904 382 1152 447 λαμβάνει,
1174 385 1237 437 ὡς
1260 383 1430 433 σκοτία
1457 379 1718 449 φωτίζεται,

127 469 374 533 ἐπίκτητον
397 468 489 537 ἔχει
512 467 599 533 τὴν
624 467 775 536 χάριν,
800 469 849 519 ἐκ
882 466 1243 536 φιλανθρωπίας
1276 466 1358 528 τῆς
1392 467 1476 514 τοῦ
1511 459 1718 513 διδόντος

87 563 108 602 5
128 549 182 602 τὸ
240 551 440 620 ἀξίωμα.
515 551 684 602 οὐκοῦν
733 551 758 601 ὃ
808 549 893 613 μὲν
945 548 1043 618 φῶς
1103 545 1308 608 ἀληθινὶν,
1360 545 1388 609 ἡ
1445 542 1494 595 δὲ
1547 543 1712 594 οὐκέτι.
1737 560 1758 587 0

127 633 363 698 τοσαύτης
406 639 657 699 τοιγαροῦν
699 631 879 700 μεταξὺ
921 630 1128 694 κειμένης
1179 632 1422 696 διαφορᾶς,
1469 629 1544 676 καὶ
1597 626 1717 675 οὕτω

127 720 310 782 μακροῦ
336 714 691 782 διατειχίζοντος
717 712 866 780 λόγου
893 715 975 777 τῆς
1002 713 1199 764 κτίσεως
1225 710 1307 761 τὸν
1326 708 1444 760 Υὶὸν
1467 713 1550 759 τοῦ
1578 711 1719 769 Θεοῦ,

128 796 247 848 ὅσον
290 800 353 850 εἷς
396 796 661 861 ταυτότητα
705 796 912 864 φύσεως,
957 799 1058 847 πῶς
1109 794 1192 844 οὐκ
1245 792 1303 842 ἄν
1347 814 1415 845 τις
1461 792 1537 841 καὶ
1586 788 1719 853 μάλα

128 877 315 931 εἰκότως
349 877 586 939 ὑπολάβοι
620 882 926 944 παραληρεῖν,
958 880 1151 939 μᾶλλον
1177 873 1226 926 δὲ
1262 872 1424 938 πάσης
1462 873 1554 942 ἔξω
1593 871 1720 941 γενέ-

62 978 109 1003 10
127 963 244 1011 σθαι
270 960 441 1029 φρενὸς
466 962 661 1026 ἀγαθῆς,
689 960 796 1014 τοὺς
829 959 1027 1024 ὅσοιπερ
1058 955 1115 1008 ἂν
1141 954 1339 1023 γενητὸν
1363 953 1477 1005 εἶναι
1508 954 1721 1019 λέγωσιν

127 1041 282 1105 αὐτὸν,
334 1044 409 1094 καὶ
456 1047 553 1096 τοῖς
602 1041 929 1106 πεποιημένοις
982 1038 1314 1091 συντάττωσιν
1365 1035 1448 1088 τὸν
1498 1035 1721 1087 ἁπάντων

126 1123 472 1190 γενεσιουργὸν,
505 1125 592 1192 οὐχ
627 1125 838 1191 ὁρῶντες,
870 1120 932 1177 ὥς
970 1144 1025 1187 γε
1063 1144 1143 1185 μοι
1181 1121 1410 1189 φαίνεται,
1441 1118 1559 1185 πρὸς
1597 1117 1720 1182 ὅσην

128 1206 283 1260 αὐτοῖς
303 1207 526 1268 ἀσέβειαν
546 1205 928 1258 ἀποκινδυνεύσει
948 1204 1002 1255 τὸ
1028 1201 1265 1267 τόλμημα,
1283 1201 1347 1266 μὴ
1376 1207 1538 1252 νοοῦσι
1558 1208 1586 1230 “
1602 1199 1717 1265 μήτε
1737 1218 1764 1260 d
1784 1218 1800 1270 ᾗ
1816 1208 1899 1239 Tim.
1920 1208 1943 1239 i·

128 1293 155 1316 ‘⁶
181 1285 212 1338 ἃ
237 1287 454 1354 λέγουσι,
485 1288 602 1353 μήτε
627 1289 732 1355 περὶ
757 1288 897 1340 τίνων
924 1285 1342 1348 διαβεβαιοῦνται,”
1397 1283 1467 1334 ὅτι
1500 1282 1593 1349 γὰρ
1622 1288 1718 1336 τοῖς
1786 1272 1812 1293 ¹⁶

62 1382 108 1420 15
129 1369 466 1437 ἀκριβέστερον
505 1369 778 1436 βασανίζειν
819 1368 1010 1420 εἰωθόσι
1054 1367 1140 1431 τὴν
1178 1368 1227 1417 ἐν
1264 1371 1360 1420 τοῖς
1402 1365 1720 1432 προκειμένοις

127 1451 368 1517 ἀλήθειαν,
409 1452 669 1517 οὐδαμόθεν
707 1453 817 1516 ἡμῖν
857 1452 881 1502 ὁ
923 1447 1214 1515 Μονογενὴς,
1253 1447 1482 1511 τουτέστι,
1523 1447 1568 1499 τὶ
1621 1446 1719 1516 φιῖς

126 1533 172 1586 τὶ
218 1533 425 1597 ἀληθινὶν,
463 1533 659 1600 γενητὸς
695 1533 724 1599 ἢ
763 1531 1087 1597 πεποιημένος,
1126 1529 1155 1595 ἢ
1195 1532 1271 1581 καὶ
1311 1530 1435 1584 ὅλως
1473 1533 1532 1596 τῇ
1569 1530 1720 1579 κτίσει

125 1615 353 1684 συμφυὴς
379 1615 606 1683 ὑπάρχων
632 1613 753 1667 κατά
777 1637 822 1666 τι
847 1620 964 1681 γοῦν
988 1611 1398 1680 ἀποδειχθήσεται,
1418 1610 1720 1678 πανταχόθεν

124 1695 209 1760 μὲν
235 1697 293 1748 ἄν
318 1721 387 1752 τις
413 1699 591 1748 κατίδοι
617 1698 692 1748 καὶ
724 1696 859 1760 μάλα
888 1696 1073 1765 ῥᾳδίως,
1101 1695 1187 1762 οὐχ
1223 1694 1396 1758 ἥκιστα
1431 1692 1480 1743 δὲ
1513 1691 1589 1742 διὰ
1623 1696 1718 1742 τῶν

60 1801 109 1827 20
125 1779 296 1849 ἐφεξῆς
332 1778 722 1845 ὑποτεταγμένων
747 1780 948 1841 ἐννοιῶν,
976 1776 1052 1829 διὰ
1087 1775 1173 1841 τὴν
1199 1778 1247 1827 ἐν
1273 1779 1369 1830 τοῖς
1402 1773 1716 1842 προκειμένοις
1736 1798 1757 1824 e

124 1863 235 1927 ἡμῖν
261 1863 460 1929 θεωρίαν
485 1860 879 1927 συνειλεγμένων.

116 2055 300 2098 ’Έννοιαι
326 2056 413 2109 ἤτοι
444 2057 726 2110 συλλογισμοὶ,
749 2055 795 2097 δι’
819 2057 873 2097 ὧν
900 2056 1026 2107 ἔξεστι
1053 2058 1205 2107 μαθεῖν,
1229 2055 1288 2095 ὅτι
1316 2055 1435 2106 μόνος
1461 2055 1481 2094 ὁ
1508 2053 1603 2096 ’Υἱὸς
1632 2056 1717 2105 φῶς

243 2131 354 2172 ἐστιν
376 2130 577 2182 ἀληθινὸν,
600 2131 622 2183 ἡ
645 2132 688 2172 δὲ
711 2131 834 2174 κτίσις
855 2129 997 2179 οὐκέτι,
1020 2132 1154 2182 διόπερ
1177 2129 1265 2170 οὐδὲ
1288 2128 1461 2181 ὁμοφυῆς
1484 2128 1592 2184 αὐτῇ.

196 2257 256 2304 Ei
281 2253 581 2320 ἀπαύγασμα
613 2257 696 2319 τῆς
729 2254 872 2324 δόξης
902 2260 986 2306 τοῦ
1013 2258 1138 2305 Θεοῦ
1164 2255 1241 2304 καὶ
1269 2250 1462 2319 Πατρὸς
1489 2251 1715 2319 ὑπάρχων

57 2335 147 2388 25ὃ
172 2333 308 2398 Υἱὸς,
338 2340 441 2405 φῶς
467 2336 696 2402 ἀληθινὸν
723 2336 800 2388 διὰ
831 2335 971 2388 τοῦτό
1005 2337 1150 2397 ἐστιν,
1180 2336 1262 2386 οὐκ
1301 2334 1436 2385 ἔσται
1471 2336 1529 2401 τῇ
1564 2334 1716 2384 κτίσει

122 2417 348 2485 ὁμοφυὴς,
375 2418 449 2469 ἵνα
475 2418 540 2483 μὴ
567 2418 696 2483 καὶὴ
732 2420 885 2473 κτίσις
920 2418 1221 2483 ἀπαύγασμα
1258 2419 1419 2481 νοῆται
1453 2419 1535 2479 τῆς
1571 2415 1715 2484 δόξης

121 2503 204 2549 τοῦ
230 2502 355 2550 Θεοῦ
391 2503 466 2551 καὶ
494 2499 699 2567 Πατρὸς,
727 2500 906 2569 ἔχουσα
945 2499 1136 2565 δυνάμει
1174 2499 1227 2550 τὸ
1267 2497 1380 2550 εἶναι
1419 2502 1558 2548 τοῦτο
1594 2496 1715 2548 κατὰ

122 2579 287 2648 φύσιν,
313 2580 428 2648 ὅπερ
453 2583 584 2634 ἐστὶν
611 2584 636 2633 ὃ
663 2581 794 2636 Υἱός.

195 2682 328 2712 ΑΛΛΟ.
368 2667 427 2714 Εἰ
464 2668 602 2716 πᾶσα
640 2665 668 2728 ἡ
707 2664 860 2719 κτίσις
899 2662 1090 2726 ἀληθινὶν
1122 2661 1236 2713 εἶναι
1273 2661 1464 2712 δύναται
1498 2660 1610 2730 φῶς,
1635 2659 1751 2711 διάα
1809 2677 1864 2712 66
1882 2677 1934 2712 Α.

172 2839 203 2862 Ι.
229 2827 357 2872 ἀγαθὸν
374 2827 410 2861 ἐκ
428 2827 580 2873 Πατρὸς]
601 2828 637 2862 ἐκ
653 2832 780 2874 πατρὸς
796 2828 932 2875 ἀγαθῶν
950 2828 992 2863 Β.
1129 2838 1162 2871 9.
1187 2826 1300 2869 πάσης
1317 2825 1352 2859 δέ
1370 2825 1508 2860 inverso
1526 2824 1648 2860 ordine
1667 2824 1710 2858 B.

125 2886 179 2919 13.
206 2877 361 2910 νοοῦντες
380 2874 423 2908 Β.
562 2886 614 2917 14.
638 2877 857 2916 βεβαιοῦνται
877 2875 919 2910 Β.
1055 2885 1109 2908 20.
1137 2874 1270 2907 ἐννοιῶν
1286 2884 1356 2906 om.
1378 2872 1420 2906 B.
1554 2883 1609 2907 21.
1634 2871 1712 2917 ἡμῖν

121 2928 346 2967 assumptum
363 2933 404 2956 ex
424 2921 466 2956 B.
587 2932 642 2966 23.
667 2921 794 2969 οὐκέτι]
815 2923 873 2957 οὐκ
891 2923 966 2956 ἔστι
985 2921 1027 2956 Ε.
1092 2920 1173 2964 αὐτῇ
1195 2919 1235 2954 Β.
1255 2919 1343 2965 αὐτῷ
1363 2918 1428 2954 Ed.

179 2988 271 3016 VOL.
295 2989 321 3017 Ι.
906 2989 931 3016 O
