2084 3317
360 153 444 193 620
762 153 813 194 Β.
845 151 1120 193 CYRILLI
1160 150 1541 193 ALEXANDR.
1791 150 1863 191 vii.
1883 162 1950 202 24.

360 259 702 327 παραβάσεσιν
733 260 934 326 ἀπειλὴν
965 260 1281 325 εἰσενήνεκται
1316 259 1392 311 διὰ
1427 260 1567 312 ποίαν
1601 258 1786 321 αἰτίαν,
1833 257 1953 325 πρὸς

362 342 419 407 δὴ
459 344 535 393 καὶ
574 343 712 394 τοῦτό
751 347 924 412 φαμεν,
963 345 1026 396 ὡς
1065 342 1153 393 ἔδει
1191 341 1257 406 μὴ
1295 341 1457 406 μόνον,
1498 341 1570 393 ὅτι
1609 341 1855 393 πείσονται
1893 338 1955 390 τὰ

363 423 492 475 δεινὰ
528 429 626 478 τοῖς
664 425 1048 491 παραβαίνουσιν
1086 426 1311 486 ἀπειλεῖν,
1345 423 1462 488 μηδὲ
1500 422 1631 493 μόνῳ
1668 426 1735 492 τῷ
1774 422 1956 487 δείματι

362 504 482 571 πρὸς
526 507 777 567 εὐλάβειαν
821 505 1178 574 ἀσφαλίζεσθαι
1221 503 1306 556 τὸν
1346 505 1566 571 Ἰσραήλ·
1628 504 1952 570 δουλοπρεπέ-

364 610 538 653 στερον
563 587 656 653 γὰρ
683 586 737 639 τὸ
764 589 812 638 ἐν
840 587 981 657 φόβῳ
1008 591 1265 649 θεοσεβεΐν·
1309 588 1419 638 ἀλλ’
1449 587 1675 656 ἐπιδεῖξαι
1709 588 1783 637 καὶ
1815 587 1955 637 τίνων
1974 598 1997 636 5

324 691 346 718 e
366 668 557 720 ἔσονται
587 668 792 737 μέτοχοι,
818 668 846 735 ἢ
885 671 960 720 καὶ
996 672 1059 723 εἰς
1094 674 1232 721 ποῖον
1257 667 1585 738 καταλήξουσι
1623 668 1761 722 τέλος
1795 669 1838 718 οἱ
1871 669 1956 731 τῆς

365 754 428 804 εἷς
466 750 609 802 αὐτὸν
648 751 837 817 ἀγάπης
874 751 1027 820 ἀπρὶξ
1060 752 1325 818 ἠρτημένοι.
1377 751 1558 818 διορίζει
1595 755 1846 817 τοιγαροῦν
1879 751 1956 801 καὶ

366 835 562 886 δίδωσιν
588 836 651 888 ὡς
687 836 736 885 ἐν
761 833 894 903 τύπῳ
928 839 1024 885 τῶν
1047 834 1286 898 ἐσομένων
1313 835 1468 888 αὐτοῖς
1504 834 1698 899 ἀγαθῶν
1721 832 1808 897 τὴν
1833 831 1954 884 ὑπό-

141 906 278 981 ῗθὶῌῖ·
366 939 555 984 σχεσιν.
613 915 755 967 σκιὰν
789 916 884 983 γὰρ
922 916 1014 984 ἔχει
1053 918 1078 967 ὁ
1119 915 1259 977 νόμος
1297 921 1393 968 τῶν
1427 914 1706 980 μελλόντων
1741 916 1954 982 ἀγαθῶν,

366 997 488 1050 καθὰ
527 998 808 1065 γέγραπται,
840 1002 916 1049 καὶ
955 997 1315 1065 προγύμνασμά
1352 1022 1396 1050 τι
1434 1001 1517 1062 τῆς
1555 998 1778 1062 ἀληθείας·
1815 995 1870 1048 τὸ
1910 997 1958 1047 ἐν
1981 1015 2030 1041 10

366 1082 492 1150 αὐτῷ
518 1083 687 1148 σχῆμα
713 1082 942 1150 φαίνεται.
1000 1082 1162 1147 ἀργεῖν
1189 1079 1237 1131 δὲ
1266 1080 1444 1131 κελεύει
1470 1080 1556 1145 τὴν
1578 1079 1852 1131 τελευταίαν
1877 1080 1959 1142 τῆς

367 1163 627 1228 ἑβδομάδος
662 1163 852 1230 ἡμέραν,
884 1164 1103 1215 τουτέστι
1138 1162 1193 1213 τὸ
1229 1162 1498 1225 σάββατον,
1525 1165 1599 1213 καὶ
1626 1161 1960 1213 ἀποπαύεσθαι

143 1260 233 1295 424
245 1259 294 1294 A.
326 1269 350 1294 a
368 1246 451 1308 μὲν
477 1246 616 1311 ἔργον
642 1244 833 1309 παντὸς,
860 1246 1075 1296 ἀνίεσθαι
1111 1245 1159 1295 δὲ
1197 1247 1272 1295 καὶ
1309 1245 1577 1296 ἀνάπαυσιν
1603 1242 1886 1308 ἐπιτηδεύειν
1912 1244 1961 1293 ἐν

368 1329 506 1397 αὐτῷ,
535 1327 620 1392 τὴν
648 1330 722 1379 ἐπὶ
759 1327 884 1378 τέλει
920 1331 1015 1379 τῶν
1047 1327 1229 1378 αἰώνων
1259 1327 1490 1392 ἐσομένην
1516 1331 1612 1380 τοῖς
1650 1325 1800 1392 ἁγίοις
1840 1324 1955 1375 ἀνά-

367 1411 546 1462 παυσίν
573 1433 623 1461 τε
659 1412 735 1461 καὶ
770 1409 956 1479 τρυφὴν
984 1409 1059 1460 διὰ
1095 1409 1263 1460 τούτου
1300 1411 1474 1474 δηλῶν,
1502 1409 1579 1460 ὅτε
1604 1411 1687 1473 τῆς
1719 1409 1767 1459 ἐν
1793 1405 1959 1476 κόσμῳ
1983 1429 2029 1468 15

369 1492 724 1561 καταλήξαντες
750 1492 880 1559 ζωῆς,
910 1493 984 1542 καὶ
1011 1491 1119 1546 τοὺς
1145 1492 1220 1543 ἐπὶ
1256 1496 1356 1545 ταῖς
1392 1491 1726 1557 ἀγαθουργίαις
1763 1493 1961 1556 ἱδρῶτας

372 1574 735 1644 ἀπονιψάμενοι,
763 1574 848 1639 τὴν
876 1573 1054 1626 ἀπονόν
1078 1597 1127 1625 τε
1164 1576 1240 1625 καὶ
1275 1573 1486 1637 καμάτου
1517 1573 1626 1641 δίχα
1651 1571 1828 1625 παντὸς
1854 1573 1956 1622 δια-

373 1657 596 1725 ζήσονται
628 1658 734 1719 βίον
761 1661 801 1708 οἱ
838 1659 886 1708 ἐν
915 1660 1128 1726 Χριστῷ,
1156 1655 1275 1707 κατὰ
1315 1657 1370 1707 τὸ
1407 1655 1646 1723 εἰρημένον
1670 1655 1777 1721 περὶ
1809 1654 1964 1705 αὐτῶν

148 1738 203 1813 {⁴35³
219 1737 285 1768 lxv.
374 1739 450 1791 διὰ
475 1743 558 1804 τῆς
582 1746 664 1792 τοῦ
689 1738 939 1809 προφήτου
967 1742 1128 1808 φωνῆς
1151 1746 1177 1769 “
1193 1739 1541 1803 Ἐπιλήσονται
1567 1736 1661 1804 γὰρ
1685 1736 1771 1801 τὴν
1791 1737 1964 1804 θλίψιν

375 1830 401 1852 “
428 1823 582 1873 αὐτῶν
607 1821 693 1886 τὴν
717 1822 925 1889 πρώτην,
954 1823 1030 1872 καὶ
1067 1822 1121 1872 οὐ
1158 1820 1223 1886 μὴ
1258 1823 1414 1890 ἀναβῇ
1449 1822 1602 1872 αὐτῶν
1626 1821 1701 1871 ἐπὶ
1732 1817 1818 1883 τὴν
1841 1840 1959 1884 καρ-
1985 1843 2035 1869 20

149 1902 200 1933 Ib.
209 1912 311 1933 xxxv.

153 1955 202 1978 ιο.

375 1912 402 1935 “
429 1904 547 1968 δίαν,
574 1906 685 1955 ἀλλ’
715 1903 989 1973 εὐφροσύνη
1016 1903 1200 1958 αἰώνιος
1226 1905 1299 1955 ἐπὶ
1325 1903 1411 1967 τὴν
1437 1902 1654 1972 κεφαλὴν
1679 1902 1848 1953 αὐτῶν·
1888 1901 1965 1951 ἐπὶ

328 1988 354 2029 b
374 1994 402 2016 “
428 1987 521 2055 γὰρ
559 1989 774 2056 κεφαλῆς
808 1987 962 2038 αὐτῶν
994 1985 1183 2048 α’ίνεσις,
1209 1988 1286 2037 καὶ
1324 1985 1594 2055 εὐφροσύνη
1634 1981 1966 2051 καταλήψεται

376 2076 403 2099 “
426 2067 607 2132 αὐτοὺς,
635 2069 814 2135 ἀπέδρα
840 2068 982 2132 ὀδύνη
1009 2070 1085 2119 καὶ
1116 2067 1246 2132 λύπη
1283 2070 1357 2118 καὶ
1392 2066 1699 2133 στεναγμός.”
1753 2064 1961 2116 καταλύ-

376 2175 532 2202 σαντα
567 2152 738 2215 τοίνυν,
766 2153 843 2202 καὶ
877 2151 1129 2218 μονονουχὶ
1164 2153 1259 2200 τῶν
1283 2150 1354 2201 ἐπὶ
1394 2154 1452 2218 τῇ
1492 2149 1770 2217 δημιουργίᾳ
1808 2147 1968 2199 πόνων

378 2232 718 2303 καταλήξαντα
754 2233 837 2285 τὸν
863 2230 1172 2299 Δημιουργὸν
1197 2231 1567 2296 ἀπομιμούμενοι
1593 2233 1667 2282 καὶ
1695 2230 1845 2292 αὐτοὶ,
1871 2233 1967 2280 τῶν
1988 2249 2037 2288 25

376 2319 424 2367 ἐν
451 2320 568 2386 τῷδε
605 2321 671 2386 τῳ
705 2316 796 2386 βίῳ
835 2314 1058 2379 καμάτων
1085 2313 1461 2378 ἀποπαύσονται,
1488 2313 1607 2380 πρὸς
1639 2311 1824 2381 τρυφὴν
1851 2314 1965 2363 ἀνα-

378 2400 621 2460 βαίνοντες
671 2398 757 2463 τὴν
804 2399 879 2449 ἐπὶ
924 2396 1050 2448 τέλει
1100 2401 1195 2447 τῶν
1242 2396 1424 2448 αἰώνων
1467 2395 1793 2461 δοθησομένην
1837 2392 1968 2461 παρὰ

379 2485 613 2547 Χριστοῦ.
668 2483 744 2532 καὶ
780 2484 841 2534 εἷς
872 2484 1038 2531 τοῦτον
1063 2477 1190 2543 οἶμαι
1216 2478 1537 2531 συντετάσθαι
1563 2477 1647 2530 τὸν
1673 2475 1858 2529 σκοπὸν
1883 2475 1970 2541 τὴν

381 2565 455 2616 ἐπὶ
483 2569 549 2633 τῷ
575 2562 815 2633 σαββάτῳ
841 2560 1208 2628 διατεταγμένην
1235 2562 1418 2627 ἀργίαν.

430 2750 462 2784 3.
491 2737 638 2784 δείματι]
660 2737 804 2783 δήγματι
825 2738 940 2783 (quasi
959 2736 1128 2782 δείγματι)
1151 2735 1193 2769 Β.
1293 2747 1322 2782 7,
1350 2737 1397 2772 εἷς
1413 2736 1532 2783 αὐτὸν]
1553 2737 1679 2771 ἑαυτῶν
1698 2736 1740 2770 Β.
1855 2745 1907 2769 10.
1933 2735 1972 2768 τὸ

383 2820 417 2853 ἐν
435 2819 524 2864 αὐτῷ
544 2817 678 2863 σχῆμα]
700 2820 746 2864 τῷ
765 2818 799 2852 ἐν
817 2818 906 2864 αὐτῷ
924 2820 970 2851 τῶ
990 2816 1141 2862 σχήματι
1162 2817 1202 2850 Β.
1496 2826 1547 2862 17.
1575 2815 1742 2862 καμάτου]
1762 2792 1908 2850 θαῑῒξου
1927 2814 1970 2850 Β.

388 2866 440 2900 18.
464 2867 542 2906 βίον
559 2872 781 2909 assumptum
800 2877 841 2898 ex
862 2865 903 2898 Β.
971 2864 1096 2898 Statim
1115 2865 1146 2897 οἱ
1164 2875 1233 2897 om.
1256 2863 1296 2896 B.
1496 2874 1552 2899 21.
1579 2862 1749 2909 κεφαλὴν]
1771 2863 1908 2906 καρδίαν
1929 2862 1970 2897 Β.

386 2924 439 2956 23.
466 2913 519 2946 καὶ
538 2913 633 2957 prius
651 2918 875 2957 assumptum
893 2923 933 2946 ex
954 2911 995 2945 B.
1001 2911 1046 2945 D.
1145 2911 1201 2945 28.
1229 2909 1456 2955 συντετάχθαι
1476 2911 1519 2946 Β.
1632 2921 1687 2956 29.
1714 2910 1769 2945 ἐπὶ
1788 2909 1830 2944 Β.
1849 2909 1884 2944 ἐν
1902 2908 1970 2944 Ed.

384 2959 621 3003 διατεταμένην
642 2958 681 2993 Β.
