2021 3296
123 159 150 201 i.
173 173 208 201 1.
364 159 439 201 IN
480 160 523 201 S.
556 157 892 201 JOANNEM.
953 157 1078 199 LIB.
1112 158 1147 198 Ι.
1209 157 1343 198 CAP.
1376 156 1463 197 III.
1650 160 1702 198 41

123 264 237 318 εἶναι
271 265 392 318 κατὰ
429 265 580 334 φύσιν
604 266 741 320 Θεός.
795 266 962 317 οὐκοῦν
987 263 1041 316 τὸ
1076 263 1275 315 ἕλαττον
1300 263 1405 315 οὐδὲ
1440 265 1465 315 ὃ
1491 263 1604 317 Υἱὸς
1630 263 1702 332 ἐφ’
1724 273 1751 313 d

122 350 270 417 ἑαυτῷ
293 347 605 417 καταδέξεται,
634 346 755 402 Θεὸς
781 349 856 398 καὶ
881 346 1020 400 αὐτὸς
1046 345 1270 413 ὑπάρχων
1297 344 1416 396 κατὰ
1443 346 1604 411 φύσιν,
1630 345 1707 395 ἵνα

121 428 186 493 μὴ
222 431 305 492 τῆς
343 428 566 480 ἀνωτάτω
603 433 776 480 πασῶν
814 428 978 481 οὐσίας
1017 426 1324 493 κατηγόρημα
1362 430 1527 488 νοοῖτο,
1560 424 1615 476 τὸ
1652 426 1710 495 ἐξ

121 510 322 574 ἀμαθίας
347 514 443 561 τῶν
467 512 706 576 αἱρετικῶν
732 508 971 574 ἐπινοηθὲν
996 508 1236 575 ῥημάτιον.

81 607 104 647 5
195 610 327 640 ΑΛΛο.
379 595 439 642 Εῑ
486 590 600 645 Υἱὸς
659 590 780 642 κατὰ
838 590 988 659 φύσιν
1040 589 1263 658 ὑπάρχων
1312 594 1397 640 τοῦ
1447 593 1572 640 Θεοῦ
1631 592 1707 641 καὶ

123 671 314 738 Πατρὸς
347 673 372 723 ὃ
409 672 467 741 ἐξ
499 673 640 723 αὐτοῦ
666 671 823 738 Λόγος
853 672 1063 722 ἐλάττων
1088 673 1218 722 ἐστὶν
1245 672 1400 734 αὐτοῦ,
1424 670 1454 735 ἢ
1481 669 1600 722 κατὰ
1624 670 1709 722 τὸν

121 756 203 817 τῆς
241 758 523 820 θεοπρεποῦς
560 754 695 823 ἀξίας
739 752 901 819 λόγον,
940 752 969 818 ἢ
1011 755 1074 806 ὡς
1113 751 1232 803 κατὰ
1275 752 1426 820 φύσιν
1463 753 1546 803 οὐκ
1587 752 1708 820 ἔχων

120 833 514 902 ἀπαραλλάκτως,
548 834 577 900 ἢ
616 834 736 886 κατά
773 858 817 886 τι
855 840 972 901 γοῦν
1005 839 1100 885 τῶν
1133 835 1182 884 ἐν
1215 837 1309 887 τοῖς
1347 832 1707 897 μειονεκτήμασι
1725 857 1747 885 e

51 971 60 980 β
120 916 322 982 τρόπων,
349 917 432 967 οὐκ
467 917 609 968 αὐτοῦ
644 922 875 968 τοσοῦτον
905 916 1039 967 ἔσται
1073 914 1126 966 τὸ
1162 915 1467 980 κατηγόρημα
1501 920 1706 978 μᾶλλον,

57 1019 104 1046 10
122 996 239 1048 ὅσον
278 1001 361 1062 τῆς
404 998 568 1052 οὐσίας
611 997 667 1067 ἐξ
707 998 761 1062 ἧς
805 995 920 1048 εἶναι
960 997 1279 1059 πεπίστευται,
1319 996 1446 1062 ε’ίπερ
1486 996 1609 1049 ὅλως
1652 995 1707 1047 τὸ

121 1076 334 1141 ἔλαττον,
370 1078 469 1143 ἤτοι
509 1078 563 1130 τὸ
601 1084 770 1146 χεῖρον,
804 1081 867 1133 ὡς
905 1077 1021 1145 πρὸς
1062 1076 1208 1141 αὐτὴν
1238 1079 1552 1142 ἀπογεννῶσα
1591 1077 1702 1145 φαί-

0 1101 5 1126 Ε

0 1127 5 1283 Ι
121 1181 257 1222 νεται,
303 1161 451 1211 καίτοι
501 1163 584 1224 τῆς
637 1163 835 1225 γενητῆς
889 1161 965 1211 καὶ
1016 1159 1328 1224 πεποιημένης
1377 1159 1573 1211 κτίσεως
1625 1159 1708 1209 οὐκ

0 1285 4 1306 ,
120 1240 400 1308 ἀνεχομένης
443 1246 581 1292 τοῦτο
624 1245 805 1293 παθεῖν.
882 1242 1023 1292 τίκτει
1074 1240 1168 1307 γὰρ
1218 1241 1407 1294 πάντως
1450 1239 1504 1291 τὸ
1547 1239 1708 1303 ὅμοιον

0 1307 4 1427 Ι
120 1323 268 1391 ἑαυτῷ
292 1326 388 1373 πᾶν
418 1321 533 1388 ὅπερ
563 1324 665 1373 ἐστὶ
700 1322 1009 1389 καρπογόνον.
1061 1326 1100 1373 εἰ
1129 1321 1177 1373 δὲ
1203 1322 1299 1373 ἇίνω
1323 1321 1499 1376 παντὸς
1525 1326 1708 1372 κεῖσθαι

0 1430 3 1459 ι
54 1416 101 1455 15
120 1402 298 1456 πάθους
334 1403 420 1467 τὴν
455 1404 582 1454 θείαν
616 1409 698 1454 τοῦ
735 1402 927 1470 Πατρὸς
964 1405 1123 1470 ἐροῦσι
1159 1402 1322 1471 φύσιν,
1359 1402 1450 1471 ἔξω
1489 1403 1708 1467 δηλονότι

120 1487 197 1535 καὶ
240 1488 323 1549 τῆς
366 1487 440 1536 ἐπὶ
484 1490 623 1536 τοῦτο
665 1486 947 1551 κατηγορίας
991 1486 1206 1546 κείσεται,
1248 1487 1311 1538 ὡς
1355 1484 1403 1535 δὲ
1447 1484 1707 1551 ἀρχέτυπος

122 1567 245 1618 οὖσα
287 1571 382 1617 τῶν
422 1567 470 1617 ἐν
510 1566 620 1630 ἡμῖν
658 1567 867 1631 ἀγαθῶν,
911 1566 994 1617 οὐκ
1037 1564 1267 1616 ἐλάττονα
1309 1564 1392 1616 τὸν
1430 1565 1548 1616 Υὶὸν
1589 1567 1747 1616 ἀπο-α
1803 1578 1855 1612 27
1877 1576 1928 1609 A.-

119 1647 314 1716 τέξεται,
341 1646 451 1697 ἀλλ’
480 1647 588 1697 ’ίσον
613 1670 663 1698 τε
697 1648 773 1698 καὶ
808 1647 1074 1710 ὁμοούσιον,
1100 1647 1175 1697 ἵνα
1209 1645 1275 1711 μὴ
1311 1648 1386 1697 καὶ
1420 1647 1552 1710 ἡμῶν
1582 1648 1703 1697 ἀπο-

120 1729 411 1793 λιμπάνηται
438 1727 559 1782 Θεὸς
584 1728 609 1778 ὃ
636 1733 868 1780 τοσοῦτον
893 1726 1009 1795 ὑπὲρ
1033 1728 1169 1792 ἡμᾶς.

52 1921 102 1947 20
482 1906 615 1950 ’Άλλο
647 1910 710 1950 διὰ
741 1911 809 1960 τῆς
840 1911 894 1952 εἷς
924 1909 1072 1950 ἄτοπον
1103 1910 1327 1962 ἀπαγωγῆς.

183 2025 323 2077 Ἴσον
361 2025 526 2078 ἑαυτὸν
563 2028 860 2079 ἐπιδεικνύων
894 2031 961 2097 τῷ
999 2031 1108 2097 Θεῷ
1146 2029 1222 2079 καὶ
1262 2029 1418 2093 Πατρὶ
1457 2027 1584 2094 φησί
1617 2047 1709 2077 που

118 2106 331 2174 Χριστὸς
373 2107 491 2175 πρὸς
541 2108 648 2162 τοῦς
699 2110 890 2163 οἰκείους
940 2108 1153 2173 μαθητάς
1199 2110 1307 2159 “‘O
1350 2107 1564 2175 ἑωρακὼς
1615 2107 1705 2172 ἐμὲ,
1765 2111 1869 2196 ,Ῑζῐιξΐὸὸ

118 2195 147 2218 “
173 2190 345 2256 ἑώρακε
383 2189 466 2241 τὸν
506 2189 745 2258 Πατέρα.”
798 2189 897 2242 εἶτα
933 2196 1034 2244 πῶς
1075 2192 1099 2242 ὁ
1137 2189 1257 2242 κατὰ
1296 2189 1447 2259 φύσιν
1484 2195 1706 2253 τοιοῦτος,
1824 2180 1830 2188 .
1874 2180 1880 2186 ι

118 2271 239 2321 οὕτω
289 2294 340 2323 τε
389 2271 615 2340 ὑπάρχων
666 2274 728 2326 ὡς
778 2272 918 2327 αὐτὸς
968 2272 1213 2337 ἀληθεύων
1264 2270 1607 2339 διισχυρίζεται,
1651 2270 1705 2321 τὸ

52 2362 100 2402 25
119 2349 318 2403 ἐ’λαττον
357 2353 450 2422 ἕξει
488 2353 608 2404 κατὰ
645 2353 731 2418 τὴν
772 2359 910 2405 τινῶν
946 2354 1208 2416 ἀβουλίαν;
1267 2358 1304 2404 εὶ
1347 2352 1441 2419 γὰρ
1483 2352 1706 2419 ὑπάρχων
1721 2359 1748 2400 b

116 2431 327 2484 ἐλάττων
365 2436 413 2485 ἐν
451 2436 599 2504 ἑαυτῷ
638 2435 827 2486 δεικνύει
864 2435 946 2487 τὸν
988 2437 1193 2501 Πατέρα,
1232 2437 1457 2499 μηδεμιᾶς
1494 2441 1706 2497 μεσολα-

116 2513 299 2579 βούσης
341 2519 675 2582 παραλλαγῆς,
714 2518 789 2568 ἐπὶ
830 2516 914 2568 τὸν
954 2516 1150 2583 Πατέρα
1187 2517 1241 2568 τὸ
1280 2515 1481 2567 ’ἐλαττον
1518 2513 1700 2578 ἀναβή-

117 2617 265 2660 σεται,
293 2598 356 2651 ὡς
385 2598 435 2648 ἐν
460 2597 789 2669 ἀμεταποιήτῳ
825 2598 1108 2667 φαινόμενον
1133 2597 1272 2650 εἰκόνι
1305 2602 1372 2666 τῷ
1396 2599 1514 2666 Υἱῲ.
1572 2595 1705 2646 ἀλλὰ

169 2771 199 2795 1.
218 2759 278 2805 ἀφ’
299 2761 419 2795 ἑαυτοῦ
437 2760 480 2795 Β.
576 2772 610 2807 3.
628 2762 739 2796 νοοῖτο
758 2760 800 2797 Β.
819 2762 932 2806 νοῆται
950 2761 1018 2796 Ed.
1114 2762 1147 2796 8.
1166 2760 1214 2807 τι]
1234 2761 1307 2794 τίνα
1325 2759 1367 2794 Β.
1463 2771 1497 2805 9.
1515 2760 1641 2804 τρόπον
1660 2759 1703 2794 Β.

121 2817 175 2842 11.
199 2806 302 2850 αὐτὴν
320 2807 459 2842 Β.1).Ε.
476 2807 578 2842 αὐτὸν
595 2807 662 2843 Ed.
829 2819 883 2843 12.
908 2809 1050 2844 κτίσεως
1067 2813 1288 2853 assumptum
1306 2819 1347 2841 ex
1366 2806 1409 2841 Β.
1572 2806 1624 2841 16.
1650 2807 1705 2840 καὶ

118 2854 176 2897 τῆς
193 2853 248 2887 ἐπὶ
264 2852 381 2898 τοῦτο]
401 2857 467 2888 τῶν
483 2854 519 2888 ἐν
534 2854 612 2898 ἡμῖν
627 2854 763 2900 ἀγαθῶν
780 2855 834 2889 καὶ
850 2856 908 2899 τῆς
926 2855 981 2889 ἐπὶ
998 2853 1105 2900 τούτῳ
1124 2855 1165 2888 E.
1321 2863 1376 2887 21.
1402 2853 1494 2897 φησί
1509 2867 1574 2888 που
1593 2852 1702 2887 Euth.

120 2899 187 2934 Ed.
206 2900 324 2944 φησι)ν
342 2900 423 2943 (Sic)
440 2914 506 2934 που
523 2902 632 2945 φησιν
649 2903 667 2935 ὁ
687 2901 728 2935 Β.
837 2912 892 2936 22.
919 2900 1075 2946 οἰκείους]
1095 2900 1210 2946 ἁγίους
1230 2900 1272 2934 Β.
1337 2914 1378 2943 με
1398 2900 1439 2935 B.
1549 2910 1603 2943 23.
1630 2904 1702 2933 Ha-

119 2945 199 2989 τέρα
218 2946 259 2980 Β.
278 2946 387 2982 Euth.
406 2947 542 2991 Πατέρα
558 2962 622 2991 μου
641 2947 708 2982 Ed.
728 2953 766 2982 ut
785 2960 890 2994 supra
911 2948 952 2982 16
969 2948 1043 2983 init.

176 3012 268 3041 VOL.
292 3013 321 3041 I.
903 3015 929 3042 G
