2021 3296
687 780 1006 829 ΚΕΦΑΛΗ
1059 781 1123 827 Δ.

115 959 223 1014 Πρὸς
256 961 344 1004 τοὺς
379 964 605 1013 τολμῶντας
643 960 790 1014 λέγειν,
827 961 885 1001 ὅτι
926 961 1055 1013 ἕτερός
1095 960 1205 1001 ἐστιν
1240 961 1261 1000 ὁ
1301 960 1517 1003 ἐνδιάθετός
1556 977 1599 1002 τε
1639 961 1701 1002 καὶ

170 1034 338 1087 φυσικὸς
373 1035 417 1076 ἐν
448 1035 540 1089 Θεῷ
579 1034 641 1075 καὶ
672 1034 798 1086 Πατρὶ
828 1035 969 1086 Λόγος,
1002 1034 1065 1074 καὶ
1098 1033 1229 1085 ἕτερος
1266 1034 1286 1073 ὁ
1321 1036 1426 1086 παρὰ
1461 1038 1545 1076 ταῖς
1580 1035 1740 1079 θείαιςο

170 1112 343 1160 γραφαῖς
381 1108 598 1161 λεγόμενος
632 1107 739 1150 Ύῑός·
802 1107 887 1149 ἔστι
927 1108 970 1148 δὲ
1010 1110 1087 1148 τῶν
1123 1107 1211 1160 περὶ
1252 1106 1449 1158 Εὐνόμιον
1483 1107 1507 1159 ἡ
1546 1107 1701 1158 τοιαύτη

71 1186 94 1225 5
172 1180 388 1230 κακοδοξία.

469 1294 606 1338 Οὗτος
644 1294 694 1338 ἦν
731 1297 775 1338 ὲν
811 1296 919 1355 ἀρχῷ
959 1296 1067 1353 Πρὸς
1104 1295 1177 1338 τὸν
1215 1295 1339 1340 Θεόν.
1723 1319 1742 1343 2

187 1440 827 1493 ἈΝΑΚΕΦΑΛΑΙΩΣΙΝ
855 1440 942 1506 μὲν
967 1440 1133 1508 ὥσπερ
1163 1441 1266 1492 τινὰ
1297 1446 1391 1493 τῶν
1416 1442 1505 1506 ἠδη
1539 1464 1701 1508 προει-

114 1523 328 1589 ρημένων
352 1524 400 1574 ἐν
424 1522 605 1577 τούτοις
631 1524 656 1574 ὃ
683 1523 1043 1589 Εὐαγγελιστὴς
1069 1523 1342 1587 ἐποιήσατο.
1396 1525 1622 1589 προσθεις
1657 1522 1707 1574 δὲ

115 1603 169 1655 τό
205 1602 338 1668 οὗτος,
370 1606 620 1672 μονονουχὶ
661 1604 846 1670 βοήσας
885 1606 1048 1672 ὁρᾶται
1074 1605 1137 1656 ‘O
1173 1605 1238 1655 ὧν
1271 1606 1319 1656 ἐν
1349 1606 1486 1672 ἀρχῇ,
1514 1606 1539 1655 ὁ
1577 1604 1706 1671 παρὰ

49 1709 98 1734 10
116 1690 183 1755 τῷ
217 1688 373 1752 Πατρὶ
401 1685 570 1752 Λόγος,
598 1686 623 1737 ὃ
662 1686 887 1754 ὑπάρχων
914 1686 1036 1740 Θεὸς
1069 1688 1120 1737 ἐκ
1152 1690 1297 1749 Θεοῦ,
1327 1684 1460 1739 οὗτός
1495 1686 1598 1737 ἐστι
1630 1687 1706 1737 καὶ
1726 1694 1755 1736 d

115 1769 202 1834 οὐχ
240 1766 406 1833 ἕτερος,
437 1770 544 1834 περὶ
582 1767 636 1818 οὗ
674 1766 728 1818 τὸ
766 1767 945 1831 σεμνὸν
977 1768 1088 1831 ἡμῖν
1117 1766 1357 1834 πρόκειται
1391 1766 1703 1834 σύγγραμμα.

114 1848 229 1899 ἔοικε
263 1847 311 1898 δὲ
345 1846 493 1899 πάλιν
518 1849 572 1899 οὐ
605 1847 759 1913 μάτην
782 1853 880 1902 τοῖς
914 1848 1166 1915 εἰρημένοις
1197 1850 1459 1914 ἐπενεγκεῖν
1483 1847 1537 1900 τό
1564 1847 1708 1904 Οὗτος

115 1925 157 1989 ἧν
183 1929 221 1980 ἐν
246 1930 364 2000 ἀρχῇ
397 1927 503 1998 πρὶς
537 1929 605 1981 τὶν
629 1931 752 1981 Θεὸν.
815 1931 878 1983 ὡς
912 1928 1007 1996 γὰρ
1030 1928 1132 1981 7ὑπὸ
1167 1929 1293 1981 θείου
1329 1930 1608 1994 Πνεύματος
1643 1934 1707 1985 εἰς

114 2008 200 2074 τὴν
233 2014 328 2061 τῶν
362 2008 600 2073 ἐσομένων
633 2014 817 2076 γνῶσιν
852 2010 1289 2078 φωταγωγούμενος
1327 2012 1410 2062 οὐκ
1448 2010 1702 2077 ἠγνόησεν,

50 2107 97 2146 15
115 2089 177 2145 ὥς
213 2114 269 2158 γε
305 2114 386 2155 μοι
424 2094 560 2155 δοκεῖ,
592 2093 668 2143 καὶ
707 2094 769 2146 ὡς
808 2091 939 2143 ἔστιν
973 2096 1113 2143 εἰπεῖν
1144 2091 1476 2157 ἀληθεύοντας,
1507 2092 1579 2144 ὅτι
1615 2115 1706 2160 περ

115 2173 470 2242 ἀναφανοῦνταί
509 2195 629 2227 τινες
673 2174 910 2227 ἀπωλείας
955 2173 1163 2240 ἐργάται,
1205 2173 1433 2236 διαβόλου
1479 2174 1705 2241 θήρατρα,

116 2254 321 2307 θανάτου
354 2254 549 2320 παγίδες
584 2257 647 2308 εἰς
682 2259 848 2318 ταμεῖα
883 2255 1234 2325 καταφέρουσαι
1269 2258 1346 2307 καὶ
1378 2260 1441 2310 εἷς
1475 2256 1704 2323 πέταυρον
1724 2279 1745 2306 e
1767 2250 1929 2333 ἓξὲξ·

117 2337 231 2406 ᾅδου
266 2335 374 2391 τοὺς
407 2336 464 2405 ἐξ
495 2337 696 2399 ἀμαθίας
729 2335 1054 2404 προσέχοντας
1087 2336 1154 2391 οἷς
1186 2337 1244 2389 ἂν
1268 2339 1318 2388 ἐκ
1350 2339 1541 2405 καρδίας
1573 2338 1700 2404 ἐρεύ-
1767 2337 1811 2369 ix.
1832 2337 1881 2368 ¹8·

116 2441 292 2485 γωνται
340 2421 564 2483 πονηρᾶς.
637 2416 950 2480 ἐνστήσονται
1002 2418 1051 2468 δὲ
1101 2420 1176 2469 καὶ
1227 2418 1347 2470 κατὰ
1396 2422 1478 2483 τῆς
1529 2419 1706 2469 ἑαυτῶν

51 2520 101 2546 20
118 2502 411 2565 ἀνδριοῦνται
448 2501 661 2566 κεφαλῆς
698 2498 930 2564 λέγοντες,
967 2499 1123 2566 ἕτερον
1160 2499 1245 2564 μὲν
1283 2498 1397 2551 εἶναι
1434 2500 1517 2551 τὸν
1554 2500 1704 2550 ἐνδιά-

119 2585 255 2633 θετον
288 2582 337 2631 ἐν
369 2583 436 2649 τῷ
469 2583 579 2648 Θεῷ
617 2582 692 2630 καὶ
729 2582 885 2646 Πατρὶ
911 2579 1087 2647 Λόγον,
1114 2580 1269 2648 ἕτερον
1299 2581 1356 2631 δέ
1386 2604 1490 2632 τινα
1527 2583 1602 2632 καὶ
1641 2585 1708 2651 τῷ

118 2660 363 2730 ἐνδιαθέτερ
389 2661 499 2712 λίαν
522 2659 874 2729 ἐμφερέστατον
897 2684 947 2713 τε
975 2664 1049 2713 καὶ
1082 2661 1358 2726 ὁμοιότατον
1382 2662 1465 2713 τὸν
1488 2661 1607 2714 Υἱὸν
1632 2665 1707 2714 καὶ

169 2806 201 2829 2.
227 2809 263 2828 τε
281 2800 503 2839 assumptum
520 2806 563 2829 ex
582 2794 623 2829 B.
628 2795 674 2829 D.
813 2806 867 2831 10.
893 2797 911 2830 ὁ
928 2807 998 2831 om.
1017 2796 1154 2842 Migne.
1288 2807 1343 2830 12.
1369 2795 1575 2842 ἐπενεγκεῖν]
1594 2811 1706 2840 προσ-

120 2842 189 2877 θεὶς
206 2841 315 2875 Euth.
535 2850 589 2886 15.
613 2842 688 2885 ἔμοι
704 2856 744 2886 γε
761 2841 871 2877 Euth.
1093 2852 1159 2887 17-
1162 2853 1217 2877 20.
1244 2842 1490 2887 εἷς-κεφαλῆς
1506 2854 1576 2877 om.
1596 2843 1706 2878 Euth.

125 2898 178 2932 17.
204 2889 335 2931 ταμιεῖα
354 2886 396 2921 Ε.
589 2888 642 2922 18.
669 2887 870 2933 ἐρεύγωνται
887 2889 1020 2923 correxi
1037 2900 1078 2923 ex
1098 2889 1144 2923 D.
1149 2889 1191 2923 Ε.
1210 2889 1269 2933 qui
1287 2888 1511 2934 ἐρρεύγωνται
1528 2889 1706 2925 exhibent.

121 2933 312 2978 ἐρεύγονται
332 2932 398 2967 Ed.
523 2944 576 2977 19.
600 2934 710 2968 αὐτῶν
729 2934 771 2968 Β.
892 2946 948 2970 21.
974 2938 1020 2980 τῷ
1038 2942 1071 2970 et
1089 2936 1142 2970 καὶ
1160 2935 1256 2980 prius
1274 2942 1456 2981 assumpta
1472 2947 1515 2971 ex
1534 2935 1577 2971 Β.
1596 2936 1706 2972 Euth.

122 2981 173 3014 καὶ
191 2981 344 3025 τῷ--τὸν
361 2979 458 3025 Υἶὸν]
477 2980 534 3014 τὸν
550 2981 725 3025 τῷ-Υἱὸν
744 2980 852 3016 Euth.
