2084 3317
139 147 194 189 iii.
215 163 281 204 34.
370 150 442 190 IN
487 150 528 190 S.
563 149 898 190 JOANNEM.
961 149 1085 189 LIB.
1119 148 1179 189 II.
1242 148 1376 188 CAP.
1411 147 1496 188 III.
1645 147 1727 186 253

453 279 512 321 Οὐ
552 280 629 336 Γάρ
667 280 713 321 ὲκ
752 280 907 336 μέτρου
945 279 1096 320 δίδωσι
1132 279 1180 320 τὸ
1218 278 1406 325 Πνεῦμα.

210 398 405 466 Ὀξεῖαν
432 398 640 466 ὑπόσχες
673 401 772 449 νυνὶ
809 397 866 462 δὴ
901 397 1118 461 μάλιστα
1153 396 1239 461 τὴν
1266 394 1425 460 ἀκοὴν,
1454 392 1490 445 ὦ
1525 398 1724 460 γενναῖε,

137 480 212 531 ἵνα
238 479 294 544 δὴ
325 479 474 532 πάλιν
501 481 610 545 ἡμῖν
636 479 990 544 συνθαυμάσεις
1023 483 1118 530 τῶν
1144 479 1291 545 ἁγίων
1318 477 1403 543 τὴν
1431 479 1594 542 νῆψιν·
1636 475 1728 542 ε”φη

138 563 294 613 τοίνυν
319 563 402 614 τὸν
423 562 541 614 Υἱὸν
568 565 643 614 καὶ
669 560 972 614 ἀπεστάλθαι
996 560 1126 627 παρὰ
1153 565 1278 612 Θεοῦ
1305 562 1380 610 καὶ
1407 557 1466 609 τὰ
1493 563 1576 609 τοῦ
1604 561 1730 608 Θεοῦ

98 657 119 695 5
138 644 325 711 ῥήματα
359 649 541 695 λαλεῖν·
595 645 705 695 ἀλλ’
736 643 1081 696 ὑπαισθάνεταί
1110 666 1225 705 πως,
1253 643 1371 693 ὅσον
1404 641 1513 706 ἧκεν
1547 644 1610 694 εἷς
1645 638 1730 703 τὴν

138 724 390 794 πρόχειρον
418 733 500 778 τοῦ
534 725 684 792 λόγου
720 726 932 789 δύναμιν,
957 723 1255 794 προφητικὸν
1282 725 1408 793 αὐτῷ
1441 723 1641 789 περιθεὶς
1675 720 1729 771 τὸ

138 809 323 874 με’τρον,
375 808 540 876 ὥσπερ
591 810 674 860 οὖν
724 809 798 860 καὶ
850 806 1204 872 διελαλήσαμεν
1256 806 1438 871 ἀρτίως.
1508 802 1730 872 ἀναφέρει

1793 799 1902 839 Supra.

1797 852 1808 873 1
1816 842 1856 873 68
1868 843 1901 875 d.

138 891 294 942 τοίνυν
322 890 464 941 αὑτὸν
490 894 573 955 τῆς
597 889 716 958 πρὸς
752 890 948 944 ἐκείνους
983 888 1201 953 ἰσότητος
1238 888 1313 939 διὰ
1351 886 1544 949 τούτων,
1571 887 1646 936 καὶ
1674 888 1728 936 δι’
1750 886 1778 927 d

139 970 238 1027 ἑνὸς
264 971 321 1037 δὴ
345 972 513 1024 τούτου
538 973 738 1037 σημείου
764 973 931 1024 δίδωσι
957 976 1091 1034 νοεῖν,
1118 973 1180 1026 ὡς
1210 969 1374 1034 πολλὴ
1410 967 1467 1032 δή
1502 990 1571 1021 τις
1605 969 1728 1029 ἐστὶ,

73 1072 120 1098 10
139 1059 329 1118 μᾶλλον
357 1055 404 1106 δὲ
438 1054 526 1120 ἤδη
562 1056 637 1106 καὶ
672 1054 961 1121 ἀσύγκριτος
997 1054 1024 1118 ἡ
1061 1051 1283 1123 διαφορά·
1340 1050 1585 1118 ἀμήχανον
1618 1048 1729 1115 γὰρ,

141 1139 279 1205 φησὶ,
319 1134 425 1191 τοῦς
469 1137 819 1204 μεμετρημένον
861 1134 1099 1204 λαχόντας
1144 1135 1191 1186 τὶ
1234 1135 1430 1202 Πνεῦμα,
1470 1134 1546 1184 καὶ
1590 1131 1732 1201 ἑτέρῳ

141 1219 373 1271 δύνασθαι
407 1225 547 1271 τοῦτο
584 1218 875 1287 χαρίζεσθαι·
920 1219 972 1269 οὐ
1000 1217 1093 1284 γὰρ
1120 1215 1253 1283 ἅγιος
1280 1217 1398 1286 ἁγίῳ
1430 1213 1544 1267 ποτὲ
1573 1213 1727 1265 Πνεύ-
1783 1224 1787 1226 ”

141 1325 288 1366 ματος
311 1303 479 1367 (Αγίου
511 1301 673 1369 γε’γονε
700 1300 920 1370 χορηγός·
977 1304 1172 1368 χορηγεῖ
1205 1299 1253 1350 δὲ
1288 1303 1437 1350 πᾶσιν
1464 1300 1489 1348 ὁ
1515 1296 1642 1359 Υἱὸς,
1671 1298 1733 1350 ὡς

141 1384 198 1453 ἐξ
240 1384 356 1435 ἰδίου
397 1384 731 1451 πληρώματος.
795 1385 960 1435 οὐκοῦν
1001 1387 1077 1435 οὐκ
1119 1383 1169 1434 ἐκ
1212 1380 1365 1450 μέτρου
1405 1376 1589 1442 δίδωσιν,
1628 1377 1733 1429 οὐδὲ

75 1478 121 1516 15
142 1465 305 1532 ὥσπερ
344 1467 519 1528 ἐκεῖνοι,
550 1464 720 1530 μικράν
751 1489 855 1516 τινα
890 1470 1058 1531 μοῖραν
1090 1464 1182 1532 ε”χει
1217 1468 1300 1515 τοῦ
1334 1460 1624 1525 Πνεύματος,
1658 1462 1732 1511 καὶ
1752 1480 1773 1507 e

141 1553 282 1599 τοῦτο
316 1553 643 1612 μεταληπτῶς·
690 1549 802 1599 ἀλλ’
835 1548 1081 1614 ἐπειδήπερ
1119 1546 1362 1613 ἀνεδείχθη
1402 1546 1477 1595 καὶ
1515 1541 1733 1612 χορηγὸς,

141 1633 286 1695 δῆλος
311 1629 370 1681 ἀν
389 1630 456 1695 εἰἠ
484 1630 719 1695 δήπουθεν
742 1630 858 1682 ὅλον
879 1630 1000 1698 ἔχων
1020 1630 1264 1683 οὐσιωδῶς
1290 1629 1339 1679 ἐν
1359 1628 1522 1696 ἑαυτῷ.
1569 1627 1736 1676 οὐκοῦν

141 1713 166 1762 ὁ
192 1713 433 1776 τοσαύτην
458 1713 579 1781 ε”χων
603 1712 722 1779 πρὸς
747 1713 944 1765 ἐκείνους
973 1711 1059 1776 τὴν
1086 1707 1334 1778 ὑπεροχὴν,
1362 1709 1449 1776 οὐχ
1486 1710 1548 1761 ὡς
1584 1706 1646 1761 εἷς
1682 1707 1740 1776 ἐξ

141 1794 325 1845 ἐκείνων
359 1794 566 1858 λαλήσει
599 1794 658 1846 τὰ
691 1793 822 1861 παρὰ
859 1798 998 1856 Θεοῦ,
1026 1793 1137 1843 ἀλλ’
1166 1794 1229 1846 ὡς
1263 1789 1384 1844 Θεὸς
1423 1789 1649 1858 ὑπάρχων
1683 1790 1734 1840 ἐκ

76 1892 126 1917 20
143 1880 282 1939 Θεοῦ,
307 1877 414 1930 τοῦς
439 1880 547 1946 Θεῷ
573 1877 839 1942 πρέποντας
865 1874 1159 1944 ἀνερεύξεται
1187 1871 1377 1939 λόγους.

215 1957 556 2010 Ἀντικείσεται
591 1958 639 2010 δὲ
673 1963 770 2013 τοῖς
805 1957 1069 2024 εἰρημένους
1106 1957 1334 2019 οὐδαμῶς,
1366 1954 1421 2006 τὸ
1457 1954 1532 2005 διὰ
1569 1958 1736 2022 χειρῶν

141 2043 475 2093 ἀποστολικῶν
501 2041 724 2093 δεδόσθαι
750 2040 804 2092 τὸ
832 2038 1027 2103 Πνεῦμά
1053 2062 1180 2090 τισιν
1207 2038 1387 2089 οἴεσθαι
1416 2036 1560 2091 τινάς·
1597 2060 1736 2089 πνευ-

142 2123 499 2190 ματοκλήτορας
526 2122 621 2190 γὰρ
646 2123 765 2189 η’περ
791 2122 936 2176 ὅντως
968 2127 1051 2174 τοῦ
1079 2119 1358 2185 Πνεύματος
1389 2118 1623 2187 χορηγοὺς
1654 2124 1738 2171 τοῦ

141 2205 311 2271 Ἀγίου
337 2203 451 2256 εἶναι
477 2205 820 2270 πιστεύσομεν·
862 2206 959 2257 ἐπεὶ
987 2206 1062 2255 καὶ
1091 2206 1310 2267 Μωυσῆς
1336 2203 1361 2253 ὁ
1388 2201 1628 2268 μακάριος,
1655 2202 1738 2253 οὐκ

78 2302 128 2342 25
145 2286 283 2341 αὐτὸς
309 2288 504 2355 ἀφεῖλεν
529 2285 623 2339 ἀπὸ
650 2293 733 2339 τοῦ
759 2286 893 2341 ὄντος
919 2287 988 2338 ἐπ’
1016 2286 1142 2355 αὐτῷ
1166 2285 1433 2348 πνεύματος
1464 2283 1733 2351 προσετάτ-

143 2393 263 2433 τετο,
302 2370 423 2438 μόνῃ
462 2368 509 2420 δὲ
546 2375 605 2438 τῇ
643 2371 735 2440 ἰδίᾳ
774 2368 1022 2436 τετήρηκεν
1060 2368 1256 2437 ἐξουσίᾳ
1298 2368 1374 2417 καὶ
1420 2371 1560 2417 τοῦτο
1601 2365 1739 2429 Θεὸς,

144 2455 313 2520 χρῆναι
351 2451 436 2515 μὲν
470 2451 612 2504 αὐτον
645 2452 1020 2518 προσβαλεσθαι
1058 2473 1167 2504 τους
1206 2447 1530 2513 ἑβδομήκοντα
1568 2446 1738 2516 λέγων,

145 2536 342 2603 ἀφελεῖν
376 2533 424 2585 δὲ
461 2533 555 2585 ἀπο
589 2540 674 2586 τοῦ
709 2535 973 2598 πνεύματος
1008 2538 1092 2584 τοῦ
1126 2532 1196 2583 ἐπ’
1224 2532 1363 2600 αὐτῶ,
1390 2553 1464 2581 και
1499 2530 1741 2594 ἐπιθήσειν

145 2617 217 2668 ἐπ’
245 2617 399 2670 αὐτοῖς
427 2616 816 2684 ὑπισχνούμενος.
872 2613 970 2683 ᾐδει
1005 2613 1098 2681 γὰρ
1134 2614 1263 2683 μόνω
1298 2634 1490 2678 πρεπειν
1513 2613 1741 2663 ἐπιτελεῖν

80 2728 130 2764 30
147 2703 214 2770 τῷ
241 2702 349 2768 Θεῷ
375 2697 434 2749 τὰ
460 2701 712 2765 θεοπρεπῆ.

197 2843 229 2868 2.
257 2834 314 2867 νῦν
333 2832 374 2866 Β.
440 2830 466 2865 ὦ
486 2831 577 2865 Β.[).
597 2831 732 2876 Migne.
750 2833 768 2865 ὁ
788 2830 854 2866 Ed.
1025 2844 1058 2873 4.
1085 2831 1196 2864 τοίνυν
1213 2834 1437 2874 assumptum
1456 2840 1497 2862 ex
1519 2827 1562 2861 B.
1614 2827 1740 2862 Statim

149 2881 207 2915 τὸν
224 2891 295 2914 orn.
316 2879 357 2913 B.
422 2876 529 2923 παρὰ]
554 2882 589 2918 4-
612 2880 672 2911 τοῦ
692 2878 757 2912 Ed.
775 2878 885 2912 invito
906 2878 947 2912 B.
1076 2886 1110 2922 5.
1136 2877 1235 2910 λαλεῖ
1256 2876 1300 2909 D.
1431 2886 1464 2919 9.
1491 2874 1531 2917 δὴ
1550 2880 1741 2932 utrumque

149 2939 220 2961 om.
242 2926 284 2960 B.
526 2935 578 2958 11.
603 2924 787 2971 λαχόντας]
808 2927 977 2965 λαβόντας
997 2924 1038 2958 Β.
1281 2921 1333 2956 16.
1361 2920 1559 2966 ἐπειδήπερ]
1580 2919 1674 2966 εἴπερ
1695 2921 1739 2956 Β.

152 2983 207 3019 25.
233 2973 377 3019 ἀφεῖλεν
396 2972 437 3006 Β.
455 2971 598 3017 ἀφελεῖν
616 2971 683 3006 Ed.
815 2981 870 3018 27.
895 2970 1161 3016 προβάλλεσθαι
1182 2969 1223 3004 Β.
1359 2979 1416 3014 29.
1443 2967 1494 3003 ἐπ’
1513 2980 1584 3003 om.
1604 2968 1647 3003 B.

1799 1965 1888 1994 Acta
1905 1964 1961 1995 SS.

1798 2008 1827 2038 A
1835 2018 1866 2048 p.
1878 2008 1946 2040 viii.

1804 2060 1816 2082 1
1823 2052 1853 2082 8.

1757 2225 1779 2248 a
1811 2216 1892 2251 170
1910 2214 1962 2249 A.

1802 2290 1905 2321 Num.
1919 2291 1964 2322 xi.

1806 2341 1856 2374 17.
