2084 3317
334 187 418 226 356
737 188 787 229 B.
822 189 1101 231 CYRILLI
1143 191 1525 232 ALEXANDR.
1792 200 1919 243 v.30.

288 297 314 342 b
410 295 496 348 Τίς
535 296 616 346 οὖν
655 297 679 347 ὁ
718 300 800 360 τῆς
840 301 1087 363 διασκευῆς
1126 303 1206 363 τῆς
1245 302 1293 351 ἐν
1331 300 1481 370 τούτῳ
1521 297 1706 366 τρόπος,
1747 296 1774 362 ἢ
1822 301 1923 350 πῶς

334 375 499 428 ἑαυτὸν
529 376 615 441 μὲν
651 379 829 445 εἰσάγει
868 381 1087 446 κρίνοντα
1126 382 1326 444 δικαίως,
1361 383 1557 435 ἐκείνους
1597 379 1645 432 δὲ
1684 380 1918 442 οὐδαμῶς,

335 458 570 524 εἰρήσεται
604 460 764 511 πάλιν.
818 460 1150 527 τεθεράπευκεν
1175 464 1223 513 ἐν
1249 461 1487 532 σαββάτῳ
1520 462 1603 513 τὸν
1628 460 1919 528 παράλυτον,

334 540 540 604 ἠλέησεν
565 541 815 608 ἄνθρωπον
841 542 1046 608 μακροὺς
1073 546 1120 594 ἐν
1148 543 1381 608 νοσήματι
1410 545 1769 612 κατατρίψαντα
1805 541 1919 609 χρό-

335 644 453 684 νους,
492 621 636 688 ὀρθὴν
671 622 892 687 δηλονότι
932 626 1006 675 καὶ
1046 624 1230 690 ἀγαθὴν
1264 627 1331 677 ἐπ’
1360 627 1486 695 αὐτῷ
1523 624 1609 689 τὴν
1643 626 1785 695 κρίσιν
1815 624 1918 692 ἐξε-

335 703 529 767 νεγκῶν.
584 704 671 754 ἔδει
696 704 790 770 γὰρ
817 707 1116 773 ἐποικτείρειν
1141 709 1216 758 καὶ
1248 709 1296 758 ἐν
1318 706 1557 776 σαββάτῳ
1583 705 1665 757 τὸν
1692 705 1918 769 κείμενον,

333 786 409 834 καὶ
456 790 711 836 συστεῖλαι
757 785 844 850 μὲν
888 788 971 838 τὸν
1013 787 1149 840 ἐ’λεον
1195 790 1409 851 οὐδαμῶς
1452 791 1578 839 αἰδοῖ
1616 793 1675 856 τῇ
1719 789 1823 853 περὶ
1867 786 1922 838 τὸ

334 865 602 929 σάββατον,
631 868 922 934 εἷκαιοτάτην
953 871 1286 935 ἐπιτηδεύοντα
1324 870 1410 936 τὴν
1440 870 1704 931 εὐλάβειαν.
1759 866 1922 934 ὥσπερ

294 947 381 998 οδὲ
426 949 502 998 καὶ
547 951 594 1000 ἐν
634 951 873 1021 σαββάτῳ
921 954 995 1003 καὶ
1043 954 1067 1003 ὁ
1113 953 1282 1020 Πατὴρ
1325 953 1509 1020 ἐνεργὸς
1552 954 1658 1019 περὶ
1702 950 1789 1014 τὴν
1828 955 1923 1001 τῶν

333 1032 608 1092 κτισμάτων
647 1034 914 1096 οἰκονομίαν
951 1035 1067 1098 ἐστὶ,
1107 1034 1295 1089 πάντως
1334 1035 1381 1086 δὲ
1422 1036 1475 1085 δι’
1516 1038 1648 1096 Υίοῦ,
1686 1035 1807 1084 οὕτω
1847 1034 1921 1083 καὶ

333 1112 491 1166 αὐτός·
532 1113 636 1163 οὐδὲ
675 1114 768 1180 γὰρ
806 1116 1177 1181 ἀποστερεῖσθαι
1217 1119 1309 1168 δεῖν
1343 1117 1424 1167 τὸν
1459 1117 1592 1167 ἐλέου
1626 1114 1843 1178 δεόμενον
1874 1116 1923 1164 ἐν

108 1207 260 1239 sMarc.
333 1192 574 1263 σαββάτῳ
611 1194 687 1246 διὰ
723 1195 776 1247 τὸ
812 1196 1066 1257 σάββατον
1090 1200 1371 1266 ἐδοκίμαζεν,
1398 1201 1494 1250 ἐπεὶ
1528 1198 1686 1265 κύριον
1712 1196 1810 1264 ᾔδει
1839 1202 1923 1248 τοῦ

107 1252 229 1335 ῗί).2ξᾷ.
333 1275 590 1336 σαββάτου
618 1276 699 1327 τὸν
727 1278 826 1328 υἱὸν
853 1285 934 1329 τοῦ
961 1281 1229 1346 ἀνθρώπου·
1273 1281 1377 1331 οὐδὲ
1404 1280 1496 1347 γὰρ
1524 1282 1548 1331 ὁ
1575 1280 1822 1346 ἄνθρωπος
1848 1278 1924 1329 διὰ

333 1355 387 1407 τὸ
414 1357 670 1418 σάββατον
694 1361 890 1424 ἐγένετο,
917 1360 1049 1411 ἀλλὰ
1075 1361 1130 1412 τὸ
1157 1361 1411 1423 σάββατον
1436 1361 1512 1412 διὰ
1542 1361 1625 1412 τὸν
1651 1361 1918 1428 ἄνθρωπον.

332 1439 499 1489 οὐκοῦν
520 1440 637 1506 ὀρθὴ
662 1440 747 1503 μὲν
773 1443 845 1492 ἐπὶ
873 1442 1054 1496 τούτοις
1081 1446 1156 1494 καὶ
1183 1444 1340 1509 ἀγαθὴ
1367 1449 1450 1495 τοῦ
1475 1446 1694 1509 Σωτῆρος
1720 1446 1741 1504 ἦ
1771 1444 1923 1512 κρίσις,

331 1521 385 1570 οὐ
433 1520 507 1571 διὰ
557 1521 611 1572 τὸ
661 1522 918 1584 σάββατον
961 1524 1047 1588 τὴν
1092 1527 1166 1576 ἐπὶ
1213 1529 1280 1594 τῷ
1325 1524 1513 1595 κειμένῳ
1559 1525 1924 1594 φιλανθρωπίαν

331 1602 752 1667 ἀποκωλύσαντος,
791 1607 902 1656 ἀλλ’
945 1606 1060 1671 ὅπερ
1102 1605 1225 1658 οἶδεν
1264 1610 1326 1661 ὡς
1366 1607 1486 1661 Θεὸς
1528 1610 1742 1673 ἐνεργεῖν·
1793 1606 1923 1672 πηγὴ

285 1684 425 1751 ᾱγάρ
460 1685 754 1751 ἀγαθότητος
791 1688 818 1752 ἡ
854 1689 955 1738 θεία
990 1689 1135 1758 φύσις
1170 1691 1289 1740 ἐστι’·
1334 1695 1472 1740 τοῦτο
1503 1692 1578 1740 καὶ
1609 1691 1658 1740 ἐν
1684 1688 1923 1758 σαββάτῳ

331 1766 635 1831 ποιήσαντος.
712 1770 739 1833 ἡ
786 1769 840 1820 δέ
876 1793 929 1836 γε
974 1776 1070 1821 τῶν
1115 1772 1353 1822 Ἰουδαίων
1399 1772 1552 1837 κρίσις
1602 1772 1630 1836 ἡ
1681 1773 1750 1823 ἐπ’
1798 1771 1924 1841 αὐτῷ

333 1849 641 1912 λυπουμένων
688 1850 764 1901 διὰ
814 1851 868 1902 τὸ
918 1853 1185 1916 σάββατον,
1232 1855 1307 1904 καὶ
1352 1853 1428 1905 διὰ
1477 1860 1615 1905 τοῦτο
1667 1855 1923 1922 φονώντων

335 1930 454 1981 κατὰ
491 1937 575 1982 τοῦ
614 1932 760 1996 μηδὲν
799 1933 1127 1998 ἀδικήσαντος,
1167 1941 1268 1989 πῶς
1308 1937 1364 1986 οὐ
1406 1937 1514 1986 λίαν
1553 1938 1654 1987 ἐστὶ
1699 1941 1794 1990 τοῖς
1839 1936 1923 2000 μὲν

108 2002 248 2086 {25¹7
336 2014 473 2067 θείοις
500 2012 754 2082 ἀπᾴδουσα
781 2015 951 2079 νόμοις·
993 2018 1254 2082 γέγραπται
1280 2017 1373 2083 γάρ
1399 2019 1626 2087 ““Ἀθῴον
1646 2020 1721 2069 καὶ
1747 2018 1924 2069 δίκαιον

336 2101 364 2124 “
390 2096 472 2146 οὐκ
508 2096 818 2150 άποκτενεῖς·”
859 2097 916 2166 ἐξ
946 2097 1185 2162 ὠμότητος
1223 2098 1271 2149 δὲ
1305 2104 1494 2162 μᾶλλον
1522 2102 1604 2163 τῆς
1638 2101 1717 2151 ἀπ’
1745 2101 1918 2162 αὐτῶν,

331 2179 410 2228 καὶ
436 2178 518 2228 οὐκ
545 2179 594 2229 ἐκ
619 2183 714 2229 τῶν
740 2182 873 2246 ἱερῶν
901 2182 1134 2246 ηὑρημένη
1162 2181 1454 2247 γραμμάτων
1478 2204 1489 2243 ;

409 2259 567 2326 Δέχου
604 2261 760 2312 τοίνυν
797 2263 871 2312 ἐπὶ
910 2261 1091 2315 τούτοις
1128 2264 1226 2325 μετ’
1267 2263 1519 2331 ἐμφάσεώς
1558 2286 1680 2318 τινος
1719 2263 1923 2330 λέγοντα

292 2362 314 2389 e
335 2338 416 2391 τὸν
441 2342 633 2405 Ἰησοῦν
669 2341 787 2408 πρὸς
821 2342 930 2397 τοὺς
965 2345 1037 2412 ἐφ’
1067 2343 1133 2398 οἷς
1169 2346 1397 2411 εὐεργετεῖ
1425 2347 1812 2414 χαλεπαίνοντας,
1846 2347 1923 2396 καὶ

332 2426 429 2476 τοῖς
479 2421 566 2487 μὲν
617 2425 765 2478 ὁσίοις
816 2425 960 2476 αὑτοῦ
1011 2426 1235 2492 κρίμασιν
1283 2427 1673 2492 ἐπισκήπτοντας,
1717 2429 1920 2478 ἀκολου-

333 2507 531 2558 θοῦντας
567 2504 615 2556 δὲ
648 2511 812 2569 μοναῖς
846 2512 948 2562 ταῖς
981 2508 1158 2559 ἑαυτῶν
1189 2510 1395 2573 ἐννοίαις,
1423 2511 1499 2561 καὶ
1534 2508 1588 2561 τὸ
1624 2508 1769 2579 δόξαν
1802 2509 1923 2577 ἔχειν

333 2587 484 2652 ὀρθῶς
523 2587 667 2651 νόμον
705 2586 867 2655 ὥσπερ
908 2588 1212 2656 ὁριζομένους,
1252 2589 1340 2641 κᾶν
1379 2590 1538 2661 ἀπᾴδῃ
1577 2595 1644 2662 τῷ
1686 2590 1813 2661 νόμῳ
1852 2595 1922 2643 Οὐ

381 2766 414 2800 3.
440 2755 715 2800 τεθεραπευκέναι
735 2757 776 2792 Β.
942 2771 975 2801 4.
1001 2760 1141 2804 μακροῖς
1160 2759 1200 2794 Β.
1369 2761 1402 2795 8.
1429 2761 1666 2805 ἐπιτηδεύοντα
1685 2761 1727 2795 Β.
1746 2760 1920 2805 ἐπιτηδεύ-

333 2816 430 2837 οντας
449 2802 514 2836 Ed.
659 2816 692 2849 9.
719 2805 772 2838 καὶ
790 2804 885 2850 prius
903 2812 1125 2851 assumptum
1143 2818 1185 2840 ex
1207 2806 1246 2840 B.
1312 2807 1456 2853 ἐνεργῶς
1474 2808 1516 2843 Β.
1652 2819 1705 2843 10.
1731 2808 1922 2852 οἰκονομίαν

336 2848 376 2882 B.
396 2848 565 2892 ἐνέργειαν
582 2849 648 2885 Ed.
837 2863 888 2886 11.
916 2853 966 2886 δεῖ
985 2852 1026 2886 Β.
1223 2864 1273 2887 12.
1301 2857 1360 2888 τοῦ
1379 2855 1559 2896 σαββάτου
1576 2861 1798 2900 assumptum
1816 2866 1859 2889 ex
1877 2855 1920 2889 Β.

338 2905 389 2939 13.
417 2895 493 2929 οὐδὲ
515 2896 554 2930 Β.
574 2897 613 2930 οὐ
632 2897 698 2931 Ed.
980 2899 1032 2933 18.
1060 2899 1154 2934 ἐστιν
1171 2906 1205 2933 et
1223 2906 1302 2934 ante
1319 2907 1352 2934 et
1370 2908 1450 2946 post
1467 2901 1485 2944 ἡ
1504 2901 1576 2935 θεία
1593 2900 1702 2946 φύσις
1717 2901 1857 2935 exhibet
1877 2901 1918 2935 Β.

337 2951 388 2984 19.
415 2944 481 2975 τῶν
495 2941 666 2977 Ἰουδαίων
684 2950 905 2990 assumptum
924 2957 965 2979 ex
986 2945 1028 2979 Β.
1294 2957 1348 2991 25.
1375 2946 1502 2993 τοίνυν]
1527 2951 1564 2989 -†-
1585 2946 1644 2982 τὸν
1662 2947 1728 2982 Ed.
1747 2947 1856 2982 invito
1877 2947 1919 2982 Β.

334 2987 388 3021 :28-c
414 2990 528 3031 μόναις
546 2992 616 3025 ταῖς
634 2991 759 3026 ἑαυτῶν
776 2992 915 3028 ἐννοίαις
935 2991 1090 3037 [αἶνοίαις
1110 2991 1217 3038 Cod.]
1241 2993 1281 3028 B.
1300 2995 1415 3037 μόνοις
1433 2996 1503 3031 τοῖς
1520 2996 1645 3029 ἑαυτῶν
1664 2993 1729 3028 Ed¹

1940 637 1963 675 5

1945 1055 1992 1079 10

1946 1465 1991 1503 15

1944 1877 1993 1902 20
