2084 3317
111 161 164 204 vi.
183 163 249 219 63.
322 164 395 205 IN
438 166 479 205 S.
515 165 850 206 JOANNEM.
914 164 1038 205 LIB.
1072 164 1148 204 IV.
1213 164 1346 204 CAP.
1381 163 1466 203 III.
1608 163 1690 202 553

108 272 297 333 μαστὸν
328 273 473 337 οὐδὲν,
506 274 622 339 μηδὲ
660 274 752 340 γὰρ
792 276 864 326 ἐπὶ
900 273 1050 343 τούτῳ
1089 274 1465 339 σκανδαλισθῇς.
1520 275 1557 321 εἰ
1595 270 1688 335 γὰρ

110 359 136 382 “
163 353 187 402 ὁ
237 354 536 418 κολλώμενος
587 360 653 425 τῷ
705 346 864 426 Κυρίῳ
915 354 963 406 ἓν
1013 353 1197 415 πνεῦμά
1245 354 1387 415 ἐστι,”
1433 356 1534 406 πῶς
1585 352 1686 419 οὐχὶ
1754 354 1913 438 ξξΟΓΝῑ-

106 439 298 498 μᾶλλον
323 436 376 487 τὸ
412 437 527 488 ’ίδιον
560 439 702 489 αὐτοῦ
735 441 879 501 σῶμα
913 436 961 487 ἓν
987 438 1048 490 ὡς
1082 434 1201 502 πρὸς
1237 434 1378 486 αὑτὸν
1410 432 1680 497 ὀνομασθή-

106 537 273 579 σεται,
317 519 534 582 σημαίνει
569 525 818 586 τοιγαροῦν
843 517 917 569 διὰ
951 522 1046 568 τῶν
1071 516 1385 584 προκειμένων
1411 515 1620 567 τοιοῦτον
1646 538 1690 566 τι

63 609 86 648 5
107 596 255 648 πάλιν
294 597 384 650 Ἐκ
426 605 521 651 τῶν
560 600 759 652 ἐνόντων
801 601 906 665 ὑμῖν
945 601 1276 665 διαλογισμῶν
1315 596 1685 661 ὑπαισθάνομαι,

107 680 271 746 φησὶν,
306 681 640 736 ἀσυνετοῦντες
678 682 749 733 ὅτι
787 680 1113 747 διαλογίζεσθε
1145 680 1388 746 γεγονέναι
1426 702 1506 743 μοι
1540 678 1690 744 λόγον

105 759 188 811 τὸν
225 761 344 828 πρὸς
383 764 513 826 ὑμᾶς,
554 764 624 814 ὅτι
663 767 721 831 τῇ
767 764 910 832 φύσει
955 762 1179 829 ζωοποιόν
1217 763 1320 812 ἐστι
1364 760 1418 811 τὸ
1463 759 1557 811 ἀπὸ
1601 763 1688 826 γῆς
1708 783 1728 809 c

106 847 265 906 σῶμα·
301 845 412 894 ἀλλ’
436 846 523 913 οὐχ
550 844 683 899 οὗτός
710 846 841 895 ἐστιν
861 846 908 896 ἐν
929 849 1025 898 τοῖς
1050 845 1174 907 ἐμοῖς
1200 843 1409 910 ῥήμασιν
1436 844 1460 893 ὁ
1486 841 1685 896 σκοπός·

105 922 196 988 ὅλη
222 924 314 991 γὰρ
341 924 398 990 ἧν
423 925 540 992 πρὸς
568 928 684 990 ὑμᾶς
709 928 814 992 περὶ
841 931 925 977 τοῦ
950 927 1075 976 θείου
1104 926 1379 988 Πνεύματος
1406 925 1433 987 ἡ
1465 924 1690 992 ἐξήγησις

37 1028 84 1054 10
104 1007 180 1056 καὶ
210 1008 315 1072 περὶ
350 1009 433 1071 τῆς
463 1008 648 1059 αἰωνίου
683 1007 814 1074 ζωῆς.
869 1005 973 1058 οὐδὲ
1008 1006 1102 1072 γὰρ
1141 1006 1169 1069 ἡ
1208 1008 1291 1069 τῆς
1329 1004 1508 1070 σαρκὸς
1543 1005 1689 1073 φύσις

103 1085 330 1153 ζωοποιὸν
364 1089 418 1139 τὸ
456 1095 640 1153 πνεῦμα
677 1088 929 1155 ἐργάζεται,
962 1089 1070 1139 ἀλλ’
1100 1088 1128 1151 ἡ
1167 1093 1251 1138 τοῦ
1287 1086 1563 1150 Πνεύματος
1603 1086 1683 1137 δυ’-

104 1192 239 1233 ναμις
281 1169 508 1235 ζωοποιὸν
546 1170 600 1222 τὸ
644 1175 788 1235 σῶμα
831 1175 967 1222 ποιεῖ.
1039 1168 1098 1221 τέι
1145 1171 1323 1239 ῥήματα
1369 1169 1525 1220 τοίνυν
1567 1167 1689 1234 άπερ

103 1255 201 1319 ὑμῖν
232 1253 503 1319 διείλεγμαι,
534 1252 711 1320 πνεῦμά
749 1253 855 1315 ε’σ-τι,
885 1251 1102 1303 τουτέστι
1140 1249 1431 1314 πνευματικὰ
1470 1252 1545 1301 καὶ
1583 1254 1688 1315 περὶ

102 1340 186 1385 τοῦ
213 1334 504 1399 Πνεύματος,
533 1340 610 1387 καὶ
640 1336 724 1406 ζωή
750 1334 880 1396 ἐστιν,
910 1335 1012 1385 ἀντὶ
1037 1339 1120 1385 τοῦ
1147 1332 1349 1400 ζωοποιά
1375 1334 1450 1383 καὶ
1475 1334 1580 1398 περὶ
1607 1335 1689 1395 τῆς

34 1432 80 1470 15
104 1415 224 1466 κατὰ
268 1416 418 1484 φύσιν
462 1415 593 1483 ζωῆς.
657 1418 733 1468 καὶ
778 1417 861 1468 οὐκ
907 1417 1086 1467 ἀθετῶν
1131 1414 1216 1479 τὴν
1262 1416 1382 1465 ἰδίαν
1427 1414 1585 1479 σάρκα
1629 1413 1687 1465 τὰ
1708 1426 1735 1466 (1

100 1497 293 1549 τοιαῦτά
338 1502 506 1566 φησιν,
554 1500 664 1549 ἀλλ’
708 1498 823 1565 ὅπερ
866 1499 997 1549 ἐστὶν
1039 1496 1224 1561 ἀληθὲς,
1270 1502 1409 1547 τοῦτο
1450 1496 1688 1547 διδάσκων

101 1578 239 1643 ἡμᾶς·
303 1579 418 1646 ὅπερ
461 1579 556 1646 γὰρ
600 1579 847 1647 εἰρήκαμεν
888 1580 1076 1647 ἀρτίως,
1122 1584 1260 1630 τοῦτο
1305 1579 1454 1630 πάλιν
1495 1579 1687 1643 ἐροῦμεν
1749 1582 1856 1664 ἓξὲξ

99 1661 422 1722 ἀναλαβόντες
461 1662 537 1714 διὰ
574 1662 629 1713 τὸ
667 1662 920 1730 χρήσιμον·
968 1662 997 1725 ἡ
1036 1664 1119 1725 τῆς
1157 1659 1336 1727 σαρκὸς
1375 1660 1535 1728 φύσις,
1570 1659 1687 1724 αὑτὴ
1776 1648 1784 1665 ι

101 1743 213 1793 καθ’
242 1742 411 1807 ἑαυτὴν
437 1745 519 1795 οὐκ
555 1743 613 1795 ἂν
639 1743 827 1795 δύναιτο
863 1743 1123 1810 ζωογονεῖν·
1167 1744 1264 1794 ἐπεὶ
1299 1743 1347 1793 τί
1377 1740 1430 1792 τὸ
1465 1741 1613 1793 πλέον
1639 1744 1688 1793 ἐν

33 1846 82 1872 20
101 1827 166 1893 τῷ
194 1824 313 1876 κατὰ
343 1825 493 1894 φύσιν
520 1830 629 1895 Θεῷ
646 1847 658 1888 ;
703 1826 814 1876 ἀλλ’
843 1826 897 1875 οὐ
931 1824 1051 1888 μόνη
1087 1825 1162 1874 καὶ
1198 1824 1308 1874 καθ’
1336 1820 1504 1886 ἑαυτὴν
1531 1826 1606 1874 καὶ
1639 1825 1687 1874 ἐν

101 1910 303 1976 Χριστῷ
328 1907 624 1972 νοηθήσεται·
666 1907 760 1975 ἔχει
793 1906 887 1974 γὰρ
925 1906 1154 1957 ἑνωθέντα
1187 1904 1270 1956 τὸν
1298 1903 1477 1970 Λόγον,
1507 1904 1557 1959 ὅς
1583 1906 1687 1956 ἐστι

99 1988 219 2039 κατὰ
246 1989 396 2058 φύσιν
421 1988 529 2055 ζωή.
571 1989 684 2040 ὅταν
711 1989 792 2040 οὖν
818 1987 1044 2054 ζωοποιὸν
1065 1986 1210 2051 αὐτὴν
1229 1985 1432 2054 ὀνομάζῃ
1458 1986 1685 2053 Χριστὸς,

98 2071 182 2121 οὐκ
219 2072 336 2139 αὐτῇ
372 2076 616 2134 τοσοῦτον,
644 2071 763 2122 ὅσον
797 2072 959 2140 ἑαυτῷ,
984 2070 1087 2134 ἤτοι
1122 2073 1189 2138 τῷ
1223 2068 1321 2139 ἰδίῳ
1355 2069 1596 2132 Πνεύματι
1631 2067 1724 2120 τὸο

98 2154 342 2219 ζωογονεῖν
375 2152 607 2204 δύνασθαι
644 2157 879 2219 μαρτυρεῖ.
951 2153 1004 2203 δι’
1046 2150 1189 2202 αὑτὸν
1229 2150 1322 2216 γὰρ
1361 2152 1437 2201 καὶ
1475 2149 1529 2201 τὸ
1568 2150 1685 2200 ἴδιον

30 2251 78 2290 25
98 2234 241 2285 αὐτοῦ
279 2238 423 2298 σῶμα
460 2234 686 2301 ζωοποιόν
725 2236 870 2297 ἐστιν,
909 2234 1096 2300 ἐπείπερ
1135 2231 1247 2284 αὐτὸ
1285 2232 1403 2298 πρὸς
1441 2231 1527 2296 τὴν
1565 2232 1686 2282 ἰδίαν

97 2317 458 2383 ἀνεστοιχείωσε
497 2315 709 2380 δύναμιν·
753 2315 807 2368 τὸ
847 2315 895 2367 δὲ
934 2315 1075 2378 ὅπως,
1107 2316 1210 2366 οὔτε
1251 2318 1315 2384 νῷ
1354 2313 1680 2378 καταληπτὸν,

98 2398 201 2449 οὔτε
247 2397 440 2466 γλώττῃ
486 2396 667 2461 λεκτὸν,
707 2401 866 2466 σιωπῇ
911 2397 959 2449 δὲ
1001 2399 1078 2448 καὶ
1118 2396 1278 2448 πίστει
1317 2400 1375 2464 τῇ
1418 2395 1533 2462 ὑπὲρ
1576 2401 1685 2447 νοῦν

97 2478 372 2542 τιμώμενον.

164 2558 281 2611 “Orc
316 2559 365 2611 δὲ
398 2558 634 2615 πολλάκις
667 2563 734 2630 τῷ
767 2567 850 2613 τοῦ
878 2560 1154 2625 Πνεύματος
1192 2558 1387 2622 ὀνόματι
1419 2558 1550 2625 παρὰ
1585 2563 1685 2612 ταῖς

148 2741 178 2762 Ι.
203 2727 304 2773 μηδὲ]
323 2727 367 2771 μὴ
388 2728 430 2762 Β.
660 2742 693 2772 4.
719 2730 873 2764 τοιοῦτόν
889 2744 961 2764 τινα
978 2729 1083 2764 πάλιν
1100 2729 1136 2762 ἐκ
1154 2731 1220 2762 τῶν
1237 2728 1380 2762 ἐνόντων
1396 2727 1624 2772 διαλογισμὸν
1643 2726 1685 2760 Β.

96 2775 131 2809 6.
157 2775 404 2811 ἀσυνετοῦντας
422 2775 464 2810 Β.
528 2775 711 2820 λογίζεσθε
731 2776 773 2811 Β.
898 2777 931 2811 8.
958 2776 1056 2811 οὗτος
1075 2775 1167 2810 B.D.
1187 2774 1291 2810 οὕτως
1310 2773 1377 2808 Ed.
1445 2773 1570 2807 Statim
1590 2773 1686 2807 ἐστιν

97 2821 141 2856 Β.
158 2820 197 2864 ἧν
215 2821 282 2855 Ed.
455 2833 488 2865 9.
513 2822 591 2866 περὶ
608 2834 678 2856 om.
700 2822 742 2856 B.
922 2833 975 2857 10.
1001 2821 1096 2867 οὐδὲ]
1116 2821 1155 2855 οὐ
1176 2821 1217 2854 Β.
1387 2831 1439 2864 17.
1465 2820 1620 2864 ἐροῦντες
1640 2820 1685 2854 D.

101 2879 154 2912 19,
176 2879 231 2902 20.
258 2867 315 2902 Ab
333 2867 452 2911 ἑαυτὴν
469 2867 513 2901 ad
531 2869 650 2912 ἑαυτὴν
666 2869 817 2903 transilit
837 2868 879 2903 Β.
1042 2879 1097 2902 21.
1124 2866 1178 2912 ὅς]
1198 2867 1216 2900 ὃ
1236 2867 1277 2901 Β.
1438 2877 1493 2900 22.
1522 2867 1686 2908 ζωοποιὸν

96 2914 200 2958 αὐτὴν
215 2920 296 2959 post
314 2916 464 2960 Χριστὸς
479 2915 676 2959 transponit
695 2915 736 2949 Β.
882 2926 936 2959 23.
964 2917 1036 2958 ἤτοι
1059 2915 1098 2950 B.
1119 2913 1183 2948 ε’ίτε
1204 2913 1269 2947 Ed.
1421 2922 1474 2957 25.
1503 2911 1682 2958 ζωοποιόν]

98 2963 214 2995 ὁποῖον
234 2961 274 2995 Β.
421 2971 474 3007 27.
501 2960 637 3006 λεκτὸν]
659 2961 774 2996 δεκτόν
794 2961 834 2995 Β.

155 3028 245 3056 voL.
272 3029 300 3056 1.
849 3031 875 3069 4
900 3029 922 3055 B
