2021 3296
115 162 198 202 i.1.
360 160 432 201 IN
477 160 519 202 S.
554 161 891 203 JOANNEM.
955 160 1078 201 LIB.
1114 161 1147 200 Ι.
1211 160 1342 201 ΟΑΡ,
1378 161 1461 201 ΙΙΙ.
1651 164 1701 201 :35

116 273 141 322 6
167 269 296 325 Υἱός.
350 271 485 322 ε”σται
518 278 770 338 τοιγαροῦν
801 276 875 324 καὶ
908 272 962 323 τὸ
999 276 1194 335 Πνεῦμα
1229 274 1441 333 διπλοῦν,
1468 274 1543 322 καὶ
1575 277 1703 335 μεῖον
1724 285 1747 321 l,

114 353 199 417 μὲν
232 354 280 403 ἐν
309 356 424 422 Υἱῲ,
453 353 606 420 μεῖζον
641 355 691 405 δὲ
729 357 777 406 ἐν
811 356 982 421 Πατρί.
1051 357 1127 405 καὶ
1164 355 1352 408 τελείως
1385 352 1469 418 μὲν
1500 357 1541 404 οἱ
1575 353 1704 419 παρὰ

118 433 310 502 Πατρὸς
349 434 746 501 ἁγιασθήσονται·
803 438 857 488 οὐ
897 437 1085 490 τελείως
1124 436 1172 487 δὲ
1210 435 1358 487 πάλιν
1397 439 1438 486 οἱ
1478 437 1532 486 δι’
1573 438 1703 487 Υἱοῦ.

116 516 247 568 ἀλλὰ
280 516 444 582 πολλή
479 541 548 572 τις
585 519 716 570 ἐστὶν
752 520 801 570 ἐν
831 518 1012 573 τούτοις
1047 519 1076 583 ἡ
1110 523 1205 570 τῶν
1232 522 1483 584 λογισμῶν
1514 518 1701 567 ἀτοπία.

74 614 96 653 5
117 598 166 650 ἓν
190 598 285 665 γὰρ
311 598 366 650 τὸ
395 604 592 664 Πνεῦμα
626 600 681 652 τὸ
709 599 882 667 ”Αγιόν
909 603 1053 665 ἐστιν,
1082 600 1144 655 εἷς
1170 603 1246 652 καὶ
1272 599 1450 654 τέλειος
1477 601 1501 651 6
1530 601 1702 665 ἁγιασ-

115 679 218 745 μὸς,
259 681 390 748 παρὰ
436 681 629 750 Πατρὸς
673 684 728 734 δι’
770 687 889 735 Υἱοῦ
934 688 1150 753 φυσικῶς
1193 682 1555 751 χορηγούμενος’
1624 683 1706 732 οὐκ

117 763 208 829 ἄρα
246 763 457 815 ἐλάττων
491 766 622 816 ἐστὶν
659 766 684 816 6
723 765 809 830 τὴν
842 765 987 830 αὐτὴν
1024 765 1256 832 ἐνέργειαν
1291 765 1411 832 ἔχων
1442 769 1508 834 τῷ
1545 766 1707 834 τελείῳ

118 847 293 911 Πατρὶ,
322 849 398 897 καὶ
430 845 484 898 τὸ
519 853 603 899 τοῦ
636 847 954 914 γεννήσαντος
983 852 1180 911 Πνεῦμα
1213 846 1405 917 φύσεως
1439 848 1554 900 ἰδίας
1588 846 1708 914 ἔχων

117 925 312 994 ἀγαθὸν,
356 927 461 995 ζῶν,
506 932 582 981 καὶ
625 928 960 993 ἐνυπόστατον,
1005 928 1169 997 ὥσπερ
1220 930 1302 981 οὖν
1346 927 1511 993 ἀμέλει
1562 931 1637 979 καὶ
1683 929 1708 978 ὁ

0 1057 1 1063 ,
52 1029 100 1055 10
120 1008 303 1077 Πατήρ.
1727 1029 1747 1054 c

191 1112 325 1144 ΑΛΛο.
378 1097 437 1145 Εἰ
475 1095 524 1145 ἐν
555 1099 720 1164 μορφῇ
760 1097 836 1146 καὶ
876 1093 1060 1161 ἰσότητι
1095 1100 1178 1147 τοῦ
1211 1093 1402 1162 Πατρὸς
1442 1095 1650 1161 ὑπῆρχεν
1685 1094 1710 1143 6
1772 1105 1855 1180 1631ιὶ1·
1876 1105 1907 1136 ii-

118 1174 233 1230 Υἱὸς
275 1176 396 1228 κατὰ
439 1175 525 1242 τὴν
565 1184 649 1229 τοῦ
695 1176 897 1229 Παύλου
940 1177 1125 1247 φωνὴν,
1168 1182 1267 1232 πῶς
1313 1177 1524 1228 ἐλάττων
1569 1177 1711 1226 αὐτοῦ
1796 1173 1802 1180 ’

120 1258 286 1323 ἐστιν;
330 1260 384 1310 οὐ
416 1258 511 1326 γὰρ
538 1258 688 1324 δήπου
714 1262 798 1324 τῆς
833 1259 952 1324 μετὰ
984 1260 1164 1327 σαρκὸς
1196 1260 1459 1324 οἰκονομίας
1493 1260 1518 1310 6
1553 1256 1712 1324 λόγος,

121 1341 197 1391 καὶ
247 1341 275 1406 ἡ
327 1341 403 1393 διὰ
451 1347 592 1394 τοῦτο
643 1342 876 1410 λεγομένη
927 1344 1223 1405 ταπείνωσις,
1267 1347 1351 1393 τοῦ
1397 1340 1515 1392 κατὰ
1562 1340 1713 1408 φύσιν

54 1444 100 1484 15
120 1423 386 1490 προσόντος
420 1425 687 1494 ἀξιώματος
723 1425 1061 1491 ἀπογυμνώσει
1096 1425 1179 1477 τὸν
1205 1424 1337 1487 Υὶὸν,
1363 1423 1508 1474 λύσιν
1535 1423 1713 1490 ἔχουσα

120 1505 207 1571 τὴν
242 1506 460 1574 δευτέραν
491 1508 548 1576 ἐξ
580 1509 779 1574 οὐρανοῦ
811 1508 1095 1574 παρουσίαν.
1151 1507 1252 1576 ἥξει
1286 1505 1380 1573 γὰρ
1414 1504 1617 1568 πάντως,
1651 1506 1713 1558 ὡς

122 1587 391 1653 ἠκούσαμεν
417 1588 640 1655 λέγοντος
667 1597 696 1619 “
717 1591 764 1640 ἐν
791 1594 848 1658 τῇ
884 1589 1001 1659 δόξῃ
1037 1595 1119 1641 τοῦ
1148 1588 1340 1656 Πατρὸς
1375 1588 1559 1639 αὑτοῦ.”
1612 1591 1713 1639 πῶς
1774 1598 1924 1672 {ffage-

122 1671 203 1722 οὖν
229 1670 352 1725 ὅλως
378 1673 426 1722 ἐν
451 1676 509 1740 τῇ
537 1670 653 1741 δόξῃ
679 1677 762 1723 τοῦ
788 1673 969 1723 τελείου
997 1671 1190 1738 Πατρὸς
1216 1672 1240 1722 6
1266 1670 1476 1722 ἐλάττων
1503 1670 1645 1720 αὐτοῦ
1665 1691 1677 1731 3
1775 1654 1787 1673 x
1835 1651 1877 1680 ’ὃ
1904 1665 1908 1670 ’

195 1773 328 1804 AAAO.
380 1755 669 1820 Εὑρίσκεταί
701 1776 794 1805 που
832 1753 988 1820 λέγων
1026 1755 1081 1804 δι’
1123 1752 1223 1807 ἑνὸς
1259 1758 1355 1805 τῶν
1386 1756 1648 1821 προφητῶν
1687 1751 1758 1801 6d

0 1891 2 1896 ,
56 1856 105 1882 20
124 1833 245 1889 Θεὸς
270 1838 345 1887 καὶ
373 1835 544 1903 Πατήρ
570 1843 597 1865 “
620 1835 724 1900 Τὴν
749 1836 896 1905 δόξαν
921 1859 1012 1900 μου
1038 1835 1178 1905 ἑτέρῳ
1209 1836 1262 1887 οὐ
1289 1834 1480 1886 δώσω.”
1534 1835 1708 1901 ε’ρωτη-
1777 1843 1939 1919 &xlviii-

123 1917 227 1969 τέον
269 1924 522 1985 τοιγαροῦν
563 1917 670 1972 τοὺς
717 1917 824 1970 ὅσοι
869 1917 952 1969 τὸν
994 1916 1112 1969 Υἱὸν
1152 1917 1458 1985 ἀτιμάζουσιν
1503 1919 1710 1978 ἀσεβῶς,
1824 1912 1829 1918 ’

123 2004 314 2064 μᾶλλον
341 1999 390 2051 δὲ
426 2002 480 2052 δι’
508 2001 652 2052 αὐτοῦ
686 2003 761 2052 καὶ
796 2000 884 2073 τὸν,
907 2000 1113 2067 Πατέρα·
1168 2001 1192 2051 6
1228 1999 1323 2067 γὰρ
1356 1999 1421 2064 μὴ
1456 2003 1604 2063 τιμῶν
1635 1997 1715 2049 τὸν
1779 2010 1918 2040 Infrav.

124 2081 255 2146 Υἱὸν,
287 2082 392 2134 οὐδὲ
426 2082 510 2135 τὸν
537 2083 731 2150 Πατέρα
765 2087 897 2152 τιμᾷ·
950 2081 1150 2149 πότερόν
1180 2105 1308 2145 ποτε,
1337 2081 1549 2148 καθάπερ
1584 2082 1713 2132 ὑπει-
1780 2063 1832 2093 η’

125 2164 344 2234 λήφασιν
375 2166 518 2229 αὐτοὶ,
549 2171 633 2217 τοῦ
673 2169 798 2217 Θεοῦ
837 2168 912 2217 καὶ
954 2165 1146 2233 Πατρὸς
1184 2164 1396 2216 ἐλάττων
1429 2162 1495 2214 ὧν
1531 2164 1555 2214 6
1590 2163 1718 2226 Υἱὸς,

60 2265 107 2304 25
127 2247 377 2311 ὁμοούσιός
402 2249 547 2312 ἐστιν,
575 2251 637 2303 ὡς
662 2248 781 2316 πρὸς
808 2247 962 2311 αὐτὸν,
989 2247 1018 2313 ὴ
1051 2248 1159 2316 οὐχί
1173 2270 1185 2310 3
1230 2251 1266 2299 εἰ
1298 2246 1383 2311 μὲν
1410 2247 1490 2298 οὖν
1516 2248 1717 2312 ἐροῦσιν,

72 2340 83 2351 “
127 2332 189 2384 ὡς
215 2330 346 2382 ἔστιν
372 2330 637 2395 ὀμοούσιος,
665 2332 713 2382 τί
732 2330 886 2395 μάτην
911 2330 966 2382 τὸ
993 2328 1194 2382 ἐ’λαττον
1219 2329 1526 2399 ἐπιφέρουσιν
1552 2329 1677 2396 αὐτῷ
1701 2350 1712 2390 ;

127 2411 187 2463 τὰ
210 2412 305 2480 γὰρ
330 2416 413 2477 τῆς
439 2414 582 2478 αὐτῆς
607 2414 771 2468 οὐσίας
797 2412 911 2464 ὅντα
938 2415 1013 2464 καὶ
1041 2412 1246 2481 φύσεως,
1273 2414 1356 2463 οὐκ
1383 2411 1439 2462 ἂν
1465 2411 1589 2464 ὅλως
1621 2411 1717 2477 ε”χοι
1737 2437 1758 2462 e

127 2496 234 2546 καθ’
263 2497 441 2547 ἑαυτῶν
474 2496 528 2547 τὸ
567 2496 734 2563 μεῖζον,
770 2495 890 2547 κατά
928 2519 982 2562 γε
1020 2495 1104 2546 τὸν
1138 2500 1220 2546 τοῦ
1258 2499 1359 2548 πῶς
1398 2492 1512 2544 εἶναι
1550 2491 1715 2557 λόγον’

127 2582 266 2629 τοῦτο
293 2576 342 2628 δὲ
367 2577 556 2632 πάντως
582 2580 684 2630 ἐστὶ
711 2578 764 2630 τὸ
792 2577 1085 2644 ζητούμενον.

63 2680 111 2716 30
201 2660 344 2711 Ἀλλ’
382 2661 436 2712 οὐ
474 2660 797 2726 συνθήσονται
835 2660 993 2729 τυχὸν,
1033 2659 1138 2712 οὐδὲ
1177 2660 1431 2725 ὁμοούσιον
1469 2656 1583 2709 εἶναι
1622 2657 1716 2708 δώ-

177 2803 210 2837 5.
237 2795 255 2828 ὁ
272 2800 496 2840 assumptum
513 2807 554 2829 ex
573 2795 714 2831 B.D.E.
732 2796 841 2830 Euth.
1012 2805 1043 2840 7.
1070 2793 1174 2840 ἔχων]
1203 2798 1236 2835 -{-
1259 2794 1293 2828 ἐν
1312 2793 1353 2828 Ε.
1522 2793 1554 2827 8.
1581 2793 1721 2838 φύσεως

131 2841 216 2877 ἰδίας
233 2841 384 2877 Veccus.
403 2841 471 2876 Ed.
489 2842 628 2886 φύσεως
646 2843 689 2878 ὡς
707 2843 792 2878 ἰδίας
811 2843 853 2877 Ε.
872 2843 907 2877 ἐν
925 2843 1030 2888 ἑαυτῷ
1052 2842 1159 2876 Euth.
1387 2850 1440 2874 11.
1467 2839 1538 2885 καὶ]
1564 2845 1598 2880 -1-
1623 2841 1658 2873 ἐν
1678 2840 1719 2874 B.

131 2889 240 2923 invito
259 2888 368 2923 Euth.
501 2900 552 2931 14.
577 2890 742 2935 λεγομένη
761 2902 831 2924 om.
851 2890 958 2924 Euth.
1011 2889 1136 2922 Statim
1155 2887 1294 2922 κένωσις
1312 2899 1375 2931 pro
1392 2887 1594 2922 ταπείνωσις
1614 2887 1720 2921 Euth.

136 2936 189 2970 18.
213 2935 346 2969 τελείου
364 2935 508 2970 accessit
525 2948 565 2970 ex
586 2936 628 2970 Β.
648 2937 757 2972 Euth.
927 2947 981 2971 21.
1008 2937 1066 2969 τὸν
1083 2936 1160 2969 Υἶὸν
1177 2934 1397 2979 ἀτιμάζουσιν
1414 2934 1567 2980 ἀσεβῶς]
1587 2934 1723 2975 ἀσεβῶς

132 2982 353 3027 ἀτιμάζουσιν
368 2983 427 3017 τὸν
443 2984 595 3027 Χριστὸν
614 2983 656 3018 Β.
802 2994 856 3026 24.
882 2983 927 3017 ὢν
945 2994 1014 3017 om.
1035 2982 1076 3017 B.

896 3050 964 3080 F2
