2084 3317
356 133 439 173 652
759 133 810 174 Β.
844 134 1117 175 CYRILLI
1159 135 1536 176 ALEXANDR.
1788 131 1859 172 vii.
1880 140 1946 182 27.

357 247 385 269 ‘⁶
414 241 519 302 ὑμῖν
558 240 640 291 τὸν
679 241 836 305 νόμον,
877 247 952 293 καὶ
998 245 1144 297 οὐδεὶς
1188 244 1243 312 ἐξ
1286 246 1415 306 ὑμῶν
1453 248 1579 294 ποιεῖ
1617 242 1698 293 τὸν
1738 241 1880 304 νόμον
1902 240 1943 301 ;”

358 322 690 390 ἀνεξικακοῦσι
737 323 785 374 δὲ
829 324 948 390 πρὸς
991 331 1153 388 ταῦτα,
1198 326 1348 376 καίτοι
1393 326 1503 375 λίαν
1548 322 1799 392 ἀφορήτως
1843 320 1948 388 περὶ

314 417 340 458 d
360 402 479 454 αὐτὰ
519 406 806 468 διακείμενοι,
848 408 924 457 καὶ
966 406 1249 473 θερμότερον
1289 406 1499 459 εἰωθότες
1542 404 1830 457 ἐνάλλεσθαι
1872 404 1948 453 καὶ

359 490 454 539 τοῖς
493 487 737 537 ἀδικοῦσιν
770 487 919 538 οὐδέν.
974 487 1051 538 διὰ
1088 487 1266 541 παντὸς
1304 493 1555 554 τοιγαροῦν
1585 485 1824 554 ἐρχόμενοι
1859 492 1945 535 λο-

360 573 541 631 γισμοῦ
577 568 664 631 τὴν
701 569 776 619 ἐπὶ
815 571 1016 636 Χριστῷ
1061 568 1181 620 κατὰ
1222 567 1380 636 βραχὺ
1421 568 1723 633 συλλέγουσι
1766 568 1946 628 πίστιν,
1968 579 1990 618 5

361 650 651 712 ἀπονέμουσι
679 648 829 715 γεμὴν
854 655 951 703 τοῖς
983 650 1187 718 ἄρχουσι
1220 649 1275 701 τὸ
1309 650 1544 716 ἐγνωκέναι
1571 649 1691 701 κατὰ
1715 647 1947 710 ἀλήθειαν,

361 730 441 781 ἅτε
467 731 523 795 δὴ
551 733 627 782 καὶ
652 731 745 797 πρὸ
780 733 936 782 αὐτῶν
962 734 1038 783 καὶ
1073 737 1169 786 τοῖς
1205 736 1340 798 ἱεροῖς
1374 731 1754 798 ἐντεθραμμένοις
1789 729 1944 796 γράμ-

361 835 496 875 μασι,
540 815 616 863 καὶ
661 812 810 864 πλεόν
854 813 974 880 ἤπερ
1019 814 1150 864 αὐτοὶ
1199 813 1260 864 τὰ
1309 815 1358 864 ἐν
1400 818 1500 866 ταῖς
1550 815 1693 866 θείαις
1743 816 1951 879 γραφαῖς

361 894 634 958 δυναμένοις
675 894 883 946 συνιέναι
921 895 1176 962 μυστήρια.
1227 895 1432 962 ἐπιτήρει
1467 895 1516 946 δὲ
1550 895 1624 946 διὰ
1661 895 1852 946 πάντων
1881 893 1952 944 ὅτι

362 981 458 1030 τοῖς
499 976 732 1043 ἄρχουσιν
773 976 951 1031 ἀόκνως
992 979 1270 1029 ἀκολουθεῖν
1309 979 1334 1028 ὁ
1376 982 1470 1028 τῶν
1507 978 1746 1028 Ἰουδαίων
1784 975 1947 1041 ηὐτρέ-
1976 996 2024 1021 10
2069 979 2071 1003 ³

325 1092 345 1115 ρ,
363 1081 510 1109 πιστο
545 1062 705 1123 δῆμος,
731 1058 781 1113 ὃς
812 1063 887 1110 καὶ
915 1059 1104 1113 πάντως
1132 1059 1189 1110 ἂν
1213 1060 1417 1124 διεσώθη
1443 1058 1561 1125 πρὸς
1596 1058 1650 1110 τὸ
1683 1057 1792 1109 εὐθὺ
1825 1057 1955 1124 παρὰ

365 1145 458 1191 τῶν
497 1141 768 1206 ἡγουμένων
805 1141 1266 1207 παιδαγωγούμενος.
1331 1141 1407 1192 διὰ
1452 1142 1545 1207 γάρ
1586 1164 1658 1191 τοι
1699 1145 1837 1191 τοῦτο
1878 1141 1954 1189 καὶ

365 1223 494 1276 δίκας
535 1222 770 1291 ὑφέξουσι
806 1222 991 1289 πικρὰς,
1026 1223 1103 1274 ὅτε
1141 1225 1217 1274 καὶ
1257 1222 1394 1277 αὐτὸς
1433 1224 1458 1273 ὁ
1499 1221 1667 1289 Σωτὴρ
1706 1226 1956 1290 κατῃτιᾶτο

142 1304 175 1333 S.
189 1302 268 1332 Luc.

140 1347 183 1377 xi.
206 1355 257 1385 52-
365 1305 520 1370 λέγων
547 1311 573 1334 “
594 1305 717 1355 Οὐαὶ
752 1306 858 1368 ὑμῖν
894 1309 991 1358 τοῖς
1027 1310 1245 1369 νομικοῖς,
1273 1304 1344 1355 ὅτι
1380 1304 1522 1371 ἤρατε
1558 1304 1644 1368 τὴν
1681 1307 1841 1354 κλεῖδα
1873 1305 1956 1367 τῆς

365 1394 392 1416 “
418 1386 653 1451 γνώσεως·
703 1387 834 1436 αὐτοὶ
885 1387 968 1437 οὐκ
1017 1386 1274 1451 εἶσήλθετε,
1321 1388 1398 1438 καὶ
1447 1385 1553 1440 τοὺς
1603 1385 1956 1453 εἰσερχομένους
1979 1406 2026 1445 15
2070 1450 2072 1454 v

363 1475 391 1498 ‘⁴
419 1467 732 1519 ἐκωλύσατε.”
787 1467 907 1534 θύρα
946 1469 1039 1535 γάρ
1078 1471 1210 1520 ἐστιν
1248 1467 1412 1535 ὥσπερ
1450 1492 1520 1522 τις
1559 1470 1632 1519 καὶ
1671 1467 1801 1532 πύλη
1839 1465 1959 1532 πρὸς

365 1550 676 1615 θεογνωσίαν,
706 1551 781 1600 καὶ
814 1549 920 1603 ὁδὸς
951 1555 1013 1604 εἷς
1051 1549 1249 1602 ἅπασαν
1275 1550 1446 1618 ἀρετὴν
1472 1550 1674 1603 εὐκόλως
1702 1548 1959 1615 κομίζουσα

365 1637 460 1684 τῶν
504 1631 624 1698 ὀρθὰ
668 1630 990 1683 διδασκόντων
1034 1634 1059 1683 ὁ
1105 1632 1265 1699 λόγος,
1310 1635 1385 1684 καὶ
1431 1634 1458 1697 ἡ
1503 1638 1586 1683 τοῦ
1631 1630 1960 1694 ποιμαίνοντος

144 1733 230 1765 446
246 1731 299 1764 A.
328 1740 349 1763 a
367 1714 604 1778 ἐπιστήμη
632 1712 876 1779 διασώζειν
903 1712 997 1765 οἶδε
1024 1714 1110 1778 τὴν
1137 1719 1232 1765 τῶν
1259 1714 1542 1781 θρεμμάτων
1562 1714 1757 1780 ἀγέλην.
1798 1712 1961 1778 ὥσπερ
2067 1777 2071 1792 ¹

367 1798 448 1847 οὖν
474 1798 549 1847 καὶ
576 1795 630 1847 τὸ
657 1797 865 1847 ἐναντίον
892 1795 1118 1847 διόλλυσι
1151 1796 1237 1859 μὲν
1264 1798 1483 1860 εὐκόλως,
1511 1796 1630 1848 κατὰ
1666 1799 1886 1862 κρημνῶν
1912 1793 1961 1846 δὲ
1981 1817 2031 1842 20

368 1880 556 1930 ἀποίσει
583 1881 659 1929 καὶ
685 1879 772 1946 οὐχ
798 1877 963 1929 ἑκόντα
990 1878 1049 1930 τὰ
1075 1882 1284 1944 ποίμνια.
2069 1870 2071 1874 7

304 2058 500 2101 27Ἀλλὰ
541 2060 691 2099 τοῦτον
731 2053 909 2104 οἴδαμεν
948 2056 1078 2099 Πόθεν
1115 2055 1241 2098 ἐστίν·
1280 2057 1302 2098 ὁ
1342 2056 1387 2098 δὲ
1426 2055 1603 2113 Χριστὸς
1641 2056 1743 2097 ὅταν
1778 2055 1961 2111 ἔρχεται,

853 2139 930 2180 οὐκ
967 2136 1145 2188 οἴδαμεν
1183 2140 1313 2181 Πόθεν
1351 2139 1477 2183 ἐστίν.

445 2254 552 2304 Οὐκ
590 2254 640 2303 ἐκ
677 2251 835 2316 μόνων
866 2256 961 2303 τῶν
995 2252 1169 2321 ἔξωθεν
1203 2254 1405 2316 ἐννοιῶν,
1434 2252 1538 2303 οὐδὲ
1576 2253 1760 2317 ἐπείπερ
1799 2249 1963 2302 οἰστὸν

371 2335 656 2400 ἐποιήσαντο
689 2332 771 2386 τὸν
797 2336 871 2386 ἐπὶ
905 2339 1002 2387 τοῖς
1035 2334 1248 2401 ἐλέγχοις
1282 2335 1429 2386 πόνον
1456 2338 1499 2385 οἱ
1525 2334 1882 2398 καθηγούμενοι,
1908 2330 1962 2383 τὸ
1985 2355 2033 2393 25

372 2417 608 2470 πιστεύειν
634 2415 892 2484 εἰσδέχεται
925 2420 1020 2467 τῶν
1044 2416 1439 2481 Ἱεροσολυμιτῶν
1465 2417 1492 2480 ἡ
1528 2416 1723 2466 διάνοια·
1767 2414 1964 2484 σφόδρα
2063 2401 2068 2416 ¹

373 2500 422 2551 δὲ
448 2498 695 2568 χρησίμως
722 2500 798 2549 καὶ
831 2496 938 2552 τοὺς
973 2498 1030 2567 ἐξ
1056 2497 1245 2549 εἰκότων
1273 2498 1554 2563 ὠδινήσασα
1587 2495 1852 2563 λογισμοὺς
1888 2499 1964 2547 καὶ

424 2670 457 2703 3.
484 2657 568 2691 αὐτὰ
588 2656 629 2691 Β.
648 2670 753 2691 ταυτα
771 2655 839 2691 Ed.
934 2665 967 2701 5.
993 2656 1112 2690 πίστιν
1129 2655 1362 2701 συλλέγουσιν
1378 2656 1518 2690 inverso
1534 2655 1656 2690 ordine
1674 2667 1703 2689 a.
1801 2654 1833 2688 6.
1859 2654 1966 2699 γεμὴν

377 2717 408 2740 a.
425 2720 465 2750 γε
484 2704 552 2739 Ed.
569 2718 604 2737 τε
625 2703 759 2748 Migne.
918 2703 951 2737 8.
978 2705 1062 2746 ἤπερ
1084 2702 1125 2736 Β.
1143 2701 1237 2746 εἴπερ
1259 2702 1376 2737 Holst.
1396 2702 1462 2736 Ed.
1528 2704 1600 2738 ταῖς
1617 2707 1839 2746 assumptum
1858 2714 1900 2735 ex
1920 2700 1962 2734 B.

380 2761 434 2797 15.
452 2750 714 2794 εἷσερχομενους
733 2749 774 2783 Β.
793 2749 997 2795 ἐρχομενους
1016 2749 1082 2783 Ed.
1184 2758 1236 2793 17.
1256 2749 1384 2783 ἅπασιν
1404 2749 1484 2793 (Slc)
1503 2749 1544 2783 B.
1642 2760 1697 2783 21.
1715 2748 1852 2782 ἀποίσει
1870 2747 1965 2781 edidi

376 2810 394 2832 e
419 2799 619 2843 conjectura
646 2796 915 2840 Heyse.‹'1‘7r0ccrz
942 2796 983 2830 Β.
1001 2796 1118 2830 ἶίπεισι
1143 2795 1209 2829 Ed.
1284 2796 1411 2830 Statim
1434 2797 1487 2830 καὶ
1511 2796 1574 2841 οὐχ
1600 2797 1718 2830 ἑκόντα
1743 2799 1965 2829 accesserunt

376 2857 418 2878 ex
439 2844 479 2878 B.
613 2854 668 2877 22.
696 2845 715 2876 ὁ
733 2843 956 2878 δέ-πόθεν’
940 2843 1035 2877 εστίν
1051 2848 1231 2886 assumpta
1250 2855 1291 2876 ex
1312 2843 1353 2876 B.
1487 2854 1541 2885 2.4
1568 2842 1705 2900 ἐπείπερ
1724 2842 1842 2876 οἰστὸν
1858 2840 1964 2875 edidi.

376 2891 513 2971 ἐπεῗΙτφ
532 2889 580 2925 οἷς
599 2890 657 2924 τὸν
672 2890 714 2924 Β.
734 2889 806 2970 ε’Ἠὶ
824 2890 982 2935 περιττὸν
999 2888 1197 2924 emendavit
1220 2889 1281 2923 Ht.
1301 2889 1394 2924 unde
1414 2889 1480 2924 Ed.
1529 2890 1656 2924 Statim
1675 2887 1879 2932 ἐποιήσαντο
1897 2886 1963 2922 Ed.

377 2949 417 2971 ex
477 2943 501 2971 t.
521 2937 675 2971 ε’ποιίσαν
693 2951 739 2970 τω
792 2962 801 2970 .
