2084 3317
128 147 154 188 i.
175 162 213 203 9.
371 148 446 190 IN
487 148 530 189 S.
563 146 901 189 JOANNEM.
964 145 1090 187 LIB.
1123 145 1158 186 Ι.
1221 145 1355 187 CAP.
1389 145 1468 186 IX.
1635 146 1712 185 111

129 256 206 306 καὶ
240 254 441 323 ἄῤῥητον
473 256 641 307 οὐσίαν
673 254 1030 320 ἀναβησόμεθα,
1056 256 1133 305 καὶ
1167 251 1252 305 τὸν
1282 258 1365 304 τοῦ
1400 256 1525 304 Θεοῦ
1558 250 1718 318 Λόγον
1738 271 1760 297 e

128 339 210 400 τῆς
255 338 353 388 κατ’
397 336 625 401 ἀλήθειαν
669 336 989 399 ἐκβάλλοντες
1033 334 1257 400 υἱότητος,
1299 335 1394 386 ἀντ’
1440 333 1610 385 ἐκείνου
1653 336 1720 401 τῷ

129 419 286 484 Πατρὶ
323 420 714 485 συνεδρεύσομεν,
753 420 830 470 καὶ
871 418 1098 469 ὑπόθεσιν
1136 416 1358 478 ἀσεβείας
1396 415 1482 480 τὴν
1519 420 1602 466 τοῦ
1643 436 1717 465 τι-

127 503 312 562 μῶντος
345 499 645 564 ποιησόμεθα
678 499 817 567 χάριν
836 521 848 562 ;
893 498 958 563 μὴ
993 498 1193 563 γένοιτο·
1248 498 1358 549 ἀλλ’
1387 497 1522 548 ἔσται
1556 495 1641 560 μὲν
1672 497 1721 545 ἐν

87 595 109 633 5
129 579 298 648 οῖσπέρ
347 583 479 633 ἐστιν
522 581 887 649 ἀπαραποιήτως
939 583 964 632 ὁ
1008 580 1138 635 Υἱός·
1207 583 1331 632 θετοῖ
1383 579 1431 631 δὲ
1479 580 1608 644 ἡμεῖς
1658 582 1722 633 εἰς

128 662 332 728 υἱότητα,
369 665 446 714 καὶ
483 666 579 715 θεοὶ
619 663 737 715 κατὰ
775 663 927 732 χάριν,
964 664 1047 714 οὐκ
1085 665 1366 729 ἀγνοοῦντες
1404 662 1519 729 ὅπερ
1558 660 1717 726 ἐσμέν·

128 746 248 795 οὕτω
288 744 336 796 δὲ
372 743 486 796 εἶναι
520 748 596 797 καὶ
632 750 733 815 φῶς
767 743 875 799 τοὺς
909 744 1072 810 ἁγίους
1106 744 1406 808 πιστεύομεν.
1466 746 1636 812 χρῆναι
1671 742 1720 794 δὲ

128 824 256 888 οἶμαι
296 828 479 878 κάκεῖνο
520 827 946 890 διασκεπτομένους
988 828 1118 893 ὁρᾶν.
1186 825 1246 877 τὰ
1286 826 1372 890 μὲν
1412 826 1505 893 γὰρ
1546 824 1720 892 λογικὰ

127 911 223 958 τῶν
248 908 522 971 κτισμάτων
553 908 847 977 φωτιζόμενα
874 908 1076 978 φωτίζει,
1103 907 1224 960 κατὰ
1257 907 1513 973 μετάδοσιν
1540 913 1716 976 θεωρη-
1739 928 1761 953 a
1817 920 1870 955 75
1892 919 1946 953 A·

62 1010 109 1034 10
127 987 290 1053 μάτων
327 995 422 1041 τῶν
461 992 510 1042 ἐκ
552 997 634 1043 νοῦ
672 990 792 1058 πρὸς
832 991 994 1058 ἑτέραν
1036 990 1346 1059 εἶσχεομένων
1385 989 1603 1052 διάνοιαν,
1643 992 1720 1041 καὶ

127 1071 415 1123 διδασκαλιά
441 1078 649 1137 μᾶλλον,
675 1073 779 1138 ἤτοι
806 1072 1128 1142 ἀποκάλυψις,
1154 1074 1180 1124 ὁ
1205 1078 1414 1127 τοιοῦτος
1447 1071 1507 1123 ἂν
1533 1071 1721 1127 δικαίως

128 1158 321 1205 καλοῖτο
365 1154 627 1224 φωτισμός·
693 1157 718 1206 ὁ
759 1154 809 1206 δὲ
849 1161 933 1207 τοῦ
975 1159 1101 1206 Θεοῦ
1144 1154 1304 1222 Λόγος
1344 1155 1522 1226 φωτίζει
1563 1152 1722 1206 πάντα

127 1234 340 1305 ἄνθρωπον
373 1237 592 1306 ἐρχόμενον
627 1242 686 1293 εἰς
724 1237 791 1289 τὶν
827 1236 988 1306 κόσμον
1020 1237 1074 1288 οὐ
1112 1239 1475 1300 διδασκαλικῶς,
1508 1234 1720 1303 καθάπερ

128 1317 328 1383 ἄγγελοι
377 1318 533 1386 τυχὸν,
577 1317 607 1384 ἢ
659 1321 734 1370 καὶ
779 1319 1034 1385 ἅνθρωποι,
1080 1317 1212 1370 ἀλλὰ
1256 1324 1446 1383 μᾶλλον
1491 1321 1552 1373 ὡς
1598 1317 1721 1372 Θεὸς

64 1415 109 1452 15
130 1402 470 1467 δημιουργικῶς
506 1400 693 1471 ἑκάστῳ
728 1405 823 1452 τῶν
854 1405 917 1456 εἷς
951 1400 1005 1453 τὸ
1041 1398 1154 1452 εἶναι
1193 1401 1495 1465 καλουμένων
1526 1401 1720 1467 σπέρμα

129 1482 321 1551 σοφίας,
341 1482 443 1547 ἤτοι
470 1484 772 1549 θεογνωσίας,
794 1484 1018 1548 ἐντίθησι,
1046 1485 1122 1534 καὶ
1148 1483 1278 1550 ῥίζαν
1303 1482 1547 1552 ἐμφυτεύει
1573 1505 1714 1533 συνε-

128 1586 264 1627 σεως,
285 1564 479 1630 λογικόν
505 1588 555 1616 τε
581 1567 727 1619 οὕτως
753 1567 979 1617 ἀποτελεῖ
999 1564 1053 1616 τὸ
1080 1565 1197 1635 ζῷον
1222 1568 1306 1630 τῆς
1333 1565 1501 1619 οἰκείας
1527 1563 1720 1634 φύσεως

127 1643 326 1713 μέτοχον
351 1646 679 1709 ἀποδεικνύων,
703 1648 780 1698 καὶ
805 1649 888 1711 τῆς
913 1645 1167 1715 ἀφράστου
1193 1645 1529 1713 λαμπρότητος
1555 1644 1719 1713 ὥσπερ
1737 1659 1764 1700 b

127 1726 256 1781 τινὰς
295 1726 469 1791 ἀτμοὺς
508 1731 775 1797 φωτοειδεῖς
813 1729 941 1782 ἐνιεὶς
979 1732 1045 1798 τῷ
1084 1732 1163 1797 νῷ,
1202 1729 1309 1779 καθ’
1352 1727 1405 1779 ὃν
1443 1727 1584 1782 αὐτὸς
1625 1727 1719 1781 οἶδε

61 1829 109 1854 20
127 1807 305 1875 τρόπον
338 1832 387 1861 τε
426 1812 502 1860 καὶ
542 1808 707 1876 λόγον·
754 1813 825 1861 δεῖ
858 1809 966 1877 γὰρ,
999 1808 1141 1874 οἶμαι,
1174 1809 1331 1874 λέγειν
1366 1810 1415 1860 ἐν
1450 1809 1630 1864 τούτοις
1666 1811 1720 1861 οὐ

125 1890 334 1957 περιττά.
376 1891 453 1941 διά
476 1914 549 1942 τοι
573 1897 712 1943 τοῦτο
740 1892 816 1942 καὶ
843 1892 867 1942 ὁ
892 1891 1153 1958 προπάτωρ
1172 1890 1344 1956 Ἀδὰμ,
1365 1892 1448 1942 οὐκ
1474 1893 1522 1942 ἐν
1547 1891 1718 1962 χρόνῳ,

126 1971 338 2040 καθάπερ
363 1973 508 2037 ἡμεῖς,
536 1971 589 2024 τὸ
625 1971 740 2024 εἶναι
775 1971 933 2042 σοφὸς
965 1971 1287 2040 ἀποκερδάνας
1317 1975 1499 2040 ὁρᾶται,
1530 1974 1641 2025 ἀλλ’
1670 1976 1720 2025 ἐκ

125 2054 327 2120 πρώτων
353 2054 486 2109 εὐθὺς
521 2059 616 2106 τῶν
647 2058 730 2120 τῆς
763 2055 992 2121 γενέσεως
1025 2054 1210 2124 χρόνων
1242 2054 1415 2110 τέλειος
1450 2057 1498 2107 ἐν
1529 2054 1720 2107 συνέσει

126 2137 356 2204 φαίνεται,
381 2135 464 2188 τὸν
491 2137 687 2188 δοθέντα
725 2140 783 2204 τῇ
822 2136 967 2205 φύσει
1001 2137 1132 2203 παρὰ
1158 2140 1283 2189 Θεοῦ
1320 2137 1573 2207 φωτισμὸν
1598 2138 1715 2189 ἀθό-

60 2234 107 2273 25
127 2225 282 2269 λωτον
307 2218 372 2270 ἔτι
406 2221 481 2270 καὶ
518 2218 726 2286 καθαρὸν
749 2219 994 2286 διασώζων
1020 2221 1068 2270 ἐν
1094 2220 1257 2289 ἑαυτῷ,
1281 2221 1357 2271 καὶ
1391 2219 1718 2285 ἀκαπήλευτον

126 2299 246 2368 ἔχων
280 2304 363 2365 τῆς
401 2301 591 2370 φύσεως
629 2301 683 2353 τὸ
723 2302 923 2371 ἀξίωμα.
978 2302 1166 2370 φωτίζει
1200 2307 1451 2368 τοιγαροῦν
1487 2303 1709 2368 δημιουρ·
1732 2327 1754 2354 c

125 2386 268 2446 γικῶς
320 2382 406 2447 μὲν
451 2384 476 2434 ὁ
522 2382 650 2446 Υἱὸς,
697 2381 777 2434 ἅτε
826 2382 882 2447 δὴ
933 2381 987 2434 τὸ
1040 2388 1143 2452 φῶς
1194 2382 1420 2451 ὑπάρχων
1472 2381 1611 2437 αὐτὸς
1660 2382 1715 2434 τὸ

126 2463 364 2527 ἀληθινὸν,
410 2464 529 2516 κατὰ
576 2465 782 2533 μετοχὴν
826 2464 875 2516 δὲ
924 2465 953 2529 ἡ
1005 2466 1158 2520 κτίσις
1208 2465 1294 2530 τὴν
1337 2463 1456 2532 πρὸς
1506 2463 1560 2515 τὸ
1611 2468 1715 2533 φῶς

126 2546 513 2612 ἐκλαμπρύνεται,
542 2547 618 2598 καὶ
656 2551 866 2598 καλεῖται
901 2545 977 2598 διὰ
1010 2553 1149 2598 τοῦτο
1184 2549 1260 2598 καὶ
1293 2548 1470 2613 γίνεται
1507 2550 1625 2615 φῶς,
1651 2550 1714 2600 εἷς

60 2646 109 2681 30
126 2626 185 2678 τὰ
218 2627 332 2694 ὑπὲρ
364 2629 513 2697 φύσιν
539 2629 865 2690 ἀναβαίνουσα
901 2627 976 2679 διὰ
1009 2627 1095 2692 τὴν
1119 2635 1203 2680 τοῦ
1234 2628 1529 2697 δοξάσαντος
1561 2627 1713 2695 χάριν,

127 2710 202 2760 καὶ
237 2709 478 2777 διαφόροις
511 2709 657 2775 αὐτὴν
683 2714 1038 2780 στεφανοῦντος
1063 2714 1230 2775 τιμαῖς,
1259 2712 1320 2764 ὡς
1352 2710 1478 2774 ἥκειν
1504 2708 1713 2775 εὐλόγως

175 2828 207 2852 2.
234 2817 435 2855 ἐκβάλοντες
454 2818 534 2863 (Sic)
555 2818 601 2852 D.
621 2818 847 2859 ἐκβαλλόντες
866 2819 946 2864 (Sic)
966 2819 1009 2854 E.
1129 2828 1162 2861 5.
1188 2816 1329 2863 οἷο-πέρ]
1350 2816 1399 2853 οἷς
1418 2817 1461 2852 Β.
1583 2826 1614 2863 7.
1641 2817 1712 2863 καὶ]

127 2864 210 2898 κατὰ
229 2864 271 2898 Β.
481 2874 533 2909 17.
558 2865 596 2898 τὸ
613 2876 683 2899 om.
704 2865 746 2900 Β.
764 2865 896 2901 habent
912 2878 942 2901 a.
962 2865 1069 2901 Cord.
1090 2864 1147 2899 Cr.
1354 2875 1409 2909 23.
1435 2863 1564 2900 τέλειος
1580 2876 1651 2899 om.
1672 2865 1715 2899 B.

129 2919 184 2956 27.
211 2910 311 2946 αὐτὸς
330 2910 372 2944 Β.
393 2910 499 2945 Cord.
520 2910 579 2945 Cr.
597 2911 677 2945 αὐτὸ
697 2911 765 2947 Ed.
1018 2923 1075 2957 31.
1102 2912 1356 2957 στεφανοῦντος
1375 2912 1417 2946 Β.
1437 2911 1628 2957 στέφοντος
1646 2911 1714 2946 Ed.

127 2957 278 3002 εὐλόγως
295 2957 342 2992 εἷς
357 2957 464 3000 μέσον
480 2957 546 2992 hoc
564 2957 686 2992 Ordine
704 2958 746 2993 B.
