2084 3317
129 164 154 204 i.
175 178 244 220 32,
262 179 328 221 33.
382 166 455 206 IN
498 165 540 206 S.
573 165 911 206 JOANNEM.
973 167 1097 207 LIB.
1131 167 1192 208 II.
1255 168 1389 209 CAP.
1424 169 1457 208 Ι.
1640 170 1718 209 181

130 285 156 307 “
184 279 442 343 Χριστοῦ·”
485 277 550 331 οἷς
578 277 634 340 δὴ
661 281 735 328 καὶ
763 283 954 341 μᾶλλον
980 278 1336 343 ἐπαλγύνεσθαι
1362 281 1470 340 δεῖν,
1497 279 1551 328 οὐ
1577 284 1720 345 χαλε-

127 361 308 411 παίνειν
335 360 484 428 ἄξιον.
542 361 596 410 οὐ
622 358 715 425 γὰρ
742 359 925 422 ἴσασιν,
954 358 983 409 ἃ
1009 360 1439 424 ἀναγινώσκουσιν.

194 439 310 492 “Orc
344 441 393 492 δὲ
428 441 610 505 ἀληθὴς
646 443 671 492 ὁ
709 440 868 506 λόγος,
894 443 1103 492 ἐντεῦθεν
1130 442 1239 506 ἡμῖν
1265 442 1400 492 ε”σται
1434 441 1718 510 καταφανὲς,

129 527 167 574 εὶ
208 526 284 575 καὶ
325 522 395 574 ὅτι
435 522 652 587 μάλιστα
698 523 773 574 διὰ
816 528 912 573 τῶν
956 522 1045 587 ἤδη
1095 523 1597 590 προγεγυμνασμένων
1640 525 1761 574 mina
1806 535 1878 568 121
1894 534 1945 569 A·

88 605 354 673 5ἆῖκομψον
392 604 714 669 ἐποιησάμεθα
752 606 838 668 τὴν
877 603 1131 674 ἀπόδειξιν·
1187 605 1301 657 αὐτὸ
1341 605 1389 657 δὲ
1427 605 1575 657 πάλιν
1613 607 1723 671 ἡμῖν

130 687 185 738 τὸ
226 686 302 738 διὰ
347 690 431 752 τῆς
475 693 558 738 τοῦ
603 686 802 737 Παύλου
843 686 1101 751 λεγόμενον
1143 691 1305 754 φωνῆς
1343 686 1723 754 παροισθήσεται

132 777 160 800 “
185 773 342 820 Τοῦτο
381 774 606 837 φρονεῖτε,
641 770 805 836 φησὶν,
841 768 1040 822 ἕκαστος
1078 771 1126 820 ἐν
1162 771 1269 829 ὑμῖν
1302 771 1458 822 αὐτοῖς
1497 769 1522 820 ὃ
1562 772 1637 820 καὶ
1677 771 1724 820 ἐν

133 859 159 882 “
186 855 387 922 Χριστῷ
412 852 588 915 Ἰησοῦ,
610 849 660 904 ὃς
686 853 734 901 ἐν
759 854 923 918 μορφῇ
952 854 1078 901 Θεοῦ
1104 850 1331 919 ὑπάρχων
1358 853 1445 919 οὐχ
1471 851 1725 919 ἁρπαγμὸν

133 940 162 962 “
188 933 406 998 ἡγήσατο
441 933 495 983 τὸ
529 931 642 983 εἶναι
675 932 761 982 ’ίσα
795 936 919 1002 Θεῷ,
947 934 1058 983 ἀλλ’
1095 932 1261 984 ἑαυτὸν
1296 933 1496 984 ἐκένωσε
1533 932 1727 1002 μορφὴν

67 1022 162 1059 ΙΟ“
187 1015 361 1065 δούλου
406 1014 587 1077 λαβὼν,
632 1016 680 1065 ἐν
725 1015 985 1078 ὁμοιώματι
1033 1015 1297 1082 ἀνθρώπων
1341 1015 1606 1081 γενόμενος,
1652 1016 1728 1065 καὶ

133 1105 162 1127 “
188 1095 401 1164 σχήματι
427 1099 626 1161 εὑρεθεὶς
658 1099 719 1150 ὡς
749 1097 1000 1164 ἄνθρωπος
1037 1098 1353 1148 ἐταπείνωσεν
1378 1097 1589 1149 ἑαυτόν.”
1628 1097 1729 1148 ἰδοὺ

135 1177 191 1243 δὴ
230 1180 338 1230 λίαν
368 1177 684 1245 ἀποθαυμάζει
720 1177 803 1229 τὸν
827 1179 959 1242 Υἱὸν,
987 1181 1048 1232 ὡς
1082 1179 1190 1230 ’ίσον
1216 1179 1301 1243 μὲν
1333 1179 1447 1231 ὅντα
1485 1182 1559 1230 καὶ
1595 1179 1721 1242 σύμ·
1748 1193 1774 1233 b

135 1267 324 1328 μορφον
356 1266 421 1331 τῷ
457 1265 566 1330 Θεῷ
606 1263 682 1311 καὶ
721 1263 892 1327 Πατρῖ,
919 1261 982 1325 μὴ
1021 1260 1115 1326 μὴν
1149 1261 1436 1328 ἁρπάσαντα
1475 1267 1614 1312 τοῦτο
1654 1261 1730 1312 διὰ

136 1342 223 1407 τὴν
249 1342 494 1408 ἀγάπησιν
519 1342 605 1407 τὴν
629 1347 690 1396 εἷς
717 1343 851 1406 ἡμᾶς,
879 1342 1239 1403 καταβεβηκότα
1267 1343 1315 1394 δὲ
1350 1347 1411 1397 εἷς
1446 1343 1732 1394 ταπείνωσιν

71 1438 118 1477 15
138 1425 214 1476 διὰ
249 1428 332 1489 τῆς
367 1430 449 1475 τοῦ
485 1425 657 1476 δούλου
687 1427 890 1492 μορφῆς,
918 1426 1228 1488 κεκενωμένον
1254 1424 1330 1476 διὰ
1364 1424 1450 1489 τὴν
1476 1424 1728 1490 ἀνθρωπό-

137 1531 274 1571 τητα.
336 1508 444 1557 ἀλλ’
493 1507 633 1573 εἴπερ,
680 1505 717 1557 ὦ
768 1507 908 1570 οὗτοι,
952 1507 1007 1558 τὸ
1061 1511 1258 1570 Πνεῦμα
1309 1507 1477 1568 λαβὼν
1521 1507 1731 1573 ἡγιάσθη

139 1594 341 1651 μᾶλλον,
370 1589 446 1639 ὅτε
486 1588 678 1655 γέγονεν
710 1590 970 1655 ἅνθρωπος,
1004 1591 1168 1640 ἑαυτοῦ
1207 1612 1256 1640 τε
1296 1590 1518 1656 κρείττων
1549 1590 1731 1656 ἐδείχθη

138 1670 214 1737 διὰ
253 1669 335 1722 τὸν
368 1670 622 1736 ἁγιασμὸν,
659 1675 721 1724 εἶς
758 1673 898 1722 ποίαν
933 1669 1075 1721 αὑτὸν
1111 1669 1332 1740 ὀψόμεθα
1371 1669 1733 1735 καταβεβηκότα

138 1754 454 1814 ταπείνωσιν;
512 1757 611 1806 πῶς
657 1753 944 1816 ἐταπεινώθη
983 1752 1037 1803 τὸ
1077 1753 1279 1821 ὑψωθὲν,
1319 1758 1411 1804 ποῦ
1457 1753 1632 1817 κατέβη
1677 1751 1732 1803 τὸ

59 1858 124 1884 v20
141 1834 386 1900 ἁγιασθὲν,
428 1834 455 1899 ἦ
500 1839 601 1888 πῶς
646 1836 729 1885 οὐκ
774 1834 918 1899 ἀνέβη
957 1839 1147 1898 μᾶλλον
1187 1836 1260 1885 καὶ
1306 1837 1380 1886 ἐπὶ
1425 1835 1479 1886 τὸ
1525 1839 1774 1901 κρεῖττονο

141 1917 312 1984 ὑψώθη
331 1937 344 1979 3
403 1917 542 1967 ποίαν
585 1916 679 1984 ἔχει
729 1915 814 1980 τὴν
863 1917 1062 1967 κένωσιν
1113 1917 1141 1981 ἡ
1195 1916 1269 1967 διὰ
1319 1922 1402 1967 τοῦ
1456 1915 1735 1982 Πνεύματος

140 1998 426 2065 πλήρωσις;
470 2003 570 2052 πῶς
597 1999 640 2050 δ’
670 1998 728 2049 ἂν
755 1998 879 2052 ὅλως
911 1999 965 2049 δι’
995 1999 1115 2062 ἡμᾶς
1150 1998 1522 2066 ἐνανθρωπήσας
1561 2003 1733 2060 νοοῖτο,

1787 763 1871 793 Phil.
1889 762 1922 793 ii.

1788 808 1861 846 5-8.

141 2082 381 2145 τοσαύτην
418 2083 466 2131 ἐν
505 2086 600 2134 τοῖς
641 2083 746 2132 καθ’
781 2081 946 2132 ἑαυτὸν
983 2081 1233 2143 ὑπομείνας
1272 2082 1357 2145 τὴν
1395 2081 1578 2146 ὄνησιν·
1637 2086 1737 2135 πῶς

143 2171 169 2192 “
197 2163 465 2230 ἐπτώχευσε
503 2162 559 2213 δι’
595 2164 746 2226 ήμᾶς”
777 2165 801 2213 ὁ
836 2163 1083 2225 πλούσιος,
1113 2165 1137 2213 ὁ
1171 2163 1452 2228 πλουτήσας
1489 2165 1544 2214 δι’
1580 2164 1731 2228 ἡμᾶς;
1802 2170 1907 2253 {ff}-

79 2261 127 2299 25
144 2250 243 2298 πῶς
276 2244 325 2295 δὲ
355 2245 411 2310 ἦν
438 2246 672 2299 πλούσιος
698 2247 772 2296 καὶ
799 2244 892 2311 πρὸ
920 2248 1004 2309 τῆς
1029 2246 1287 2309 ἐπιδημίας,
1308 2246 1332 2296 ὁ
1358 2245 1528 2307 λαβών
1553 2247 1601 2297 ἐν
1622 2247 1739 2314 αὐτῇ

144 2329 241 2377 κατ’
271 2328 467 2380 ἐκείνους
494 2327 608 2393 ὅπερ
636 2329 718 2378 οὐκ
745 2326 852 2395 εἶχε,
879 2327 933 2378 τὸ
964 2332 1160 2392 Πνεῦμα
1186 2326 1370 2392 δηλαδή
1395 2350 1406 2390 ;
1451 2327 1480 2392 ἢ
1507 2333 1608 2381 πῶς
1635 2328 1738 2395 οὐχὶ

145 2413 337 2471 μᾶλλον
375 2409 515 2462 αὐτὸς
554 2410 785 2472 ἀναθήσοι
826 2411 1012 2463 δικαίως
1053 2411 1162 2474 ἡμῖν
1201 2409 1260 2460 τὰ
1300 2412 1372 2476 ἐφ’
1415 2409 1481 2463 οῖς
1523 2411 1577 2461 δι’
1619 2410 1739 2474 ἡμᾶς

147 2489 389 2558 ὠφέληται
425 2492 746 2559 χαριστήρια,
792 2500 818 2522 “
837 2491 1060 2561 Ἐξέστη,
1098 2491 1217 2543 κατὰ
1254 2492 1307 2542 τὸ
1344 2491 1687 2558 γεγραμμένον,
1714 2493 1739 2542 ὁ
1759 2494 1948 2579 ᾶξῗθξὲῑῑ·

148 2580 174 2602 “
201 2573 396 2639 οὐρανὸς
435 2575 509 2624 ἐπὶ
547 2573 698 2643 τούτῳ
736 2579 810 2625 καὶ
851 2574 1042 2642 ἔφριξεν
1073 2576 1146 2625 ε’πὶ
1182 2579 1348 2625 πλεῖον
1375 2572 1585 2641 σφόδρα,
1613 2572 1741 2638 λέγει

81 2672 131 2708 30
149 2663 174 2685 ‘⁶
204 2655 393 2721 Κύριος·
455 2655 538 2706 δύο
583 2657 676 2722 γὰρ
717 2659 793 2707 καὶ
837 2655 1054 2721 πονηρά”
1106 2655 1251 2708 ὅντως
1289 2656 1540 2718 πεποίηκεν
1577 2656 1601 2705 ὁ
1647 2658 1743 2706 τῶν

197 2789 230 2823 6.
249 2791 435 2834 λεγόμενον
456 2789 495 2823 Β.
514 2788 720 2834 λελεγμένον
738 2789 804 2824 Ed.
855 2788 1127 2834 παροισθὴσετειι
1146 2788 1188 2822 Β.
1207 2787 1442 2832 προστήσεται
1462 2787 1528 2821 Ed.
1601 2797 1632 2833 7.
1650 2789 1741 2833 φρο-

152 2838 236 2870 νεῖτε
258 2836 298 2870 Β.
319 2835 501 2881 [φρόνηται
526 2852 554 2862 =
574 2838 731 2881 φρονεῖτε
753 2836 812 2882 Β.]
833 2837 1001 2882 φρονείτω
1023 2835 1088 2870 Ed.
1157 2834 1283 2868 Statim
1307 2837 1417 2878 φησιν
1433 2841 1514 2879 post
1533 2835 1608 2878 ὑμῖν
1625 2840 1742 2869 trans-

153 2883 252 2928 ponit
272 2883 312 2917 Β.
381 2883 524 2916 ἕκαστον
544 2882 584 2916 Β.
651 2884 727 2927 ὑμῖν
748 2883 839 2918 ΒΛ).
861 2884 995 2927 Migne.
1013 2882 1090 2926 ἡμῖν
1109 2881 1174 2915 Ed.
1289 2892 1345 2914 21.
1372 2880 1390 2924 ἡ
1409 2893 1480 2915 0111.
1503 2881 1543 2915 B.
1641 2893 1697 2925 24.
1724 2883 1743 2915 ὁ

152 2929 320 2964 πλούσιος
337 2936 556 2973 assumptum
577 2942 618 2962 ex
641 2930 679 2963 Β.
797 2941 852 2975 29.
879 2928 1003 2975 τούτῳ]
1029 2933 1064 2968 4-
1087 2928 1209 2971 ἐξέστη
1230 2927 1294 2961 Ed.
1315 2927 1423 2961 invito
1444 2927 1484 2961 B.
1605 2939 1662 2973 30.
1689 2929 1743 2962 καὶ

153 2977 282 3021 πονηρὰ
300 2975 402 3010 ὅντως
420 2975 486 3009 hoc
505 2975 626 3009 Ordine
648 2976 687 3010 B.
708 2976 810 3012 ὅντως
828 2978 880 3010 κιιὶ
897 2977 1026 3019 πονηρὰ
1048 2975 1112 3009 Ed.
