2084 3317
118 175 170 216 vi.
189 175 314 217 8-10.
356 177 433 217 IN
475 177 515 219 S.
550 177 888 219 JOANNEM.
948 175 1072 216 LIB.
1106 174 1192 216 III.
1255 175 1389 215 CAP.
1425 174 1503 214 IV.
1621 177 1699 216 411

118 283 309 350 α’ίρουσί
335 308 435 340 πως
469 290 531 339 εἶς
568 287 691 356 ὕψος
726 284 780 337 τὸ
815 289 985 348 θαῦμα,
1013 286 1088 335 καὶ
1114 282 1529 352 περιφανεστάτην
1554 284 1699 348 ἀπερ·
1724 297 1751 337 d

118 364 337 431 γάζονται
361 366 448 431 τὴν
474 373 556 419 τοῦ
584 371 806 434 Σωτῆρος
832 365 987 434 ἰσχὺν,
1012 364 1099 430 τὴν
1126 365 1244 416 ὅσον
1270 365 1451 417 οὐδέπω
1477 368 1706 430 κορεσθη-

116 447 326 512 σομένην
363 448 555 513 πληθὺν
594 449 669 500 διὰ
714 454 809 500 τῶν
847 448 1026 500 οἰκείων
1065 446 1484 511 κατασημήναντες
1527 444 1706 511 λόγων,

118 530 193 579 καὶ
243 530 604 597 περιτέτραπται
654 535 736 595 τῆς
787 532 1012 583 ἀπιστίας
1069 530 1096 593 ἡ
1156 528 1350 592 δύναμις
1406 531 1468 581 εἰς
1525 527 1710 592 ἀγαθὴν

76 629 97 666 5
118 611 377 676 μαρτυρίαν
414 612 500 677 τὴν
544 615 619 665 ἐπὶ
657 616 873 683 Χριστῷ.
947 612 1001 663 δι’
1043 609 1109 662 ῶν
1147 608 1240 676 γὰρ
1283 614 1379 663 τοῖς
1420 608 1584 677 ὄχλοις
1628 610 1711 660 οὐκ

119 692 388 760 ἐξαρκέσειν
439 694 782 760 ὡμολογήκασι
840 692 959 761 πρὸς
1013 697 1242 760 βραχεῖαν
1293 690 1566 743 ἀπόλαυσιν
1617 695 1711 742 τῶν

120 773 364 826 τοσούτων
390 777 626 843 ἀργυρίων
651 776 706 828 τὸ
740 776 926 843 μέτρον,
953 774 1030 825 διὰ
1061 775 1241 825 τούτων
1268 774 1422 824 αὐτῶν
1449 772 1534 837 τὴν
1557 772 1710 839 ἀπόῤ-

119 858 265 923 ῥητον
307 863 391 909 τοῦ
443 859 695 912 ἑστιῶντος
745 856 1106 926 καταστέφουσι
1156 856 1366 918 δύναμιν,
1413 855 1488 906 ὅτε
1534 855 1590 918 δὴ
1636 858 1713 905 καὶ

120 936 305 992 ἐνόντος
342 939 542 993 οὐδενός·
585 942 632 991 τί
667 939 760 1005 γὰρ
799 938 857 1004 ἧν
888 944 948 994 εἷς
983 937 1207 992 τοσούτους
1242 936 1302 987 τὰ
1335 936 1466 1002 παρὰ
1497 940 1564 1005 τῷ
1599 960 1710 987 ποιι-
1731 958 1752 983 e

53 1045 100 1070 10
122 1017 258 1089 ὃοιρίῳ
296 1019 416 1072 κατὰ
453 1021 537 1072 τὸν
574 1021 800 1088 Ἀνδρέου
839 1020 1019 1086 λόγους
1074 1018 1132 1069 τὰ
1170 1021 1253 1082 τῆς
1292 1023 1355 1072 εἷς
1393 1017 1500 1071 τοὺς
1540 1017 1714 1086 ὄχλους

120 1101 309 1168 ἀγάπης
334 1106 409 1154 καὶ
434 1105 629 1172 σφόδρα
654 1105 900 1157 πλουσίως
926 1102 1165 1167 ἐκβέβηκε.

195 1185 433 1250 Τοιαύτην
471 1185 575 1237 τινὰ
615 1184 735 1236 κατὰ
773 1184 858 1249 τὴν
892 1185 1066 1251 ἐρημον
1101 1185 1176 1234 καὶ
1214 1182 1302 1246 τὴν
1336 1187 1419 1233 τοῦ
1458 1182 1717 1250 πανσόφου

124 1268 373 1322 Μωυσεως
411 1269 746 1334 ὀλιγοπιστίαν
781 1266 1057 1333 εὑρήσομεν.
1110 1266 1299 1317 ἐκλαιον
1333 1288 1419 1328 μεν
1451 1263 1545 1331 γὰρ
1583 1266 1623 1314 οἱ
1664 1264 1720 1333 ἐξ
1778 1265 1882 1348 {um-
1897 1274 1939 1294 '‘¹-

121 1348 339 1416 Ἰσραὴλ,
384 1351 461 1401 καὶ
510 1349 630 1417 πρὸς
676 1348 915 1416 βδελυραν
960 1348 1208 1411 ἐπιθυμίαν
1253 1352 1348 1398 τῶν
1395 1348 1444 1397 ἐν
1488 1346 1717 1414 Αιγύπτῳ
1828 1328 1856 1348 ³

55 1448 102 1486 15
123 1432 365 1500 τραπεζῶν
391 1433 795 1499 κατηρεθισμένοι,
824 1432 1032 1496 λέβητας
1067 1430 1152 1494 μὲν
1177 1429 1470 1496 ἀκαθάρτους
1505 1427 1715 1497 ἐφαντά-

125 1514 258 1581 ζοντο
298 1519 459 1581 κρεῶν,
500 1514 754 1582 κρομμύων
793 1513 841 1565 δὲ
886 1515 963 1564 καὶ
1009 1512 1256 1580 σκορόδων
1295 1513 1371 1563 καὶ
1412 1513 1495 1574 τῆς
1533 1511 1582 1561 ἐν
1623 1514 1720 1563 τοῖς

127 1597 362 1661 ὁμοειδέσι
401 1596 708 1665 χυδαιότητος
752 1600 815 1650 εἷς
859 1594 1191 1659 ἐκτοπωτάτην
1227 1594 1487 1647 ἐκνεύοντες
1526 1591 1716 1656 ἡδονὴν,

127 1682 203 1730 καὶ
229 1684 324 1730 τῶν
351 1681 486 1731 θείων
513 1678 840 1745 ἀλογήσαντες
875 1679 1083 1743 ἀγαθῶν,
1111 1675 1373 1745 ἐπεφύοντό
1407 1698 1508 1729 πως
1547 1677 1621 1725 καὶ
1655 1677 1722 1742 τῷ

127 1762 418 1825 μεσιτεύοντι
460 1765 535 1812 καὶ
579 1764 962 1827 παιδαγωγοῦντι
1004 1763 1222 1811 Μωυσεῖ.
1287 1759 1398 1808 ἀλλ’
1440 1757 1524 1808 οὐκ
1563 1755 1763 1821 ἠγνόειει
1795 1769 1879 1804 279
1895 1767 1948 1804 Α.

57 1859 107 1884 20
129 1843 253 1898 Θεὸς
284 1843 344 1894 τὰ
376 1845 448 1912 ἐφ’
478 1842 545 1897 οἷς
582 1841 851 1908 ἀνοιμώζειν
885 1843 912 1906 ἡ
950 1839 1138 1905 πληθὺς
1171 1840 1412 1906 ἠπείγετο,
1442 1840 1518 1890 καὶ
1555 1837 1612 1902 δὴ
1648 1840 1724 1888 καὶ

127 1926 376 1977 ἐπιδώσειν
420 1927 575 1980 αὐτοῖς
621 1924 733 1992 κρέα
777 1923 1214 1990 κατεπηγγέλλετο.
1286 1919 1442 1986 ἐπειδὴ
1488 1919 1537 1972 δὲ
1577 1918 1637 1984 ἧν
1676 1920 1725 1970 ἐν

126 2008 283 2079 ἐρήμῳ
308 2012 392 2073 τῆς
417 2010 690 2079 φιλοτιμίας
715 2007 743 2071 ἡ
770 2006 1050 2074 ὑπόσχεσις,
1074 2007 1149 2056 καὶ
1176 2002 1443 2068 δυσήνυτόν
1469 2025 1584 2065 πως,
1607 2002 1725 2053 ὅσον

126 2091 235 2156 ἧκεν
260 2094 322 2145 εἰς
348 2090 642 2158 ἀνθρώπινον
670 2095 793 2152 νοῦν,
820 2088 966 2140 ἐδόκει
991 2087 1045 2139 τὸ
1081 2091 1298 2154 πρᾶγμα,
1322 2085 1577 2152 πρόσεισιν
1604 2085 1718 2134 ἀνα-

127 2177 257 2234 βοῶν
285 2175 309 2224 ὁ
338 2176 555 2237 Μωυσῆς
583 2179 610 2202 “
633 2170 917 2241 Ἐξακόσιαι
953 2170 1162 2237 χιλιάδες
1195 2168 1343 2235 πεζῶν
1371 2169 1396 2218 ὁ
1432 2166 1550 2221 λαὸς
1583 2168 1630 2217 ἐν
1657 2164 1724 2219 οἷς
1788 2182 1947 2219 Ib.21‚22.

60 2266 108 2305 25
130 2262 157 2286 ‘⁶
182 2259 273 2320 εἶμι
312 2257 360 2306 ἐν
392 2255 561 2317 αὐτοῖς,
589 2277 665 2305 και
704 2276 768 2304 συ
802 2250 926 2306 εἶπες
962 2252 1094 2318 Κρεά
1132 2251 1276 2303 δώσω
1315 2251 1485 2312 αὐτοῖς,
1519 2252 1597 2300 καὶ
1631 2247 1725 2317 φά-

129 2344 347 2404 “γονται
380 2340 508 2401 μῆνα
540 2336 742 2402 ἡμερῶν·
786 2334 850 2399 μὴ
881 2334 1105 2401 πρόβατα
1145 2356 1220 2384 και
1245 2332 1356 2394 βόες
1381 2332 1724 2401 σφαγήσονται

146 2420 354 2483 ίαὐτοῖς,
392 2420 468 2470 καὶ
509 2418 696 2485 ἀρκεσει
739 2418 925 2470 αὐτοῖς·
914 2457 926 2479 ,
1008 2418 1084 2467 καὶ
1124 2417 1172 2467 τί
1209 2414 1329 2481 πρὸς
1374 2420 1522 2465 ταῦτα
1561 2412 1716 2466 &⁶65-
1705 2452 1718 2474 ‚

132 2510 158 2533 “
187 2500 274 2566 Μὴ
300 2524 401 2569 χειρ
429 2501 607 2566 Κυρίου
633 2501 715 2551 οὐκ
743 2498 962 2567 ἀρκεσει·
951 2539 964 2561 ,
970 2498 995 2514 ”
1035 2499 1142 2565 περὶ
1169 2497 1218 2548 τί
1239 2496 1332 2563 γὰρ
1360 2494 1418 2547 ἀν
1444 2519 1520 2547 και
1546 2496 1720 2546 ἀδυνα-
1743 2504 1769 2545 b
1788 2508 1838 2539 Ib-
1862 2516 1910 2547 23-

130 2583 275 2649 τήσαι
306 2581 461 2645 Θεός;

62 2693 112 2728 30
206 2666 395 2717 Οὐκοῦν
419 2665 515 2730 ἐρεῖ
543 2687 613 2718 τις
646 2662 868 2729 εὐλόγως,
897 2665 972 2715 καὶ
1007 2665 1082 2714 ἐπὶ
1118 2667 1214 2716 τοῖς
1250 2660 1380 2725 παρὰ
1407 2661 1651 2711 Φιλίππου
1677 2681 1725 2709 τε

180 2817 213 2852 3.
239 2804 543 2849 κατασημαίνοντες
564 2804 607 2838 Β.
702 2803 735 2838 6.
754 2801 936 2856 βραχεῖαν]
956 2802 1106 2848 βραχὺ
1089 2816 1129 2836 αν
1148 2801 1190 2835 Β.
1210 2801 1320 2835 invito
1339 2799 1448 2834 Cord.
1549 2799 1601 2832 16.
1625 2800 1729 2842 σκόρ-

135 2886 204 2921 δων
221 2885 269 2921 D.
382 2895 438 2919 20.
465 2882 713 2929 ἀνοιμώζειν]’“
696 2899 736 2918 αν
752 2849 897 2928 wizzam
919 2884 961 2918 B.
1076 2892 1131 2916 22.
1157 2880 1175 2924 ἡ
1195 2892 1265 2915 om.
1287 2881 1328 2914 B.
1395 2878 1564 2923 δυσὴνύτο
1585 2878 1665 2923 (sic)
1688 2877 1729 2912 Β.

137 2944 193 2978 23.
218 2932 404 2978 προσοίσει
424 2931 466 2965 Β.
565 2941 621 2973 24.
646 2931 834 2974 ἑξακοσίων
853 2930 895 2964 Β.
946 2930 1072 2964 Statim
1089 2929 1199 2970 πεζῶν
1215 2927 1392 2972 χιλιάδες
1386 2938 1445 2960 mv
1448 2938 1526 2961 erso
1543 2925 1666 2961 ordine
1687 2924 1728 2958 Β.

137 2981 192 3015 28.
218 2979 259 3015 ἂν
275 2991 345 3015 om.
367 2978 409 3013 B.
475 2976 677 3021 ἀδυνατήσει
697 2977 739 3012 Β.
883 2988 940 3022 30.
966 2991 1002 3011 τε
1021 2981 1244 3021 assumptum
1261 2986 1302 3008 ex
1323 2974 1364 3008 B.
1371 2973 1417 3008 D.

878 3044 999 3086 3G2
