2084 3317
348 149 429 189 702
751 151 798 190 Β.
834 150 1110 191 CYRILLI
1151 150 1534 192 ALEXANDR.
1780 149 1850 191 vii.
1866 146 1934 201 46.

347 257 688 325 ἀνεκομίζοντο.
751 265 1063 327 θορυβοῦνται
1107 259 1155 310 δὲ
1200 260 1310 309 λίαν
1349 258 1468 325 πρὸς
1511 258 1596 322 τὴν
1636 258 1802 327 ἄφιξιν
1843 263 1938 309 τῶν

304 345 588 410 ἆὺπηρετῶν,
616 342 704 409 οὐχ
739 343 939 408 ὁρῶντες
973 341 1168 409 ε”χοντας
1202 340 1285 392 τὸν
1316 340 1610 407 ζητούμενον.
1666 339 1692 391 ὃ
1725 340 1773 390 δὲ
1808 339 1866 404 ἧν
1890 342 1937 390 ἐν

349 425 578 492 ὑποψίαις
619 425 789 487 αὐτοῖς,
831 424 919 489 ἤδη
971 425 1230 489 δεδρᾶσθαι
1279 422 1594 485 πιστεύοντες,
1639 423 1692 472 οὐ
1742 421 1938 488 μετρίως

347 505 640 571 πλήττονται
675 505 869 569 δείματι.
921 503 1077 568 ἐπειδὴ
1112 504 1207 571 γὰρ
1247 503 1323 555 διά
1361 527 1410 554 τε
1449 505 1659 569 σημείων
1685 505 1939 571 ὑπερφυῶν

348 589 424 638 καὶ
464 591 547 652 τῆς
585 590 633 639 ἐν
666 588 828 655 λόγοις
867 589 1137 654 ὑπερβολῆς
1177 586 1458 652 ἐθαυμάζετο
1491 584 1718 652 Χριστὸς,
1750 589 1817 655 τῷ
1854 583 1980 649 μὲν5

348 669 607 740 συντρόφῳ
650 671 1045 736 κατεμαραίνοντο
1086 668 1266 738 φθόνῳ·
1323 667 1451 732 ἦσαν
1490 668 1538 719 δὲ
1579 668 1727 719 πάλιν
1765 668 1848 718 οὐκ
1892 668 1940 718 ἐν

348 752 498 821 ὀλίγῳ
536 755 603 820 τῷ
641 751 783 821 φόβῳ
823 751 889 816 μὴ
936 751 1029 818 ἄρα
1068 755 1164 802 τῶν
1201 750 1442 801 Ἰουδαίων
1481 751 1506 800 ὁ
1551 753 1697 814 δῆμος
1741 750 1940 801 ἕπεσθαι

349 833 519 885 λοιπὸν
544 834 616 885 ὅτι
647 835 816 900 πρέποι
855 831 1118 898 δοκιμάσας
1157 833 1284 902 αὐτῷ
1321 835 1404 897 τῆς
1442 833 1596 883 αὐτῶν
1628 831 1720 901 ἔξω
1757 832 1940 898 γένοιτο

349 915 516 984 χειρός.
568 922 708 968 τοῦτο
742 915 1014 984 πεπράχθαι
1049 916 1344 979 νομίσαντες·
1386 913 1654 982 ἑτοιμότερα
1679 913 1772 981 γὰρ
1799 918 1860 969 εἰς
1885 912 1940 964 τὸ

349 998 662 1050 πιστεύεσθαι
688 997 748 1049 τὰ
773 1000 821 1049 ἐν
846 999 1076 1068 ὑποψίαις
1101 999 1186 1049 ἀεί·
1229 998 1501 1051 σπουδαίως
1536 996 1940 1048 ἀναπυνθάνονται
1963 1018 2011 1044 ιο
2069 984 2072 1011 ε’

311 1081 569 1146 ολέγοντες
599 1083 741 1131 Διατί
775 1084 850 1132 οὐκ,
882 1080 1077 1147 ἠγάγετε
1111 1082 1267 1141 αὐτόν,
1311 1079 1362 1130 τί
1391 1078 1484 1146 γὰρ
1521 1080 1639 1143 ὑμᾶς
1671 1077 1725 1130 τὸ
1765 1081 1938 1129 διακω-

351 1162 524 1226 λύσαν,
552 1165 691 1231 φασὶ,
714 1161 778 1227 μὴ
805 1167 867 1216 εἷς
892 1163 1038 1229 πέρας
1064 1163 1262 1228 ἀγαγεῖν
1288 1160 1342 1212 τὸ
1368 1166 1465 1216 τοῖς
1490 1167 1719 1227 κρατοῦσι
1745 1163 1937 1222 δοκοῦν,

351 1243 621 1311 θερμότεροι
662 1245 717 1295 δέ
753 1268 854 1298 πως
895 1243 1041 1307 ἐσμὲν
1079 1243 1197 1310 πρὸς
1236 1244 1290 1294 τὸ
1328 1243 1486 1295 πάντα
1525 1242 1776 1302 μανθάνειν
1814 1243 1939 1293 ἐπεί-

350 1332 537 1394 γεσθαι,
575 1329 651 1378 καὶ
689 1326 744 1378 τὸ
784 1332 969 1379 λυποῦν
1007 1327 1113 1378 ἔσθ’
1157 1326 1233 1378 ὅτε
1271 1325 1336 1390 μὴ
1379 1325 1702 1392 διακρίνοντες,
1740 1326 1852 1376 ἀλλ’
1893 1326 1944 1376 ἐκ

351 1416 592 1476 προαλοῦς
630 1411 875 1475 ἐπιθυμίας
914 1413 990 1461 καὶ
1028 1413 1122 1461 τῶν
1152 1410 1397 1461 ἀπευκτῶν
1432 1407 1517 1473 τὴν
1552 1408 1748 1476 γνώμην
1783 1406 1936 1475 ἁρπά-
1966 1429 2013 1469 15
2073 1442 2075 1470 3

353 1492 521 1559 ζοντες.

285 1636 664 1695 46ἈπεκρίθΗσαν
698 1635 737 1679 οἶ
774 1637 986 1695 ὑΠΗρὲται
1020 1636 1241 1678 Οὐδέποτε
1279 1636 1490 1678 ὲλάλΗσεν
1523 1636 1662 1678 οὕτως
1699 1635 1942 1693 ἅνθρωπος.

429 1748 663 1814 Εὕκαιρον
702 1751 844 1799 εἰπεῖν
881 1746 1028 1801 ὅντως
1065 1747 1140 1798 ε’πὶ
1177 1752 1261 1797 τοῦ
1301 1748 1521 1812 Σωτῆρος
1562 1745 1694 1809 ἡμῶν
1727 1748 1946 1811 Χριστοῦ

1932 1825 1943 1842 9

128 1833 280 1915 ’14ξὲῒί
314 1836 380 1867 ῑῑ“
405 1830 468 1880 ‘O
508 1829 837 1896 δρασσόμενος
878 1828 986 1882 τοὺς
1028 1828 1215 1898 σοφοὺς
1255 1829 1303 1880 ἐν
1341 1831 1400 1896 τῇ
1441 1828 1705 1896 πανουργίᾳ
1744 1827 1927 1878 αὐτῶν.’

128 1909 232 2002 111931)ι
282 1908 289 1915 ’
353 1911 452 1963 ἰδοῦ
489 1910 584 1979 γὰρ
623 1911 736 1974 ἰδοὺ,
767 1910 887 1963 κατὰ
919 1910 973 1962 τὸ
1007 1910 1348 1977 γεγραμμένον,
1378 1917 1405 1939 “
1423 1908 1609 1974 βουλὴν
1633 1908 1946 1961 πολύπλοκον
1966 1937 2015 1961 20

132 1982 197 2053 13¹.⁰
237 1982 266 2002 v.
353 2002 379 2025 ‘⁶
406 1994 675 2063 ἐξε’στησε,”
704 1997 779 2046 καὶ
816 1993 936 2058 ὅλην
967 1994 1024 2062 ἐξ
1057 1991 1381 2060 ἀντιστρόφου
1416 1991 1501 2056 τὴν
1530 1996 1625 2042 τῶν
1649 1990 1947 2058 πραγμάτων

351 2077 495 2146 ἔδειξε
535 2075 698 2146 φύσιν,
733 2074 1033 2144 πανταχόθεν
1071 2079 1166 2126 τῶν
1203 2074 1476 2140 ἡγουμένων
1513 2073 1600 2138 τὴν
1636 2073 1947 2140 μυσαρότητα

351 2162 428 2211 καὶ
467 2157 553 2223 τὴν
584 2163 679 2211 τῶν
713 2157 903 2225 τρόπων
936 2157 1224 2221 ἀνοσιότητα
1263 2155 1521 2224 διελέγχων
1552 2158 1614 2209 ὡς
1652 2158 1830 2219 ἀσθενῆ
1870 2157 1946 2206 καὶ

351 2243 700 2311 ῥιψοκίνδυνον,
729 2245 975 2308 θεομαχεῖν
1001 2240 1056 2291 οὐ
1090 2237 1503 2304 παραιτουμένους.
1564 2238 1820 2292 δεδοικότες
1852 2237 1946 2305 γὰρ

352 2324 400 2374 οἵ
431 2347 480 2375 τε
515 2325 741 2391 ἀρχιερεῖς
777 2325 853 2375 καὶ
891 2326 932 2374 οἱ
961 2326 1230 2388 Φαρισαῖοι,
1257 2319 1321 2384 μὴ
1359 2319 1449 2387 ἄρα
1485 2325 1582 2374 τοῖς
1615 2325 1698 2371 τοῦ
1726 2323 1946 2386 Σωτῆρος
1967 2343 2015 2382 25
2073 2364 2075 2370 Α

353 2406 680 2457 ὑποπεισθεῖεν
705 2405 916 2473 ῥήμασιν
943 2408 985 2455 οἱ
1012 2408 1106 2456 τῶν
1125 2403 1364 2453 Ἰουδαίων
1390 2404 1514 2464 λαοὶ,
1541 2403 1947 2472 συλληψομένους
2007 2470 2012 2476 ἱ
2058 2433 2068 2480 >³

352 2487 495 2539 αὐτὸν
539 2487 647 2542 τοὺς
693 2487 924 2554 ὑπηρέτας
976 2484 1284 2550 ἐκπέμπουσι,
1327 2482 1381 2535 τὸ
1428 2485 1478 2535 ἐκ
1527 2484 1678 2548 μέσου
1725 2485 1947 2550 γενέσθαι

309 2569 572 2637 bchorbv
611 2569 885 2638 ἀναιρήσειν
920 2570 1077 2623 αὐτοῖς
1116 2566 1201 2632 τὴν
1239 2566 1308 2618 ἐπ’
1347 2567 1502 2636 ἐκείνῳ
1542 2566 1771 2635 φροντίδα
1810 2567 1941 2630 νομί-

402 2734 434 2764 4.
459 2720 590 2763 δείματι
609 2719 772 2755 emendat
790 2719 921 2765 Heyse.
942 2719 992 2753 δεῖ
1008 2719 1108 2763 μάτιν
1126 2717 1168 2753 B.
1185 2717 1225 2760 δὴ
1243 2717 1351 2760 μάτην
1371 2717 1489 2752 Holst.
1509 2716 1577 2751 Ed.
1769 2715 1802 2751 6.
1826 2716 1946 2764 φθόνῳ

353 2775 578 2813 assumptum
595 2780 638 2802 ex
657 2767 700 2802 B.
823 2778 854 2812 7.
883 2766 1008 2801 επέσθε
1027 2766 1080 2810 (=
1097 2763 1256 2806 ἕπεσθαι)
1277 2764 1318 2798 Β.
1370 2763 1513 2798 Lacuna
1530 2764 1564 2798 in
1585 2762 1651 2798 Ed.
1763 2763 1797 2798 8.
1822 2763 1947 2808 πρέποι

355 2831 398 2866 Β.
415 2831 537 2876 πρέπει
555 2830 623 2865 Ed.
688 2831 778 2877 αὐτῷ
796 2829 996 2865 emendavit
1015 2829 1146 2875 HeySe.
1164 2819 1265 2862 avrgv
1284 2828 1325 2861 B.
1344 2828 1447 2862 αὐτὸν
1465 2827 1531 2862 Ed.
1645 2838 1678 2871 9.
1705 2826 1744 2860 τὸ
1762 2837 1833 2860 om.
1850 2826 1946 2860 Aub.

359 2887 411 2923 17.
438 2877 560 2923 οὕτως]
585 2882 622 2918 -Ι-
643 2879 661 2911 ὁ
682 2877 746 2912 Ht.
768 2877 832 2912 Ed.
1130 2886 1185 2910 20.
1210 2874 1431 2910 πολύπλοκον
1451 2875 1527 2909 B.a.
1549 2873 1612 2908 Ht.
1630 2874 1860 2908 πολυπλόκων
1878 2872 1946 2907 Ed.

356 2935 411 2967 24.
437 2924 724 2970 παραιτουμένους
743 2924 785 2958 Β.
807 2924 868 2958 Ht.
886 2922 1156 2969 παραιτουμένην
1173 2922 1267 2957 Aub.
1393 2931 1448 2967 27.
1475 2920 1532 2967 τὸ]
1551 2924 1618 2956 τῶν
1635 2920 1678 2956 Β.
1701 2919 1765 2955 Ht.
1815 2919 1946 2955 Emen-

356 2970 451 3006 davit
470 2976 510 3006 ut
527 2971 599 3007 vid.
618 2983 636 3006 e
655 2971 730 3006 Cat.
749 2971 844 3006 Aub.
1640 2988 1642 2990 ·
