2084 3317
352 167 437 207 576
756 171 806 212 B.
839 171 1116 212 CYRILLI
1158 171 1538 213 ALEXANDR.
1703 181 1705 183 ’
1796 172 1851 212 vi.
1870 171 1938 225 69.

352 274 472 326 κατὰ
511 276 699 328 ταύτόν.
762 279 856 330 ’ἔδει
897 278 991 346 γὰρ
1036 282 1111 330 καὶ
1155 279 1394 331 πιστεύειν
1433 283 1507 331 καὶ
1549 284 1683 331 νοεῖν·
1743 281 1819 330 καὶ
1858 279 1942 329 οὐκ

128 364 215 399 393
229 363 279 399 A·
313 354 538 423 ae’wet'ffep
577 361 680 410 ἐστὶ
717 361 875 412 πίστει
914 361 1186 428 παραδεκτά
1219 361 1278 412 τὰ
1313 363 1535 428 θειότερα,
1568 361 1643 412 διὰ
1679 367 1818 412 τοῦτο
1850 359 1942 427 χρὴ

350 436 538 493 πάντως
578 442 660 503 τῆς
698 443 766 492 ἐπ’
795 443 949 496 αὐτοῖς
989 443 1175 508 ἐρεύνης
1214 444 1491 510 ὁλοκλήρως
1530 445 1811 510 ἀποφοιτᾶν,
1843 463 1943 493 πει-

350 523 528 585 ρᾶσθαι
564 521 612 572 δὲ
647 527 838 583 μᾶλλον
864 525 940 574 καὶ
978 530 1095 590 γοῦν
1122 529 1183 579 εἷς
1219 525 1415 590 μετρίαν
1446 526 1712 586 ἀναβαίνειν
1738 528 1938 589 γνῶσιν,

128 589 267 664 {13⁰3}
351 600 438 664 τὴν
464 604 527 655 ὡς
553 605 602 653 ἐν
627 603 848 674 ἐσόπτρῳ
874 607 949 656 καὶ
976 606 1230 672 αἰνίγματι,
1257 607 1469 672 καθάπερ
1497 607 1522 656 ὁ
1550 606 1745 659 Παῦλός
1772 610 1938 673 φησιν.
1963 617 1985 656 5

351 682 401 732 εὖ
427 682 475 733 δὲ
503 683 559 748 δὴ
585 683 734 736 πάλιν
760 687 814 737 οὐ
839 686 1070 753 πρότερον
1097 690 1345 752 ἐγνωκέναι
1372 690 1540 757 φασὶν,
1567 686 1664 738 εἶτα
1690 687 1942 748 πιστεύειν,

351 763 483 814 ἀλλὰ
517 766 768 831 προθέντες
803 767 889 832 τὴν
914 770 1092 832 πίστιν,
1121 770 1339 836 δευτέραν
1361 769 1447 833 τὴν
1477 774 1659 836 γνῶσιν
1690 767 1939 834 ἐπάγουσι.

350 845 469 909 μετὰ
507 845 601 913 γὰρ
639 847 726 913 τὴν
760 850 926 901 πίστιν
961 851 988 915 ἡ
1028 856 1221 916 γνῶσις,
1256 855 1330 903 καὶ
1370 852 1424 902 οὐ
1462 850 1556 917 πρὸ
1594 854 1677 915 τῆς
1714 852 1940 912 πίστεως,

128 932 290 974 Es.vii.9.
351 927 472 978 κατὰ
511 927 565 979 τὸ
611 931 939 997 γεγραμμένον
978 940 1006 962 “
1031 933 1150 984 Ἐὰν
1187 933 1253 998 μὴ
1298 933 1603 997 πιστεύσητε,
1643 933 1740 984 οὐδ’
1783 933 1836 982 οὑ
1879 930 1944 995 μὴ

305 1008 380 1049 b“
403 1012 626 1074 συνῆτε.”
690 1015 1122 1079 προκατατεθείσης
1165 1014 1258 1082 γὰρ
1306 1017 1354 1066 ἐν
1399 1016 1509 1080 ἡμῖν
1554 1014 1778 1080 κρηπῖδός
1821 1036 1945 1067 τινος
1969 1032 2016 1056 10

353 1091 485 1155 δίκην
519 1096 602 1157 τῆς
643 1095 1021 1161 ἀπεριεργοῖστου
1058 1097 1278 1159 πίστεως,
1306 1099 1673 1160 ἐποικοδομεῖται
1711 1094 1882 1147 λοιπὸν
1918 1096 1946 1160 ἡ

128 1165 214 1249 ffb.
230 1165 274 1198 iv.
352 1177 532 1239 γνῶσις
565 1175 684 1226 κατὰ
718 1176 889 1245 βραχὺ,
918 1181 994 1228 καὶ
1021 1182 1128 1233 “εὶς
1162 1178 1335 1245 μέτρον
1366 1180 1579 1243 ἡλικίας”
1611 1179 1729 1242 ἡμᾶς·
1764 1177 1942 1246 ἀναφέ-

1142 1264 1152 1278 ’
1229 1260 1252 1278 ³!

352 1277 507 1321 ρουσα
537 1259 620 1321 τῆς
648 1259 698 1308 ἐν
723 1261 939 1328 Χριστῷ,
966 1262 1042 1310 καὶ
1069 1267 1096 1290 “
1117 1284 1179 1314 εις
1217 1263 1366 1326 ανδρα
1396 1259 1610 1311 τὲλειον”
1640 1261 1715 1310 καὶ
1741 1282 1947 1322 πνευμα-

127 1327 243 1403 ffstiii.
354 1335 498 1390 τικόν.
562 1338 639 1389 διά
676 1363 748 1390 τοι
794 1347 934 1392 τοῦτο
977 1344 1054 1392 καὶ
1094 1343 1118 1392 ὁ
1159 1341 1280 1396 Θεός
1318 1365 1411 1394 που
1451 1343 1603 1411 φησίν
1641 1350 1667 1371 “
1694 1341 1816 1393 Ἰδοὺ
1853 1340 1947 1407 ἐγὼ

134 1414 183 1446 ¹⁶·
355 1425 382 1449 “
407 1421 606 1483 ἐμβαλῶ
653 1424 716 1476 εἰς·
753 1422 814 1472 τὰ
852 1421 1050 1486 θεμέλια
1090 1423 1216 1475 Σιὼν
1255 1425 1392 1476 λίθον
1430 1422 1651 1475 ἐκλεκτὸν
1690 1424 1946 1490 ἀκρογωνι-
1969 1442 2017 1481 15

353 1507 381 1531 “
407 1507 509 1553 αῖον
544 1503 770 1567 {buffons
821 1505 944 1572 ἀρχὴ
976 1505 1069 1572 γὰρ
1108 1507 1219 1570 ἡμῖν
1245 1508 1321 1557 καὶ
1356 1504 1574 1569 θεμέλιος
1609 1509 1670 1560 εἰς
1706 1505 1948 1571 ἁγιασμὸν

353 1585 429 1634 καὶ
469 1585 772 1650 δικαιοσύνην
811 1588 836 1638 ὁ
877 1587 1103 1654 Χριστὸς,
1144 1587 1220 1639 διὰ
1261 1588 1468 1642 πίστεως
1506 1588 1555 1639 δὲ
1596 1587 1830 1653 δηλονότι,
1871 1590 1947 1639 καὶ

316 1684 338 1711 (3
355 1667 442 1734 οὐχ
467 1667 646 1733 ἑτέρως·
687 1669 810 1719 οὕτω
838 1668 930 1736 γὰρ
954 1671 1004 1720 ἐν
1029 1670 1143 1735 ἡμῖν
1169 1669 1445 1736 ἐνοικίζεται.
1867 1677 1870 1679 “

428 1748 670 1816 Ἐπιτήρει
719 1750 766 1801 δὲ
812 1750 940 1805 ὅπως
984 1755 1204 1820 πανταχῆ
1249 1755 1511 1816 μοναδικῶς
1560 1754 1635 1803 καὶ
1685 1774 1948 1818 προτεταγ-

355 1831 497 1895 μένον
527 1837 611 1882 τοῦ
646 1832 824 1899 ἄρθρου
857 1834 988 1901 φασί
1021 1831 1082 1888 Σῖι
1117 1833 1157 1886 εἷ
1191 1840 1208 1886 o‘
1237 1835 1420 1904 Χριστὶς
1453 1840 1471 1886 o‘
1503 1839 1602 1890 ’Υἱὸς
1633 1836 1703 1885 ro&
1730 1835 1841 1885 Θεοῧ
1874 1835 1948 1885 τοῧ
1969 1857 2020 1884 20

357 1912 524 1984 ζῶντος,
550 1917 645 1964 τῶν
681 1914 767 1978 μὲν
802 1916 851 1966 ἐν
885 1915 1042 1983 χάριτι
1081 1916 1380 1980 κεκλημένων
1414 1920 1477 1971 εἷς
1512 1917 1749 1968 υἱοθεσίαν
1776 1918 1838 1970 ὡς
1869 1915 1950 1967 ἕνα

357 1996 434 2046 καὶ
469 1995 706 2064 ἐξαίρετον
742 1996 1058 2065 ὑπεξάγοντες
1084 1997 1167 2048 τὸν
1193 2001 1383 2062 ἀληθῶς
1408 1998 1540 2061 Υὶὸν,
1568 1999 1621 2049 οὗ
1650 2000 1757 2049 καθ’
1787 1997 1944 2063 ὁμοιό-

356 2099 476 2141 τητα
501 2080 576 2128 καὶ
601 2078 731 2141 ἡμεῖς
759 2079 860 2130 υἱοί.
915 2081 991 2129 καὶ
1017 2078 1100 2130 τὸν
1125 2080 1343 2147 Χριστὸν
1371 2079 1419 2131 δὲ
1444 2079 1593 2131 πάλιν
1618 2082 1949 2131 ἀποκαλοῦσιν

356 2157 498 2210 αὐτὸν
525 2161 587 2213 ὡς
624 2160 719 2210 ἕνα·
760 2159 892 2225 πλὴν
925 2163 1084 2212 ἰστέον
1119 2161 1190 2212 ὅτι
1226 2163 1408 2231 Χριστος
1449 2162 1602 2212 οὐκέτι
1642 2167 1853 2213 καλεῖται
1892 2162 1946 2212 δι’

355 2239 535 2304 ἑαυτὸν,
561 2239 590 2306 ὴ
617 2243 680 2295 ὡς
705 2247 843 2293 τοῦτο
870 2242 1098 2310 ὑπάρχων
1124 2245 1378 2306 οὐσιωδῶς,
1404 2242 1568 2309 ὥσπερ
1600 2244 1682 2294 οὖν
1707 2243 1841 2294 ἔσται
1873 2245 1948 2294 καὶ
1971 2264 2019 2302 25

354 2321 486 2383 Υἱὸς,
515 2324 626 2374 ἀλλ’
657 2322 719 2378 εἷς
744 2323 829 2388 μὲν
855 2324 1000 2378 ὅντως
1029 2327 1104 2376 καὶ
1129 2326 1391 2395 ἐξαιρέτως·
1433 2327 1580 2380 οὐδεὶς
1605 2325 1700 2392 γὰρ
1726 2328 1774 2377 ἐν
1800 2349 1945 2393 χρισ-

312 2409 452 2459 ᾶτοΐς
500 2407 563 2459 ὡς
609 2406 763 2469 αὐτὸς,
804 2406 934 2471 πλὴν
979 2409 1086 2458 καθ’
1131 2408 1385 2473 ὁμοιότητα
1427 2407 1514 2472 τὴν
1559 2411 1620 2462 ὡς
1665 2406 1785 2474 πρὸς
1828 2408 1950 2473 ἡμᾶς

355 2485 630 2553 ὀνομάζεται
656 2487 884 2555 Χριστός·
926 2489 1086 2555 κύριον
1111 2489 1196 2554 μὲν
1221 2489 1315 2557 γὰρ
1342 2491 1468 2560 αὐτῷ
1499 2493 1575 2541 καὶ
1610 2491 1949 2559 ἀφωρισμένον

355 2571 510 2622 ἶδικῶς
560 2568 709 2633 ὄνομά
759 2593 810 2621 τε
862 2573 937 2621 καὶ
997 2576 1199 2637 πρᾶγμα
1253 2574 1353 2623 κατ’
1405 2573 1650 2637 ἀλήθειαν,
1706 2571 1761 2623 τό
1811 2572 1945 2635 Υἱὸς,

354 2649 511 2702 κοινὸν
542 2651 591 2702 δὲ
630 2654 692 2705 ὡς
730 2651 850 2718 πρὸς
889 2654 1009 2717 ἡμᾶς
1047 2653 1101 2704 τό
1139 2654 1371 2720 Χριστός.
1426 2653 1583 2719 ἐπειδὴ
1621 2653 1715 2721 γὰρ
1750 2655 1949 2722 ἐχρίσθη
1971 2673 2022 2710 3ο

356 2731 473 2783 καθὸ
512 2733 705 2799 γέγονεν
741 2734 1003 2800 ἄνθρωπος,
1038 2735 1113 2786 διὰ
1151 2741 1290 2787 τοῦτο
1322 2734 1550 2802 Χριστός.
1616 2737 1784 2787 οὐκοῦν
1819 2740 1857 2787 εἰ
1895 2735 1950 2787 τὸ

402 2872 436 2905 8.
463 2871 481 2915 ἡ
499 2871 643 2925 γνῶσις]
663 2873 724 2916 τὴν
740 2877 869 2918 γνῶσιν
889 2874 930 2909 Β.
949 2874 1066 2908 invitis
1086 2874 1178 2909 Catt.
1303 2888 1335 2920 9.
1363 2875 1433 2910 οὐδ’
1452 2887 1523 2909 om.
1543 2874 1652 2910 Cord.
1786 2885 1838 2909 12.
1864 2874 1949 2918 ἡμᾶς

355 2917 487 2961 ἡλικίας
503 2931 643 2953 luverso
660 2920 783 2954 ordine
804 2920 844 2953 B.
991 2930 1043 2966 17.
1070 2923 1088 2955 ὁ
1106 2928 1329 2967 assumptum
1348 2935 1389 2957 ex
1411 2922 1452 2956 B.
1593 2923 1646 2956 18.
1673 2921 1708 2957 ἐν
1725 2926 1948 2966 assumptum

356 2977 397 2998 ex
417 2964 459 2998 B.
606 2966 659 3001 26.
687 2966 866 3011 ἐξαιρέτως
888 2967 927 3001 Β.
948 2967 1121 3014 ἐξαίρετος
1141 2967 1206 3002 Ed.
1353 2970 1407 3003 28.
1434 2969 1499 3013 γὰρ
1519 2980 1588 3003 om.
1612 2968 1651 3004 B.
