2084 3317
150 153 235 196 viii.
261 170 321 211 19.
398 157 471 199 IN
514 159 555 200 S.
589 161 924 206 JOANNEM.
989 167 1112 208 LIB.
1143 170 1189 210 V.
1253 171 1386 213 CAP.
1421 174 1481 214 II.
1653 177 1734 218 727

149 269 253 333 περὶ
278 274 360 319 τοῦ
387 269 505 321 κατὰ
530 270 688 338 σάρκα
716 275 1020 338 νομισθέντος
1051 278 1228 345 πατρὸς
1264 281 1323 331 τὰ
1358 284 1550 334 τοιαῦτά
1584 289 1728 353 φασι,

149 354 399 415 ληροῦντες
430 356 517 404 κάν
542 355 708 425 τούτῳ.
765 355 884 412 εἰκὸς
918 357 966 408 δέ
1001 358 1058 424 δή
1093 383 1138 411 τι
1172 364 1248 413 καὶ
1284 363 1439 430 ἕτερον
1466 367 1726 419 ὑπαινίττε-

145 435 260 482 σθαι
298 433 425 494 βαθὺ
462 440 557 487 τῶν
588 435 826 489 Ἰουδαίων
863 438 970 493 τοὺς
1009 440 1198 507 λόγους.
1256 445 1412 510 ἐπειδὴ
1451 446 1545 513 γὰρ
1583 448 1731 517 ᾤοντο

142 520 483 582 μεμοιχεῦσθαι
518 517 611 583 πρὸ
646 517 804 585 γάμου
837 519 923 585 τὴν
954 523 1093 588 ἁγίαν
1122 525 1371 591 παρθένον,
1398 529 1618 598 ταύτῃτοι
1654 535 1730 583 καὶ

100 605 122 643 5
142 593 276 657 μάλα
311 603 486 663 πικρῶς
521 601 583 653 ὡς
618 600 735 665 μηδὲ
770 601 908 654 εἰδότι
943 608 1009 673 τῷ
1035 608 1236 677 Χριστῷ
1270 609 1352 660 τὸν
1379 611 1436 680 ἐξ
1456 611 1599 679 οῦπέρ
1625 616 1768 665 ἐστιο

142 677 542 744 διαλοιδοροῦνται
568 681 787 748 λε’γοντες
813 687 905 736 Ποῦ
931 686 1042 737 ἐστιν
1070 693 1087 739 ὁ
1117 692 1261 760 πατὴρ
1289 715 1394 753 (τους
1435 700 1702 760 ληροῦντες.

157 809 390 867 ἈΠεκρίΘΗ
422 812 590 855 ἸΗσοῦε
629 814 738 857 Οὔτε
775 816 851 865 ἐμὲ
889 814 1037 860 οἴδατε
1075 820 1173 862 οὔτε
1211 822 1283 864 τὸν
1321 824 1493 882 Πατέρα
1531 840 1625 876 μου·
1668 826 1704 869 εἰ

384 895 459 944 ἐμὲ
499 893 647 939 οἷ’ὃατε
687 898 756 939 καὶ
793 900 866 943 τὸν
904 902 1076 960 Πατέρα
1113 920 1194 953 μου
1232 906 1282 948 ἂν
1320 904 1479 950 εἷ’ὃΗτε.

210 990 221 1005 ‚
381 991 392 1005 x
460 994 470 1008 e
551 993 561 1008 l
749 998 762 1014 x
830 998 841 1012 ‚
957 997 968 1013 t
1088 1002 1098 1016 ‚
1137 1003 1149 1019 x
1220 1006 1240 1015 Α
1411 1011 1431 1020 0

225 993 423 1055 Αληθης
450 1016 475 1043 ο
503 1000 660 1060 λογος,
689 1018 763 1046 και
791 1000 1051 1060 ουδαμοθεν
1076 1024 1150 1052 επι
1174 1025 1241 1072 τερ
1268 1005 1549 1072 διεψεῦσθαι
1576 1030 1724 1072 κατη-

68 1092 117 1118 10
136 1075 383 1137 γορεῖσθαι
423 1074 691 1138 δυνάμενος.
759 1082 801 1129 οἱ
839 1078 933 1146 γὰρ
972 1080 1118 1136 ὅντως
1157 1084 1214 1153 ἐξ
1251 1085 1451 1155 Ἰωσὴφ,
1492 1088 1638 1154 ἤγουν
1676 1092 1726 1142 ἐκ

135 1154 368 1219 πορνείας,
410 1157 673 1223 νομίζοντες
718 1157 833 1211 εἶναι
878 1161 961 1213 τὸν
999 1166 1219 1230 Χριστὸν
1262 1170 1336 1219 καὶ
1383 1169 1466 1221 τὸν
1510 1172 1559 1221 ἐκ
1600 1175 1726 1224 Θεοῦ

138 1235 331 1301 Πατρὸς
375 1238 696 1304 ἀγνοήσαντες
740 1243 987 1312 πεφηνότα
1026 1247 1201 1313 Λόγον,
1243 1255 1344 1304 πῶς
1393 1253 1475 1303 οὐκ
1517 1253 1726 1319 εὐλόγως

134 1316 420 1370 ἀκούσονται
445 1319 499 1372 τό
526 1321 641 1374 Οὔτε
677 1322 755 1391 ἐμὲ
787 1323 934 1378 οἴδατε
969 1327 1062 1380 οὔτε
1099 1330 1165 1382 τον
1193 1332 1373 1404 Hau-{poe
1403 1359 1516 1403 μους
1559 1341 1595 1387 εἰ
1630 1337 1724 1404 γὰρ

132 1396 314 1466 ᾔδεσαν
352 1401 435 1453 τὸν
469 1405 518 1454 ἐκ
558 1408 684 1456 Θεοῦ
723 1408 799 1458 καὶ
836 1409 1028 1476 Πατρὸς
1065 1414 1310 1481 πεφηνότα
1344 1414 1519 1482 Λόγον,
1552 1421 1625 1469 καὶ
1665 1421 1720 1471 δι’

65 1496 112 1534 15
132 1480 253 1544 ἡμᾶς
278 1484 326 1533 ἐν
351 1486 493 1551 σαρκὶ
529 1487 759 1553 γεγονότα
793 1490 913 1541 κατὰ
947 1491 1033 1557 τὴν
1058 1495 1187 1546 θείαν
1212 1497 1417 1565 γραφὴν,
1444 1501 1721 1566 ἐπέγνωσαν

131 1561 189 1613 ἂν
214 1566 291 1614 καὶ
325 1565 408 1616 τὸν
438 1567 608 1619 τούτου
644 1570 920 1639 γεννήτορα.
976 1577 1298 1645 ἀκριβεστάτη
1334 1580 1427 1648 γὰρ
1462 1584 1716 1650 ἐπίγνωσις
1736 1598 1764 1639 d

127 1650 211 1696 τοῦ
255 1647 448 1715 Πατρὸς
491 1651 545 1701 δι’
588 1655 708 1703 Υὶοῦ
752 1660 852 1708 ταῖς
893 1660 988 1708 τῶν
1026 1663 1453 1730 φιλομαθεστέρων
1495 1667 1716 1722 διανοίαις

126 1727 372 1793 ἐγγίνεται,
417 1731 539 1783 καθὰ
583 1736 659 1785 καὶ
707 1736 847 1791 αὐτός
890 1762 982 1791 που
1028 1743 1403 1804 διεβεβαιώσατο
1451 1747 1608 1814 λέγων
1653 1753 1716 1805 ὡς

125 1807 245 1875 πρὸς
285 1810 410 1863 Θεὸν
448 1816 523 1865 καὶ
566 1816 756 1884 Πατέρα
795 1826 822 1848 “
845 1820 1167 1890 Ἐφανέρωσά
1204 1849 1296 1878 σου
1334 1826 1388 1879 τὸ
1431 1829 1578 1894 ὄνομα
1619 1837 1714 1887 τοῖς
1776 1829 1896 1907 {effa

60 1914 110 1939 20
127 1898 154 1921 ‘⁶
180 1893 489 1959 ἀνθρώποις.”
545 1900 621 1948 καὶ
647 1900 796 1952 πάλιν
821 1909 847 1932 “
872 1904 1257 1973 Ἐθαυμαστώθη
1284 1909 1312 1974 ἡ
1339 1912 1517 1976 γνωσίς
1544 1936 1636 1965 σου
1662 1915 1720 1984 ἐξ
1777 1923 1921 1999 clxxviii

125 1980 151 2002 “
177 1975 339 2037 ἐμοῦ.”
395 1978 552 2043 ἐπειδὴ
604 1980 697 2048 γὰρ
749 1983 1017 2050 ἐπέγνωμεν
1057 1986 1140 2039 τὸν
1178 1989 1310 2054 Υὶὸν,
1352 1993 1619 2059 ἐπέγνωμεν
1663 1998 1720 2067 ἐξ
1778 1993 1828 2043 6.⁴
1925 1991 1932 2000 ⁸

122 2056 266 2107 αὐτοῦ
304 2056 387 2109 τὸν
424 2060 738 2126 γεννήσαντα.
802 2067 1070 2136 εἰσφέρεται
1114 2070 1200 2135 μὲν
1237 2073 1331 2141 γὰρ
1373 2075 1429 2127 δι’
1469 2080 1649 2146 ἀμφοῖν
1687 2081 1716 2145 ἡ

121 2137 319 2205 θατέρου
345 2143 570 2208 περίνοια,
599 2147 674 2196 καὶ
709 2150 1032 2219 συνειστρέχει
1068 2151 1155 2217 μὲν
1181 2155 1369 2211 πάντως
1400 2159 1717 2222 ὀνομασθέντι

121 2222 189 2287 τῷ
238 2223 393 2287 Πατρὶ
444 2226 520 2275 καὶ
565 2226 593 2290 ἡ
638 2233 721 2278 τοῦ
767 2233 1057 2296 γεννήματος
1104 2235 1281 2302 μνήμη·
1342 2241 1620 2309 συμβαδίζει
1667 2244 1756 2298 δέε

57 2319 106 2359 25
122 2299 271 2351 πάλιν
301 2308 385 2354 τοῦ
423 2308 541 2357 Υἱοῦ
579 2311 800 2380 σημασίᾳ
840 2314 893 2364 τὸ
932 2320 1015 2366 τοῦ
1053 2317 1373 2382 γεννήσαντος
1412 2321 1574 2386 ὄνομα.
1639 2326 1715 2378 διὰ

122 2381 216 2449 γάρ
249 2406 321 2435 τοι
356 2391 495 2438 τοῦτο
529 2389 649 2456 θύρα
682 2414 751 2446 τις
786 2392 952 2463 ὥσπερ
988 2400 1091 2450 ἐστὶ
1117 2402 1194 2451 καὶ
1221 2401 1342 2466 ὁδὸς,
1371 2407 1433 2459 εἰς
1456 2406 1716 2473 ἐπίγνωσιν

169 2512 203 2546 3.
229 2502 306 2538 τοὺς
322 2504 448 2549 λόγους
464 2514 647 2552 assumpta
664 2521 706 2544 ex
723 2522 754 2546 a.
853 2522 886 2559 5.
914 2515 958 2550 ὡς
975 2527 1046 2550 om.
1067 2516 1108 2550 B.
1128 2519 1321 2564 assumpsit
1338 2532 1356 2554 e
1375 2520 1452 2556 Cat.
1470 2528 1510 2556 ut
1527 2524 1598 2559 vid.
1617 2525 1714 2563 Aub.

121 2547 321 2583 faventibus
339 2562 403 2586 a.c.
424 2551 530 2588 Cord.
597 2554 722 2591 Statim
739 2559 824 2602 μηδὲ
842 2572 906 2594 a.c.
927 2561 1035 2597 Cord.
1052 2564 1156 2607 μηδὲν
1174 2564 1241 2600 Ed.
1361 2567 1393 2602 6.
1421 2569 1713 2615 διαλοιδοροῦνται

120 2594 280 2640 λέγοντες·
299 2596 409 2632 B.a.c.
425 2597 532 2634 Cord.
551 2601 843 2648 διαλοιδοροῦντες
859 2607 1006 2652 λέγουσι
1026 2609 1142 2644 Holst.
1159 2611 1226 2645 Ed.
1287 2614 1470 2658 ληροῦντες
1487 2623 1713 2663 assumptum

121 2652 162 2675 ex
183 2641 258 2676 B.c.
280 2642 387 2678 Cord.
496 2654 526 2691 7.
553 2646 752 2697 Ἀπεκρίθη]
777 2657 813 2692 -1-
836 2655 854 2687 ὁ
873 2654 941 2689 Ed.
1052 2667 1105 2691 11.
1130 2658 1183 2691 καὶ
1200 2659 1259 2692 τὸν
1276 2660 1312 2693 ἐκ
1331 2663 1420 2695 Θεοῦ
1437 2665 1573 2707 Πατρὸς
1590 2665 1712 2711 ἀγνοή-

120 2702 242 2723 σαντες
265 2692 442 2734 πεφηνότα
460 2694 570 2738 Λόγον
588 2707 658 2729 om.
678 2706 716 2731 ut
736 2698 881 2734 adnotat
902 2701 975 2745 ipse
994 2702 1101 2743 Aub.,
1121 2702 1215 2748 εἴπερ
1239 2705 1381 2749 ᾔδεισαν
1398 2709 1456 2742 τὸν
1477 2709 1512 2743 ἐκ
1533 2714 1621 2745 Θεοῦ
1639 2718 1712 2746 Πα-

119 2736 199 2779 τρὸς
215 2737 391 2780 πεφηνότα
413 2740 519 2784 λόγον
538 2740 695 2777 Corderii
717 2756 783 2790 ope
806 2747 1009 2783 emendans.
1077 2749 1202 2784 Statim
1228 2751 1313 2786 haec
1338 2757 1410 2789 πῶς
1432 2755 1491 2789 οὐκ
1514 2756 1712 2803 εὐλόγως-

119 2782 297 2826 πεφηνότα
316 2786 426 2829 Λόγον
444 2785 539 2821 dedit
558 2788 587 2821 B
605 2800 677 2834 mg.
698 2789 833 2836 [omisit
860 2800 978 2828 autem
1002 2802 1042 2829 ut
1065 2796 1135 2830 vid.
1156 2796 1238 2843 Ht.]
1259 2811 1409 2843 quorum
1437 2803 1587 2848 εὐλόγως
1612 2805 1712 2840 ἀκού-

121 2830 346 2864 σονται-τὸν
363 2831 500 2876 Πατέρα
517 2849 582 2877 μου
600 2835 741 2872 exhibet
758 2842 793 2873 et
810 2851 840 2873 a.
1048 2853 1104 2887 23.
1130 2843 1354 2888 ὀνομασθέντι
1376 2847 1416 2882 Β.
1438 2848 1499 2883 Ht.
1519 2849 1624 2894 ὄνομα
1641 2854 1713 2888 τοῖς

120 2874 310 2920 ἀνθρώποις
327 2878 380 2911 καὶ
397 2879 501 2913 πάλιν
516 2881 704 2925 γνωσθέντι
722 2886 807 2928 (τοῖς
825 2886 1014 2931 ἀνθρώποις
1031 2890 1085 2923 καὶ
1102 2890 1206 2924 πάλιν
1223 2903 1241 2925 e
1265 2903 1371 2937 Supra
1393 2894 1518 2929 iterum
1538 2897 1712 2934 scribente

120 2927 181 2955 aut
206 2921 282 3002 igso
308 2929 376 3014 311}
393 2925 517 3006 sgribffi
543 2927 669 2963 deinde
695 2931 828 2967 -σθέντι
854 2933 898 2967 ad
923 2935 1110 2979 γυωσθέντι
1136 2942 1176 2971 ut
1201 2937 1346 2974 adnotat
1371 2940 1446 2985 ipse
1471 2953 1489 2976 e
1514 2944 1713 2990 conjectura

121 2980 221 3003 emen
250 2981 312 3003 ans
347 2982 360 3004 t
382 2983 404 3006 u
433 2998 440 3006 .
