<?xml version="1.0" encoding="UTF-8"?>
<!DOCTYPE html PUBLIC "-//W3C//DTD XHTML 1.0 Transitional//EN"
    "http://www.w3.org/TR/xhtml1/DTD/xhtml1-transitional.dtd">
<html xmlns="http://www.w3.org/1999/xhtml" xml:lang="en" lang="en">
 <head>
  <title>
</title>
<meta http-equiv="Content-Type" content="text/html;charset=utf-8" />
  <meta name='ocr-system' content='tesseract 3.04.00' />
  <meta name='ocr-capabilities' content='ocr_page ocr_carea ocr_par ocr_line ocrx_word'/>
</head>
<body>
  <div class='ocr_page' id='page_1' title='image "./operacyrilli03cyriuoft_0516.png"; bbox 0 0 2084 3317; ppageno 0'>
   <div class='ocr_carea' id='block_1_1' title="bbox 121 1107 283 1140">
    <p class='ocr_par' dir='ltr' id='par_1_1' title="bbox 121 1107 283 1140">
     <span class='ocr_line' id='line_1_1' title="bbox 121 1107 283 1140; baseline -0.012 0"><span class='ocrx_word' id='word_1_1' title='bbox 121 1108 240 1140; x_wconf 79' lang='lat' dir='ltr'>GaLvi.</span> <span class='ocrx_word' id='word_1_2' title='bbox 255 1107 283 1138; x_wconf 89' lang='lat'>8.</span> 
     </span>
    </p>
   </div>
   <div class='ocr_carea' id='block_1_2' title="bbox 336 154 1926 206">
    <p class='ocr_par' dir='ltr' id='par_1_2' title="bbox 336 154 1926 206">
     <span class='ocr_line' id='line_1_2' title="bbox 336 154 1926 206; baseline -0.004 -5"><span class='ocrx_word' id='word_1_3' title='bbox 336 161 422 201; x_wconf 85' lang='lat'>438</span> <span class='ocrx_word' id='word_1_4' title='bbox 742 159 791 200; x_wconf 89' lang='grc' dir='ltr'>Β.</span> <span class='ocrx_word' id='word_1_5' title='bbox 826 158 1103 199; x_wconf 90' lang='lat' dir='ltr'>CYRILLI</span> <span class='ocrx_word' id='word_1_6' title='bbox 1144 156 1523 198; x_wconf 87' lang='lat' dir='ltr'><strong>ALEXANDR.</strong></span> <span class='ocrx_word' id='word_1_7' title='bbox 1784 154 1838 195; x_wconf 86' lang='lat' dir='ltr'>vi.</span> <span class='ocrx_word' id='word_1_8' title='bbox 1860 164 1926 206; x_wconf 82' lang='lat'>27.</span> 
     </span>
    </p>
   </div>
   <div class='ocr_carea' id='block_1_3' title="bbox 336 261 1926 661">
    <p class='ocr_par' dir='ltr' id='par_1_3' title="bbox 336 261 1926 661">
     <span class='ocr_line' id='line_1_3' title="bbox 336 261 1923 335; baseline -0.005 -16"><span class='ocrx_word' id='word_1_9' title='bbox 336 267 473 319; x_wconf 84' lang='grc' dir='ltr'>ἐ’λεον</span> <span class='ocrx_word' id='word_1_10' title='bbox 509 268 691 319; x_wconf 84' lang='grc' dir='ltr'>εἴκοντα</span> <span class='ocrx_word' id='word_1_11' title='bbox 730 267 905 333; x_wconf 81' lang='grc' dir='ltr'>λόγοις,</span> <span class='ocrx_word' id='word_1_12' title='bbox 937 266 1020 318; x_wconf 83' lang='grc' dir='ltr'>τὸν</span> <span class='ocrx_word' id='word_1_13' title='bbox 1060 264 1188 335; x_wconf 76' lang='grc' dir='ltr'>ᾧπερ</span> <span class='ocrx_word' id='word_1_14' title='bbox 1224 267 1366 332; x_wconf 86' lang='grc' dir='ltr'>ἐχρῆν</span> <span class='ocrx_word' id='word_1_15' title='bbox 1404 265 1603 328; x_wconf 80' lang='grc' dir='ltr'>ἀμελητὶ</span> <span class='ocrx_word' id='word_1_16' title='bbox 1647 261 1923 313; x_wconf 87' lang='grc' dir='ltr'>καταπείθε-</span> 
     </span>
     <span class='ocr_line' id='line_1_4' title="bbox 340 343 1926 414; baseline -0.004 -12"><span class='ocrx_word' id='word_1_17' title='bbox 340 354 457 402; x_wconf 81' lang='grc' dir='ltr'>σθαι</span> <span class='ocrx_word' id='word_1_18' title='bbox 501 355 725 401; x_wconf 84' lang='grc' dir='ltr'>καλοῦντι</span> <span class='ocrx_word' id='word_1_19' title='bbox 768 347 887 414; x_wconf 79' lang='grc' dir='ltr'>πρὸς</span> <span class='ocrx_word' id='word_1_20' title='bbox 931 347 1187 413; x_wconf 87' lang='grc' dir='ltr'>σωτηρίαν,</span> <span class='ocrx_word' id='word_1_21' title='bbox 1225 346 1301 397; x_wconf 76' lang='grc' dir='ltr'>ὅτε</span> <span class='ocrx_word' id='word_1_22' title='bbox 1340 349 1415 397; x_wconf 83' lang='grc' dir='ltr'>καὶ</span> <span class='ocrx_word' id='word_1_23' title='bbox 1457 347 1482 396; x_wconf 85' lang='grc' dir='ltr'>ὁ</span> <span class='ocrx_word' id='word_1_24' title='bbox 1522 348 1604 408; x_wconf 86' lang='grc' dir='ltr'>τῆς</span> <span class='ocrx_word' id='word_1_25' title='bbox 1642 343 1926 409; x_wconf 75' lang='grc' dir='ltr'>ἡμερότητος</span> 
     </span>
     <span class='ocr_line' id='line_1_5' title="bbox 340 426 1924 498; baseline -0.006 -15"><span class='ocrx_word' id='word_1_26' title='bbox 340 432 551 483; x_wconf 85' lang='grc' dir='ltr'>ἐπεδίδου</span> <span class='ocrx_word' id='word_1_27' title='bbox 577 429 749 498; x_wconf 82' lang='grc' dir='ltr'>καιρὸς,</span> <span class='ocrx_word' id='word_1_28' title='bbox 776 433 850 481; x_wconf 78' lang='grc' dir='ltr'>καὶ</span> <span class='ocrx_word' id='word_1_29' title='bbox 876 429 961 493; x_wconf 89' lang='grc' dir='ltr'>τὴν</span> <span class='ocrx_word' id='word_1_30' title='bbox 987 431 1061 480; x_wconf 83' lang='grc' dir='ltr'>ἐπὶ</span> <span class='ocrx_word' id='word_1_31' title='bbox 1091 432 1188 482; x_wconf 86' lang='grc' dir='ltr'>τοῖς</span> <span class='ocrx_word' id='word_1_32' title='bbox 1220 428 1309 492; x_wconf 75' lang='grc' dir='ltr'>ἤδη</span> <span class='ocrx_word' id='word_1_33' title='bbox 1343 426 1766 493; x_wconf 80' lang='grc' dir='ltr'>προεπταισμένοις</span> <span class='ocrx_word' id='word_1_34' title='bbox 1793 426 1924 493; x_wconf 73' lang='grc' dir='ltr'>ἐξαι-</span> 
     </span>
     <span class='ocr_line' id='line_1_6' title="bbox 342 508 1922 577; baseline -0.005 -12"><span class='ocrx_word' id='word_1_35' title='bbox 342 518 436 565; x_wconf 82' lang='grc' dir='ltr'>τεῖν</span> <span class='ocrx_word' id='word_1_36' title='bbox 471 513 753 577; x_wconf 82' lang='grc' dir='ltr'>ἀμνηστίαν,</span> <span class='ocrx_word' id='word_1_37' title='bbox 781 513 857 562; x_wconf 83' lang='grc' dir='ltr'>καὶ</span> <span class='ocrx_word' id='word_1_38' title='bbox 894 510 980 575; x_wconf 81' lang='grc' dir='ltr'>τὴν</span> <span class='ocrx_word' id='word_1_39' title='bbox 1014 512 1063 561; x_wconf 90' lang='grc' dir='ltr'>ἐκ</span> <span class='ocrx_word' id='word_1_40' title='bbox 1091 513 1217 561; x_wconf 79' lang='grc' dir='ltr'>Θεοῦ</span> <span class='ocrx_word' id='word_1_41' title='bbox 1255 515 1338 560; x_wconf 89' lang='grc' dir='ltr'>τοῦ</span> <span class='ocrx_word' id='word_1_42' title='bbox 1375 508 1608 574; x_wconf 76' lang='grc' dir='ltr'>σώζοντος</span> <span class='ocrx_word' id='word_1_43' title='bbox 1647 511 1922 577; x_wconf 86' lang='grc' dir='ltr'>φιλανθρω-</span> 
     </span>
     <span class='ocr_line' id='line_1_7' title="bbox 342 594 718 661; baseline -0.003 -15"><span class='ocrx_word' id='word_1_44' title='bbox 342 596 455 646; x_wconf 90' lang='grc' dir='ltr'>πίαν</span> <span class='ocrx_word' id='word_1_45' title='bbox 479 594 718 661; x_wconf 74' lang='grc' dir='ltr'>ἐπιζητεῖν.</span> 
     </span>
    </p>
   </div>
   <div class='ocr_carea' id='block_1_4' title="bbox 278 742 1929 807">
    <p class='ocr_par' dir='ltr' id='par_1_4' title="bbox 278 742 1929 807">
     <span class='ocr_line' id='line_1_8' title="bbox 278 742 1929 807; baseline -0.006 -14"><span class='ocrx_word' id='word_1_46' title='bbox 278 748 594 807; x_wconf 73' lang='grc' dir='ltr'>27ἘρΓάςεσθε</span> <span class='ocrx_word' id='word_1_47' title='bbox 635 748 691 797; x_wconf 52' lang='grc' dir='ltr'>μὴ</span> <span class='ocrx_word' id='word_1_48' title='bbox 730 748 807 789; x_wconf 58' lang='grc' dir='ltr'>τὴν</span> <span class='ocrx_word' id='word_1_49' title='bbox 847 747 1002 804; x_wconf 79' lang='grc' dir='ltr'>βρῶσιν</span> <span class='ocrx_word' id='word_1_50' title='bbox 1040 746 1117 788; x_wconf 60' lang='grc' dir='ltr'>τήν</span> <span class='ocrx_word' id='word_1_51' title='bbox 1155 746 1471 797; x_wconf 60' lang='grc' dir='ltr'>ἀπολλυμένκν,</span> <span class='ocrx_word' id='word_1_52' title='bbox 1509 743 1619 785; x_wconf 80' lang='grc' dir='ltr'>ἀλλὰ</span> <span class='ocrx_word' id='word_1_53' title='bbox 1657 743 1733 785; x_wconf 57' lang='grc' dir='ltr'>τήν</span> <span class='ocrx_word' id='word_1_54' title='bbox 1773 742 1929 799; x_wconf 80' lang='grc' dir='ltr'>βρῶσιν</span> 
     </span>
    </p>
   </div>
   <div class='ocr_carea' id='block_1_5' title="bbox 298 827 1530 886">
    <p class='ocr_par' dir='ltr' id='par_1_5' title="bbox 298 827 1530 886">
     <span class='ocr_line' id='line_1_9' title="bbox 298 827 1530 886; baseline -0.002 -13"><span class='ocrx_word' id='word_1_55' title='bbox 298 837 324 877; x_wconf 89' lang='lat' dir='ltr'>b</span> <span class='ocrx_word' id='word_1_56' title='bbox 739 830 815 872; x_wconf 59' lang='grc' dir='ltr'>τήν</span> <span class='ocrx_word' id='word_1_57' title='bbox 842 830 1053 878; x_wconf 77' lang='grc' dir='ltr'>μένουσαν</span> <span class='ocrx_word' id='word_1_58' title='bbox 1092 827 1152 870; x_wconf 71' lang='grc' dir='ltr'>εἰς</span> <span class='ocrx_word' id='word_1_59' title='bbox 1190 828 1300 886; x_wconf 58' lang='grc' dir='ltr'>ζωήν</span> <span class='ocrx_word' id='word_1_60' title='bbox 1338 827 1530 870; x_wconf 78' lang='grc' dir='ltr'>αἰώνιον.</span> 
     </span>
    </p>
   </div>
   <div class='ocr_carea' id='block_1_6' title="bbox 345 933 1932 1250">
    <p class='ocr_par' dir='ltr' id='par_1_6' title="bbox 345 933 1932 1250">
     <span class='ocr_line' id='line_1_10' title="bbox 418 933 1930 1002; baseline -0.003 -11"><span class='ocrx_word' id='word_1_61' title='bbox 418 938 648 991; x_wconf 89' lang='grc' dir='ltr'>Τοιοῦτόν</span> <span class='ocrx_word' id='word_1_62' title='bbox 677 961 722 989; x_wconf 92' lang='grc' dir='ltr'>τι</span> <span class='ocrx_word' id='word_1_63' title='bbox 755 937 903 990; x_wconf 87' lang='grc' dir='ltr'>πάλιν</span> <span class='ocrx_word' id='word_1_64' title='bbox 935 939 1009 989; x_wconf 86' lang='grc' dir='ltr'>ἐπὶ</span> <span class='ocrx_word' id='word_1_65' title='bbox 1046 935 1100 988; x_wconf 83' lang='grc' dir='ltr'>τὸ</span> <span class='ocrx_word' id='word_1_66' title='bbox 1140 934 1347 988; x_wconf 85' lang='grc' dir='ltr'>καθόλου</span> <span class='ocrx_word' id='word_1_67' title='bbox 1384 938 1460 987; x_wconf 85' lang='grc' dir='ltr'>καὶ</span> <span class='ocrx_word' id='word_1_68' title='bbox 1497 933 1802 1002; x_wconf 81' lang='grc' dir='ltr'>γενικώτερόν</span> <span class='ocrx_word' id='word_1_69' title='bbox 1830 957 1930 987; x_wconf 89' lang='grc' dir='ltr'>πως</span> 
     </span>
     <span class='ocr_line' id='line_1_11' title="bbox 345 1016 1931 1085; baseline -0.005 -12"><span class='ocrx_word' id='word_1_70' title='bbox 345 1021 650 1073; x_wconf 81' lang='grc' dir='ltr'>ἐκπλατύνων</span> <span class='ocrx_word' id='word_1_71' title='bbox 688 1019 772 1071; x_wconf 81' lang='grc' dir='ltr'>τὸν</span> <span class='ocrx_word' id='word_1_72' title='bbox 810 1018 973 1085; x_wconf 88' lang='grc' dir='ltr'>λόγον,</span> <span class='ocrx_word' id='word_1_73' title='bbox 1013 1021 1038 1070; x_wconf 84' lang='grc' dir='ltr'><strong>ὁ</strong></span> <span class='ocrx_word' id='word_1_74' title='bbox 1084 1022 1280 1072; x_wconf 79' lang='grc' dir='ltr'>Παῦλος</span> <span class='ocrx_word' id='word_1_75' title='bbox 1318 1019 1436 1082; x_wconf 82' lang='grc' dir='ltr'>ἡμᾶς</span> <span class='ocrx_word' id='word_1_76' title='bbox 1476 1016 1736 1068; x_wconf 81' lang='grc' dir='ltr'>ἐκδιδάσκει</span> <span class='ocrx_word' id='word_1_77' title='bbox 1775 1016 1931 1081; x_wconf 82' lang='grc' dir='ltr'>λε’γων</span> 
     </span>
     <span class='ocr_line' id='line_1_12' title="bbox 348 1096 1928 1169; baseline -0.005 -14"><span class='ocrx_word' id='word_1_78' title='bbox 348 1112 374 1134; x_wconf 85' lang='grc'><strong>“</strong></span> <span class='ocrx_word' id='word_1_79' title='bbox 400 1105 462 1155; x_wconf 86' lang='grc' dir='ltr'>Ὁ</span> <span class='ocrx_word' id='word_1_80' title='bbox 490 1104 699 1169; x_wconf 89' lang='grc' dir='ltr'>σπείρων</span> <span class='ocrx_word' id='word_1_81' title='bbox 722 1107 784 1156; x_wconf 81' lang='grc' dir='ltr'>εἷς</span> <span class='ocrx_word' id='word_1_82' title='bbox 816 1101 902 1166; x_wconf 84' lang='grc' dir='ltr'>τὴν</span> <span class='ocrx_word' id='word_1_83' title='bbox 927 1100 1086 1167; x_wconf 87' lang='grc' dir='ltr'>σάρκα</span> <span class='ocrx_word' id='word_1_84' title='bbox 1120 1103 1169 1151; x_wconf 87' lang='grc' dir='ltr'>ἐκ</span> <span class='ocrx_word' id='word_1_85' title='bbox 1204 1103 1285 1164; x_wconf 82' lang='grc' dir='ltr'>τῆς</span> <span class='ocrx_word' id='word_1_86' title='bbox 1320 1098 1497 1166; x_wconf 77' lang='grc' dir='ltr'>σαρκὸς</span> <span class='ocrx_word' id='word_1_87' title='bbox 1525 1099 1699 1165; x_wconf 84' lang='grc' dir='ltr'>θερίσει</span> <span class='ocrx_word' id='word_1_88' title='bbox 1726 1096 1928 1166; x_wconf 85' lang='grc' dir='ltr'>φθοράν·</span> 
     </span>
     <span class='ocr_line' id='line_1_13' title="bbox 347 1179 1932 1250; baseline -0.004 -14"><span class='ocrx_word' id='word_1_89' title='bbox 347 1194 374 1216; x_wconf 86' lang='grc'>“</span> <span class='ocrx_word' id='word_1_90' title='bbox 403 1188 427 1236; x_wconf 87' lang='grc' dir='ltr'>ὁ</span> <span class='ocrx_word' id='word_1_91' title='bbox 452 1185 501 1236; x_wconf 79' lang='grc' dir='ltr'>δὲ</span> <span class='ocrx_word' id='word_1_92' title='bbox 526 1185 738 1250; x_wconf 87' lang='grc' dir='ltr'>σπείρων</span> <span class='ocrx_word' id='word_1_93' title='bbox 764 1187 824 1237; x_wconf 78' lang='grc' dir='ltr'>εἷς</span> <span class='ocrx_word' id='word_1_94' title='bbox 851 1183 906 1233; x_wconf 84' lang='grc' dir='ltr'>τὸ</span> <span class='ocrx_word' id='word_1_95' title='bbox 931 1188 1115 1246; x_wconf 82' lang='grc' dir='ltr'>πνεῦμα</span> <span class='ocrx_word' id='word_1_96' title='bbox 1140 1183 1190 1232; x_wconf 87' lang='grc' dir='ltr'>ἐκ</span> <span class='ocrx_word' id='word_1_97' title='bbox 1215 1187 1298 1233; x_wconf 92' lang='grc' dir='ltr'>τοῦ</span> <span class='ocrx_word' id='word_1_98' title='bbox 1322 1181 1584 1245; x_wconf 86' lang='grc' dir='ltr'>πνεύματος</span> <span class='ocrx_word' id='word_1_99' title='bbox 1611 1180 1785 1247; x_wconf 82' lang='grc' dir='ltr'>θερίσει</span> <span class='ocrx_word' id='word_1_100' title='bbox 1812 1179 1932 1246; x_wconf 77' lang='grc' dir='ltr'>ζωὴν</span> 
     </span>
    </p>
   </div>
   <div class='ocr_carea' id='block_1_7' title="bbox 608 1265 633 1281">
    <p class='ocr_par' dir='ltr' id='par_1_7' title="bbox 608 1265 633 1281">
     <span class='ocr_line' id='line_1_14' title="bbox 608 1265 633 1281; baseline 0 0"><span class='ocrx_word' id='word_1_101' title='bbox 608 1265 633 1281; x_wconf 68' lang='lat'>&#39;5</span> 
     </span>
    </p>
   </div>
   <div class='ocr_carea' id='block_1_8' title="bbox 305 1261 1939 2400">
    <p class='ocr_par' dir='ltr' id='par_1_8' title="bbox 305 1261 1939 2400">
     <span class='ocr_line' id='line_1_15' title="bbox 348 1261 1932 1332; baseline -0.004 -14"><span class='ocrx_word' id='word_1_102' title='bbox 348 1275 374 1298; x_wconf 73' lang='lat'>‘⁶</span> <span class='ocrx_word' id='word_1_103' title='bbox 401 1267 601 1318; x_wconf 80' lang='grc' dir='ltr'>αἰώνιον.</span> <span class='ocrx_word' id='word_1_104' title='bbox 673 1265 881 1331; x_wconf 78' lang='grc' dir='ltr'>σπείρειν</span> <span class='ocrx_word' id='word_1_105' title='bbox 906 1265 991 1328; x_wconf 79' lang='grc' dir='ltr'>μὲν</span> <span class='ocrx_word' id='word_1_106' title='bbox 1016 1263 1108 1330; x_wconf 80' lang='grc' dir='ltr'>γὰρ</span> <span class='ocrx_word' id='word_1_107' title='bbox 1134 1268 1196 1317; x_wconf 82' lang='grc' dir='ltr'>εἷς</span> <span class='ocrx_word' id='word_1_108' title='bbox 1222 1262 1307 1327; x_wconf 84' lang='grc' dir='ltr'>τὴν</span> <span class='ocrx_word' id='word_1_109' title='bbox 1333 1262 1491 1328; x_wconf 88' lang='grc' dir='ltr'>σάρκα</span> <span class='ocrx_word' id='word_1_110' title='bbox 1519 1267 1642 1332; x_wconf 88' lang='grc' dir='ltr'>φησὶ</span> <span class='ocrx_word' id='word_1_111' title='bbox 1667 1261 1775 1316; x_wconf 73' lang='grc' dir='ltr'>τοὺς</span> <span class='ocrx_word' id='word_1_112' title='bbox 1804 1262 1851 1312; x_wconf 82' lang='grc' dir='ltr'>οἵ</span> <span class='ocrx_word' id='word_1_113' title='bbox 1878 1284 1932 1326; x_wconf 92' lang='grc' dir='ltr'>γε</span> 
     </span>
     <span class='ocr_line' id='line_1_16' title="bbox 347 1343 1933 1414; baseline -0.002 -14"><span class='ocrx_word' id='word_1_114' title='bbox 347 1354 447 1402; x_wconf 85' lang='grc' dir='ltr'>ταῖς</span> <span class='ocrx_word' id='word_1_115' title='bbox 471 1351 554 1412; x_wconf 85' lang='grc' dir='ltr'>τῆς</span> <span class='ocrx_word' id='word_1_116' title='bbox 578 1346 755 1413; x_wconf 84' lang='grc' dir='ltr'>σαρκὸς</span> <span class='ocrx_word' id='word_1_117' title='bbox 780 1347 966 1411; x_wconf 85' lang='grc' dir='ltr'>ἡδοναῖς</span> <span class='ocrx_word' id='word_1_118' title='bbox 993 1346 1108 1400; x_wconf 80' lang='grc' dir='ltr'>ὅλας</span> <span class='ocrx_word' id='word_1_119' title='bbox 1139 1344 1304 1411; x_wconf 80' lang='grc' dir='ltr'>ὥσπερ</span> <span class='ocrx_word' id='word_1_120' title='bbox 1329 1345 1664 1414; x_wconf 79' lang='grc' dir='ltr'>ἐπιτρέψαντες</span> <span class='ocrx_word' id='word_1_121' title='bbox 1693 1343 1777 1397; x_wconf 81' lang='grc' dir='ltr'>τὰς</span> <span class='ocrx_word' id='word_1_122' title='bbox 1803 1343 1933 1407; x_wconf 88' lang='grc' dir='ltr'>ἡνίας</span> 
     </span>
     <span class='ocr_line' id='line_1_17' title="bbox 307 1423 1934 1498; baseline -0.004 -16"><span class='ocrx_word' id='word_1_123' title='bbox 307 1455 329 1482; x_wconf 82' lang='lat' dir='ltr'>e</span> <span class='ocrx_word' id='word_1_124' title='bbox 349 1434 563 1498; x_wconf 85' lang='grc' dir='ltr'>δρομαῖοι</span> <span class='ocrx_word' id='word_1_125' title='bbox 585 1428 859 1495; x_wconf 77' lang='grc' dir='ltr'>βαδίζουσιν</span> <span class='ocrx_word' id='word_1_126' title='bbox 884 1429 956 1498; x_wconf 86' lang='grc' dir='ltr'>ἐφ’</span> <span class='ocrx_word' id='word_1_127' title='bbox 986 1427 1100 1494; x_wconf 79' lang='grc' dir='ltr'>ὅπερ</span> <span class='ocrx_word' id='word_1_128' title='bbox 1127 1426 1185 1478; x_wconf 78' lang='grc' dir='ltr'>ἂν</span> <span class='ocrx_word' id='word_1_129' title='bbox 1209 1427 1494 1490; x_wconf 81' lang='grc' dir='ltr'>βούλωνται,</span> <span class='ocrx_word' id='word_1_130' title='bbox 1515 1427 1822 1493; x_wconf 88' lang='grc' dir='ltr'>διακρίνοντες</span> <span class='ocrx_word' id='word_1_131' title='bbox 1847 1423 1934 1488; x_wconf 77' lang='grc' dir='ltr'>μὲν</span> 
     </span>
     <span class='ocr_line' id='line_1_18' title="bbox 349 1509 1933 1580; baseline -0.005 -15"><span class='ocrx_word' id='word_1_132' title='bbox 349 1515 563 1576; x_wconf 81' lang='grc' dir='ltr'>οὐδαμῶς</span> <span class='ocrx_word' id='word_1_133' title='bbox 597 1512 652 1564; x_wconf 79' lang='grc' dir='ltr'>τὸ</span> <span class='ocrx_word' id='word_1_134' title='bbox 680 1511 827 1580; x_wconf 87' lang='grc' dir='ltr'>σφίσι</span> <span class='ocrx_word' id='word_1_135' title='bbox 854 1509 1102 1563; x_wconf 78' lang='grc' dir='ltr'>λυσιτελὲς</span> <span class='ocrx_word' id='word_1_136' title='bbox 1127 1509 1221 1561; x_wconf 81' lang='grc' dir='ltr'>ἀπὸ</span> <span class='ocrx_word' id='word_1_137' title='bbox 1247 1515 1330 1561; x_wconf 90' lang='grc' dir='ltr'>τοῦ</span> <span class='ocrx_word' id='word_1_138' title='bbox 1357 1510 1697 1560; x_wconf 86' lang='grc' dir='ltr'>κατασίνεσθαι</span> <span class='ocrx_word' id='word_1_139' title='bbox 1729 1510 1804 1559; x_wconf 86' lang='grc' dir='ltr'>καὶ</span> <span class='ocrx_word' id='word_1_140' title='bbox 1835 1510 1933 1558; x_wconf 81' lang='grc' dir='ltr'>ἀδι-</span> 
     </span>
     <span class='ocr_line' id='line_1_19' title="bbox 346 1590 1936 1664; baseline -0.004 -16"><span class='ocrx_word' id='word_1_141' title='bbox 346 1601 441 1648; x_wconf 83' lang='grc' dir='ltr'>κεῖν</span> <span class='ocrx_word' id='word_1_142' title='bbox 472 1593 752 1664; x_wconf 86' lang='grc' dir='ltr'>πεφυκότος,</span> <span class='ocrx_word' id='word_1_143' title='bbox 778 1591 1039 1658; x_wconf 73' lang='grc' dir='ltr'>δοκιμάζειν</span> <span class='ocrx_word' id='word_1_144' title='bbox 1074 1591 1120 1643; x_wconf 81' lang='grc' dir='ltr'>δὲ</span> <span class='ocrx_word' id='word_1_145' title='bbox 1156 1591 1281 1646; x_wconf 78' lang='grc' dir='ltr'>ὅλως</span> <span class='ocrx_word' id='word_1_146' title='bbox 1314 1591 1368 1642; x_wconf 84' lang='grc' dir='ltr'>τὸ</span> <span class='ocrx_word' id='word_1_147' title='bbox 1404 1595 1470 1661; x_wconf 76' lang='grc' dir='ltr'>τῷ</span> <span class='ocrx_word' id='word_1_148' title='bbox 1505 1590 1732 1659; x_wconf 78' lang='grc' dir='ltr'>νομοθέτῃ</span> <span class='ocrx_word' id='word_1_149' title='bbox 1768 1594 1936 1642; x_wconf 91' lang='grc' dir='ltr'>δοκοῦν</span> 
     </span>
     <span class='ocr_line' id='line_1_20' title="bbox 346 1671 1936 1742; baseline -0.004 -12"><span class='ocrx_word' id='word_1_150' title='bbox 346 1676 605 1742; x_wconf 82' lang='grc' dir='ltr'>οὐδαμόθεν</span> <span class='ocrx_word' id='word_1_151' title='bbox 636 1676 990 1740; x_wconf 80' lang='grc' dir='ltr'>κατειθισμένοι,</span> <span class='ocrx_word' id='word_1_152' title='bbox 1016 1676 1090 1726; x_wconf 79' lang='grc' dir='ltr'>ἐπὶ</span> <span class='ocrx_word' id='word_1_153' title='bbox 1125 1674 1173 1726; x_wconf 78' lang='grc' dir='ltr'>δὲ</span> <span class='ocrx_word' id='word_1_154' title='bbox 1206 1674 1351 1738; x_wconf 87' lang='grc' dir='ltr'>μόνον</span> <span class='ocrx_word' id='word_1_155' title='bbox 1377 1672 1430 1724; x_wconf 79' lang='grc' dir='ltr'>τὸ</span> <span class='ocrx_word' id='word_1_156' title='bbox 1465 1674 1552 1738; x_wconf 83' lang='grc' dir='ltr'>ἡδύ</span> <span class='ocrx_word' id='word_1_157' title='bbox 1585 1697 1634 1725; x_wconf 88' lang='grc' dir='ltr'>τε</span> <span class='ocrx_word' id='word_1_158' title='bbox 1671 1675 1745 1724; x_wconf 78' lang='grc' dir='ltr'>καὶ</span> <span class='ocrx_word' id='word_1_159' title='bbox 1782 1671 1936 1738; x_wconf 87' lang='grc' dir='ltr'>πρόσ-</span> 
     </span>
     <span class='ocr_line' id='line_1_21' title="bbox 347 1755 1936 1827; baseline -0.003 -16"><span class='ocrx_word' id='word_1_160' title='bbox 347 1784 509 1827; x_wconf 90' lang='grc' dir='ltr'>καιρον</span> <span class='ocrx_word' id='word_1_161' title='bbox 535 1758 888 1826; x_wconf 80' lang='grc' dir='ltr'>ἀπερισκέπτως</span> <span class='ocrx_word' id='word_1_162' title='bbox 914 1755 1300 1823; x_wconf 87' lang='grc' dir='ltr'>κατασυρόμενοι,</span> <span class='ocrx_word' id='word_1_163' title='bbox 1328 1759 1403 1807; x_wconf 79' lang='grc' dir='ltr'>καὶ</span> <span class='ocrx_word' id='word_1_164' title='bbox 1428 1760 1522 1806; x_wconf 90' lang='grc' dir='ltr'>τῶν</span> <span class='ocrx_word' id='word_1_165' title='bbox 1548 1756 1795 1823; x_wconf 69' lang='grc' dir='ltr'>ὁρωμένων</span> <span class='ocrx_word' id='word_1_166' title='bbox 1820 1777 1936 1821; x_wconf 91' lang='grc' dir='ltr'>προ-</span> 
     </span>
     <span class='ocr_line' id='line_1_22' title="bbox 347 1836 1936 1908; baseline -0.003 -16"><span class='ocrx_word' id='word_1_167' title='bbox 347 1843 580 1908; x_wconf 87' lang='grc' dir='ltr'>κρίνοντες</span> <span class='ocrx_word' id='word_1_168' title='bbox 619 1839 775 1891; x_wconf 80' lang='grc' dir='ltr'>οὐδέν·</span> <span class='ocrx_word' id='word_1_169' title='bbox 815 1839 1026 1906; x_wconf 86' lang='grc' dir='ltr'>σπείρειν</span> <span class='ocrx_word' id='word_1_170' title='bbox 1059 1838 1108 1889; x_wconf 78' lang='grc' dir='ltr'>δὲ</span> <span class='ocrx_word' id='word_1_171' title='bbox 1146 1838 1294 1890; x_wconf 82' lang='grc' dir='ltr'>πάλιν</span> <span class='ocrx_word' id='word_1_172' title='bbox 1333 1842 1396 1892; x_wconf 79' lang='grc' dir='ltr'>εἷς</span> <span class='ocrx_word' id='word_1_173' title='bbox 1437 1836 1492 1889; x_wconf 80' lang='grc' dir='ltr'>τὸ</span> <span class='ocrx_word' id='word_1_174' title='bbox 1530 1844 1714 1900; x_wconf 90' lang='grc' dir='ltr'>πνεῦμα</span> <span class='ocrx_word' id='word_1_175' title='bbox 1753 1840 1936 1905; x_wconf 86' lang='grc' dir='ltr'>διισχυ-</span> 
     </span>
     <span class='ocr_line' id='line_1_23' title="bbox 346 1919 1937 1990; baseline -0.003 -16"><span class='ocrx_word' id='word_1_176' title='bbox 346 1924 530 1990; x_wconf 77' lang='grc' dir='ltr'>ρίζεται,</span> <span class='ocrx_word' id='word_1_177' title='bbox 565 1921 626 1973; x_wconf 80' lang='grc' dir='ltr'>τὰ</span> <span class='ocrx_word' id='word_1_178' title='bbox 664 1921 735 1990; x_wconf 88' lang='grc' dir='ltr'>ἐφ’</span> <span class='ocrx_word' id='word_1_179' title='bbox 768 1920 834 1974; x_wconf 74' lang='grc' dir='ltr'>οἷς</span> <span class='ocrx_word' id='word_1_180' title='bbox 875 1919 933 1971; x_wconf 77' lang='grc' dir='ltr'>ἂν</span> <span class='ocrx_word' id='word_1_181' title='bbox 970 1920 1196 1982; x_wconf 80' lang='grc' dir='ltr'>βούλοιτο</span> <span class='ocrx_word' id='word_1_182' title='bbox 1227 1921 1496 1987; x_wconf 77' lang='grc' dir='ltr'>διαπρέπειν</span> <span class='ocrx_word' id='word_1_183' title='bbox 1535 1920 1655 1983; x_wconf 79' lang='grc' dir='ltr'>ἡμᾶς</span> <span class='ocrx_word' id='word_1_184' title='bbox 1687 1919 1740 1970; x_wconf 84' lang='grc' dir='ltr'>τὸ</span> <span class='ocrx_word' id='word_1_185' title='bbox 1764 1919 1937 1985; x_wconf 59' lang='grc' dir='ltr'>’Άγιον</span> 
     </span>
     <span class='ocr_line' id='line_1_24' title="bbox 351 2001 1937 2069; baseline -0.003 -12"><span class='ocrx_word' id='word_1_186' title='bbox 351 2009 561 2069; x_wconf 89' lang='grc' dir='ltr'>Πνεῦμα,</span> <span class='ocrx_word' id='word_1_187' title='bbox 613 2004 729 2056; x_wconf 80' lang='grc' dir='ltr'>ὅλον</span> <span class='ocrx_word' id='word_1_188' title='bbox 778 2003 863 2068; x_wconf 78' lang='grc' dir='ltr'>μὲν</span> <span class='ocrx_word' id='word_1_189' title='bbox 913 2006 996 2067; x_wconf 84' lang='grc' dir='ltr'>τῆς</span> <span class='ocrx_word' id='word_1_190' title='bbox 1045 2003 1221 2053; x_wconf 83' lang='grc' dir='ltr'>ἑαυτῶν</span> <span class='ocrx_word' id='word_1_191' title='bbox 1271 2004 1474 2056; x_wconf 87' lang='grc' dir='ltr'>διανοίας</span> <span class='ocrx_word' id='word_1_192' title='bbox 1526 2005 1832 2056; x_wconf 82' lang='grc' dir='ltr'>δαπανῶντας</span> <span class='ocrx_word' id='word_1_193' title='bbox 1883 2001 1937 2053; x_wconf 83' lang='grc' dir='ltr'>τὸ</span> 
     </span>
     <span class='ocr_line' id='line_1_25' title="bbox 305 2083 1939 2154; baseline -0.001 -18"><span class='ocrx_word' id='word_1_194' title='bbox 305 2087 658 2151; x_wconf 76' lang='grc' dir='ltr'>ἀσπούδασμα,</span> <span class='ocrx_word' id='word_1_195' title='bbox 702 2083 916 2154; x_wconf 73' lang='grc' dir='ltr'>συντόνῳ</span> <span class='ocrx_word' id='word_1_196' title='bbox 967 2083 1016 2136; x_wconf 75' lang='grc' dir='ltr'>δὲ</span> <span class='ocrx_word' id='word_1_197' title='bbox 1070 2086 1217 2138; x_wconf 79' lang='grc' dir='ltr'>οὕτως</span> <span class='ocrx_word' id='word_1_198' title='bbox 1269 2084 1672 2152; x_wconf 78' lang='grc' dir='ltr'>ἀποκεχρημένους</span> <span class='ocrx_word' id='word_1_199' title='bbox 1724 2085 1939 2153; x_wconf 87' lang='grc' dir='ltr'>φροντίδι</span> 
     </span>
     <span class='ocr_line' id='line_1_26' title="bbox 349 2165 1939 2236; baseline -0.003 -15"><span class='ocrx_word' id='word_1_200' title='bbox 349 2167 468 2236; x_wconf 81' lang='grc' dir='ltr'>πρὸς</span> <span class='ocrx_word' id='word_1_201' title='bbox 503 2168 739 2235; x_wconf 86' lang='grc' dir='ltr'>γεωργίαν</span> <span class='ocrx_word' id='word_1_202' title='bbox 765 2172 860 2218; x_wconf 91' lang='grc' dir='ltr'>τῶν</span> <span class='ocrx_word' id='word_1_203' title='bbox 883 2168 1088 2233; x_wconf 84' lang='grc' dir='ltr'>ἀγαθῶν,</span> <span class='ocrx_word' id='word_1_204' title='bbox 1118 2168 1179 2220; x_wconf 89' lang='grc' dir='ltr'>ὡς</span> <span class='ocrx_word' id='word_1_205' title='bbox 1214 2170 1251 2217; x_wconf 80' lang='grc' dir='ltr'>εἰ</span> <span class='ocrx_word' id='word_1_206' title='bbox 1284 2166 1349 2231; x_wconf 88' lang='grc' dir='ltr'>μή</span> <span class='ocrx_word' id='word_1_207' title='bbox 1386 2189 1455 2220; x_wconf 87' lang='grc' dir='ltr'>τις</span> <span class='ocrx_word' id='word_1_208' title='bbox 1487 2166 1654 2221; x_wconf 78' lang='grc' dir='ltr'>αὐτοὺς</span> <span class='ocrx_word' id='word_1_209' title='bbox 1690 2165 1939 2234; x_wconf 77' lang='grc' dir='ltr'>κατήπειξε</span> 
     </span>
     <span class='ocr_line' id='line_1_27' title="bbox 350 2247 1939 2319; baseline -0.003 -17"><span class='ocrx_word' id='word_1_210' title='bbox 350 2250 496 2317; x_wconf 88' lang='grc' dir='ltr'>λόγος</span> <span class='ocrx_word' id='word_1_211' title='bbox 524 2249 727 2319; x_wconf 86' lang='grc' dir='ltr'>φυσικός</span> <span class='ocrx_word' id='word_1_212' title='bbox 762 2272 811 2300; x_wconf 93' lang='grc' dir='ltr'>τε</span> <span class='ocrx_word' id='word_1_213' title='bbox 845 2250 921 2300; x_wconf 82' lang='grc' dir='ltr'>καὶ</span> <span class='ocrx_word' id='word_1_214' title='bbox 957 2248 1264 2314; x_wconf 78' lang='grc' dir='ltr'>ἀνυπέρθετος</span> <span class='ocrx_word' id='word_1_215' title='bbox 1299 2247 1382 2302; x_wconf 77' lang='grc' dir='ltr'>τὰς</span> <span class='ocrx_word' id='word_1_216' title='bbox 1420 2249 1676 2315; x_wconf 80' lang='grc' dir='ltr'>ἀναγκαίας</span> <span class='ocrx_word' id='word_1_217' title='bbox 1706 2252 1764 2317; x_wconf 83' lang='grc' dir='ltr'>τῇ</span> <span class='ocrx_word' id='word_1_218' title='bbox 1795 2249 1939 2315; x_wconf 81' lang='grc' dir='ltr'>σαρκὶ</span> 
     </span>
     <span class='ocr_line' id='line_1_28' title="bbox 353 2329 1939 2400; baseline -0.002 -17"><span class='ocrx_word' id='word_1_219' title='bbox 353 2332 626 2400; x_wconf 74' lang='grc' dir='ltr'>χαρίζεσθαι</span> <span class='ocrx_word' id='word_1_220' title='bbox 675 2330 870 2399; x_wconf 77' lang='grc' dir='ltr'>τροφὰς,</span> <span class='ocrx_word' id='word_1_221' title='bbox 923 2331 1016 2381; x_wconf 82' lang='grc' dir='ltr'>οὐδ’</span> <span class='ocrx_word' id='word_1_222' title='bbox 1071 2329 1129 2381; x_wconf 77' lang='grc' dir='ltr'>ἂν</span> <span class='ocrx_word' id='word_1_223' title='bbox 1175 2334 1237 2384; x_wconf 82' lang='grc' dir='ltr'>εἰς</span> <span class='ocrx_word' id='word_1_224' title='bbox 1287 2329 1425 2381; x_wconf 86' lang='grc' dir='ltr'>τοῦτό</span> <span class='ocrx_word' id='word_1_225' title='bbox 1477 2354 1592 2382; x_wconf 89' lang='grc' dir='ltr'>ποτε</span> <span class='ocrx_word' id='word_1_226' title='bbox 1642 2331 1939 2391; x_wconf 79' lang='grc' dir='ltr'>καταβαίνειν</span> 
     </span>
    </p>
   </div>
   <div class='ocr_carea' id='block_1_9' title="bbox 130 2411 1940 2482">
    <p class='ocr_par' dir='ltr' id='par_1_9' title="bbox 130 2411 1940 2482">
     <span class='ocr_line' id='line_1_29' title="bbox 130 2411 1940 2482; baseline 0 -20"><span class='ocrx_word' id='word_1_227' title='bbox 130 2430 294 2462; x_wconf 77' lang='lat' dir='ltr'>Rom.xiii.</span> <span class='ocrx_word' id='word_1_228' title='bbox 354 2415 631 2482; x_wconf 82' lang='grc' dir='ltr'>ἠνέσχοντο.</span> <span class='ocrx_word' id='word_1_229' title='bbox 687 2411 813 2474; x_wconf 76' lang='grc' dir='ltr'>οἶμαι</span> <span class='ocrx_word' id='word_1_230' title='bbox 846 2413 1002 2463; x_wconf 88' lang='grc' dir='ltr'>τοίνυν</span> <span class='ocrx_word' id='word_1_231' title='bbox 1035 2411 1293 2478; x_wconf 82' lang='grc' dir='ltr'>προσήκειν</span> <span class='ocrx_word' id='word_1_232' title='bbox 1325 2413 1457 2475; x_wconf 81' lang='grc' dir='ltr'>ἡμᾶς,</span> <span class='ocrx_word' id='word_1_233' title='bbox 1485 2419 1512 2441; x_wconf 87' lang='grc'><strong>“</strong></span> <span class='ocrx_word' id='word_1_234' title='bbox 1533 2415 1615 2476; x_wconf 82' lang='grc' dir='ltr'>τῆς</span> <span class='ocrx_word' id='word_1_235' title='bbox 1649 2411 1735 2475; x_wconf 77' lang='grc' dir='ltr'>μὲν</span> <span class='ocrx_word' id='word_1_236' title='bbox 1761 2411 1940 2477; x_wconf 85' lang='grc' dir='ltr'>σαρκὸς</span> 
     </span>
    </p>
   </div>
   <div class='ocr_carea' id='block_1_10' title="bbox 133 2485 183 2516">
    <p class='ocr_par' dir='ltr' id='par_1_10' title="bbox 133 2485 183 2516">
     <span class='ocr_line' id='line_1_30' title="bbox 133 2485 183 2516; baseline -0.02 -10"><span class='ocrx_word' id='word_1_237' title='bbox 133 2485 183 2516; x_wconf 89' lang='lat'>14.</span> 
     </span>
    </p>
   </div>
   <div class='ocr_carea' id='block_1_11' title="bbox 352 2494 1940 2641">
    <p class='ocr_par' dir='ltr' id='par_1_11' title="bbox 352 2494 1940 2641">
     <span class='ocr_line' id='line_1_31' title="bbox 355 2494 1940 2560; baseline -0.003 -13"><span class='ocrx_word' id='word_1_238' title='bbox 355 2503 384 2526; x_wconf 70' lang='lat'>‘⁶</span> <span class='ocrx_word' id='word_1_239' title='bbox 408 2500 469 2550; x_wconf 81' lang='grc' dir='ltr'>εἰς</span> <span class='ocrx_word' id='word_1_240' title='bbox 511 2496 786 2558; x_wconf 85' lang='grc' dir='ltr'>ἐπιθυμίας”</span> <span class='ocrx_word' id='word_1_241' title='bbox 821 2494 1050 2560; x_wconf 88' lang='grc' dir='ltr'>μηδεμίαν</span> <span class='ocrx_word' id='word_1_242' title='bbox 1089 2494 1213 2547; x_wconf 84' lang='grc' dir='ltr'>ὅλως</span> <span class='ocrx_word' id='word_1_243' title='bbox 1253 2495 1468 2545; x_wconf 88' lang='grc' dir='ltr'>τίθεσθαι</span> <span class='ocrx_word' id='word_1_244' title='bbox 1508 2494 1745 2560; x_wconf 88' lang='grc' dir='ltr'>πρόνοιαν,</span> <span class='ocrx_word' id='word_1_245' title='bbox 1786 2516 1940 2559; x_wconf 90' lang='grc' dir='ltr'>προσ-</span> 
     </span>
     <span class='ocr_line' id='line_1_32' title="bbox 352 2574 1939 2641; baseline -0.001 -12"><span class='ocrx_word' id='word_1_246' title='bbox 352 2582 536 2629; x_wconf 86' lang='grc' dir='ltr'>κεῖσθαι</span> <span class='ocrx_word' id='word_1_247' title='bbox 563 2577 610 2628; x_wconf 81' lang='grc' dir='ltr'>δὲ</span> <span class='ocrx_word' id='word_1_248' title='bbox 636 2582 827 2640; x_wconf 84' lang='grc' dir='ltr'>μᾶλλον</span> <span class='ocrx_word' id='word_1_249' title='bbox 852 2581 948 2630; x_wconf 82' lang='grc' dir='ltr'>τοῖς</span> <span class='ocrx_word' id='word_1_250' title='bbox 976 2574 1372 2641; x_wconf 87' lang='grc' dir='ltr'>ἀναγκαιοτάτοις,</span> <span class='ocrx_word' id='word_1_251' title='bbox 1401 2580 1476 2626; x_wconf 81' lang='grc' dir='ltr'>καὶ</span> <span class='ocrx_word' id='word_1_252' title='bbox 1511 2576 1794 2640; x_wconf 84' lang='grc' dir='ltr'>ἐπιτηδεύειν</span> <span class='ocrx_word' id='word_1_253' title='bbox 1819 2577 1939 2627; x_wconf 86' lang='grc' dir='ltr'>ἐπεί-</span> 
     </span>
    </p>
   </div>
   <div class='ocr_carea' id='block_1_12' title="bbox 352 2657 1940 2725">
    <p class='ocr_par' dir='ltr' id='par_1_12' title="bbox 352 2657 1940 2725">
     <span class='ocr_line' id='line_1_33' title="bbox 352 2657 1940 2725; baseline -0.001 -14"><span class='ocrx_word' id='word_1_254' title='bbox 352 2664 521 2725; x_wconf 90' lang='grc' dir='ltr'>γεσθαι</span> <span class='ocrx_word' id='word_1_255' title='bbox 561 2659 619 2711; x_wconf 84' lang='grc' dir='ltr'>τὰ</span> <span class='ocrx_word' id='word_1_256' title='bbox 658 2659 842 2725; x_wconf 78' lang='grc' dir='ltr'>ὅσαπερ</span> <span class='ocrx_word' id='word_1_257' title='bbox 874 2659 995 2723; x_wconf 81' lang='grc' dir='ltr'>ἡμᾶς</span> <span class='ocrx_word' id='word_1_258' title='bbox 1033 2663 1095 2712; x_wconf 81' lang='grc' dir='ltr'>εἰς</span> <span class='ocrx_word' id='word_1_259' title='bbox 1132 2657 1218 2722; x_wconf 84' lang='grc' dir='ltr'>τὴν</span> <span class='ocrx_word' id='word_1_260' title='bbox 1250 2657 1436 2709; x_wconf 84' lang='grc' dir='ltr'>αἰώνιόν</span> <span class='ocrx_word' id='word_1_261' title='bbox 1471 2681 1519 2708; x_wconf 91' lang='grc' dir='ltr'>τε</span> <span class='ocrx_word' id='word_1_262' title='bbox 1559 2660 1634 2708; x_wconf 76' lang='grc' dir='ltr'>καὶ</span> <span class='ocrx_word' id='word_1_263' title='bbox 1670 2658 1796 2709; x_wconf 88' lang='grc' dir='ltr'>θείαν</span> <span class='ocrx_word' id='word_1_264' title='bbox 1827 2661 1940 2709; x_wconf 86' lang='grc' dir='ltr'>ἀνα-</span> 
     </span>
    </p>
   </div>
   <div class='ocr_carea' id='block_1_13' title="bbox 354 2809 1942 2948">
    <p class='ocr_par' dir='ltr' id='par_1_13' title="bbox 354 2809 1942 2948">
     <span class='ocr_line' id='line_1_34' title="bbox 401 2809 1940 2856; baseline -0.001 -11"><span class='ocrx_word' id='word_1_265' title='bbox 401 2822 433 2856; x_wconf 87' lang='grc'>3.</span> <span class='ocrx_word' id='word_1_266' title='bbox 459 2812 529 2846; x_wconf 85' lang='grc' dir='ltr'>τοῖς</span> <span class='ocrx_word' id='word_1_267' title='bbox 545 2821 609 2855; x_wconf 82' lang='lat' dir='ltr'>pro</span> <span class='ocrx_word' id='word_1_268' title='bbox 626 2810 686 2853; x_wconf 89' lang='grc' dir='ltr'>τὴν</span> <span class='ocrx_word' id='word_1_269' title='bbox 704 2810 821 2853; x_wconf 84' lang='lat' dir='ltr'>(hicne</span> <span class='ocrx_word' id='word_1_270' title='bbox 838 2821 881 2844; x_wconf 86' lang='lat' dir='ltr'>an</span> <span class='ocrx_word' id='word_1_271' title='bbox 900 2821 971 2844; x_wconf 81' lang='lat' dir='ltr'><strong>ver.</strong></span> <span class='ocrx_word' id='word_1_272' title='bbox 991 2821 1043 2855; x_wconf 84' lang='lat' dir='ltr'>sq.</span> <span class='ocrx_word' id='word_1_273' title='bbox 1057 2809 1086 2853; x_wconf 88' lang='lat'>?)</span> <span class='ocrx_word' id='word_1_274' title='bbox 1106 2809 1148 2843; x_wconf 91' lang='lat' dir='ltr'>B.</span> <span class='ocrx_word' id='word_1_275' title='bbox 1323 2821 1356 2854; x_wconf 84' lang='lat'>9.</span> <span class='ocrx_word' id='word_1_276' title='bbox 1383 2809 1589 2855; x_wconf 85' lang='grc' dir='ltr'>ἐκδιδάσκει]</span> <span class='ocrx_word' id='word_1_277' title='bbox 1610 2809 1796 2844; x_wconf 79' lang='grc' dir='ltr'>ἐκπαιδεύει</span> <span class='ocrx_word' id='word_1_278' title='bbox 1816 2809 1848 2843; x_wconf 94' lang='lat' dir='ltr'>D</span> <span class='ocrx_word' id='word_1_279' title='bbox 1867 2821 1940 2854; x_wconf 88' lang='lat' dir='ltr'>mg.</span> 
     </span>
     <span class='ocr_line' id='line_1_35' title="bbox 354 2854 1942 2903; baseline -0.001 -12"><span class='ocrx_word' id='word_1_280' title='bbox 354 2860 377 2875; x_wconf 89' lang='lat'><strong>“</strong></span> <span class='ocrx_word' id='word_1_281' title='bbox 395 2859 438 2891; x_wconf 83' lang='lat' dir='ltr'>al.</span> <span class='ocrx_word' id='word_1_282' title='bbox 459 2856 730 2903; x_wconf 77' lang='grc' dir='ltr'>ἐκπαιδεύει[ν]”</span> <span class='ocrx_word' id='word_1_283' title='bbox 751 2856 819 2891; x_wconf 85' lang='lat' dir='ltr'>Ed.</span> <span class='ocrx_word' id='word_1_284' title='bbox 837 2869 910 2902; x_wconf 84' lang='lat' dir='ltr'>mg.</span> <span class='ocrx_word' id='word_1_285' title='bbox 1058 2868 1111 2898; x_wconf 90' lang='lat'>14.</span> <span class='ocrx_word' id='word_1_286' title='bbox 1136 2854 1213 2900; x_wconf 81' lang='grc' dir='ltr'>μὲν]</span> <span class='ocrx_word' id='word_1_287' title='bbox 1235 2856 1269 2890; x_wconf 82' lang='grc' dir='ltr'>δέ</span> <span class='ocrx_word' id='word_1_288' title='bbox 1290 2856 1331 2891; x_wconf 88' lang='grc' dir='ltr'>Β.</span> <span class='ocrx_word' id='word_1_289' title='bbox 1492 2867 1547 2890; x_wconf 89' lang='lat'>20.</span> <span class='ocrx_word' id='word_1_290' title='bbox 1574 2855 1843 2901; x_wconf 81' lang='grc' dir='ltr'>τὰ-Βούλοιτο]</span> <span class='ocrx_word' id='word_1_291' title='bbox 1863 2856 1942 2892; x_wconf 82' lang='grc' dir='ltr'>τοὺς</span> 
     </span>
     <span class='ocr_line' id='line_1_36' title="bbox 355 2902 1940 2948; baseline 0 -11"><span class='ocrx_word' id='word_1_292' title='bbox 355 2903 581 2943; x_wconf 79' lang='grc' dir='ltr'>-βούλοιντο</span> <span class='ocrx_word' id='word_1_293' title='bbox 601 2903 643 2937; x_wconf 92' lang='lat' dir='ltr'>B.</span> <span class='ocrx_word' id='word_1_294' title='bbox 819 2914 873 2947; x_wconf 87' lang='lat'>24.</span> <span class='ocrx_word' id='word_1_295' title='bbox 900 2902 1098 2948; x_wconf 81' lang='grc' dir='ltr'>ἀναγκαίους</span> <span class='ocrx_word' id='word_1_296' title='bbox 1118 2902 1159 2936; x_wconf 88' lang='grc' dir='ltr'>Β.</span> <span class='ocrx_word' id='word_1_297' title='bbox 1341 2912 1395 2948; x_wconf 83' lang='grc'>27.</span> <span class='ocrx_word' id='word_1_298' title='bbox 1422 2903 1598 2947; x_wconf 82' lang='grc' dir='ltr'>ἐπιθυμίας</span> <span class='ocrx_word' id='word_1_299' title='bbox 1617 2903 1659 2937; x_wconf 90' lang='grc' dir='ltr'>Β.</span> <span class='ocrx_word' id='word_1_300' title='bbox 1678 2902 1855 2946; x_wconf 86' lang='grc' dir='ltr'>ἐπιθυμίαν</span> <span class='ocrx_word' id='word_1_301' title='bbox 1874 2902 1940 2937; x_wconf 86' lang='lat' dir='ltr'>Ed.</span> 
     </span>
    </p>
   </div>
   <div class='ocr_carea' id='block_1_14' title="bbox 357 2948 1347 2995">
    <p class='ocr_par' dir='ltr' id='par_1_14' title="bbox 357 2948 1347 2995">
     <span class='ocr_line' id='line_1_37' title="bbox 357 2948 1347 2995; baseline 0 -12"><span class='ocrx_word' id='word_1_302' title='bbox 357 2950 481 2984; x_wconf 77' lang='lat' dir='ltr'>Statim</span> <span class='ocrx_word' id='word_1_303' title='bbox 500 2951 656 2995; x_wconf 74' lang='grc' dir='ltr'>οὐδεμίαν</span> <span class='ocrx_word' id='word_1_304' title='bbox 674 2950 716 2985; x_wconf 90' lang='grc' dir='ltr'>Β.</span> <span class='ocrx_word' id='word_1_305' title='bbox 860 2961 916 2995; x_wconf 89' lang='lat'>29.</span> <span class='ocrx_word' id='word_1_306' title='bbox 942 2950 1009 2984; x_wconf 86' lang='grc' dir='ltr'>ὅσα</span> <span class='ocrx_word' id='word_1_307' title='bbox 1026 2949 1107 2994; x_wconf 83' lang='grc' dir='ltr'>περ]</span> <span class='ocrx_word' id='word_1_308' title='bbox 1126 2948 1192 2984; x_wconf 85' lang='grc' dir='ltr'>ὅσα</span> <span class='ocrx_word' id='word_1_309' title='bbox 1209 2950 1286 2994; x_wconf 79' lang='grc' dir='ltr'>περὶ</span> <span class='ocrx_word' id='word_1_310' title='bbox 1307 2949 1347 2983; x_wconf 91' lang='grc' dir='ltr'>Β.</span> 
     </span>
    </p>
   </div>
   <div class='ocr_carea' id='block_1_15' title="bbox 1949 603 1971 642">
    <p class='ocr_par' dir='ltr' id='par_1_15' title="bbox 1949 603 1971 642">
     <span class='ocr_line' id='line_1_38' title="bbox 1949 603 1971 642; baseline 0 0"><span class='ocrx_word' id='word_1_311' title='bbox 1949 603 1971 642; x_wconf 91' lang='grc'><strong>5</strong></span> 
     </span>
    </p>
   </div>
   <div class='ocr_carea' id='block_1_16' title="bbox 1956 1117 2002 1142">
    <p class='ocr_par' dir='ltr' id='par_1_16' title="bbox 1956 1117 2002 1142">
     <span class='ocr_line' id='line_1_39' title="bbox 1956 1117 2002 1142; baseline 0.043 -2"><span class='ocrx_word' id='word_1_312' title='bbox 1956 1117 2002 1142; x_wconf 84' lang='grc'>10</span> 
     </span>
    </p>
   </div>
   <div class='ocr_carea' id='block_1_17' title="bbox 1959 1944 2007 1968">
    <p class='ocr_par' dir='ltr' id='par_1_17' title="bbox 1959 1944 2007 1968">
     <span class='ocr_line' id='line_1_40' title="bbox 1959 1944 2007 1968; baseline 0 0"><span class='ocrx_word' id='word_1_313' title='bbox 1959 1944 2007 1968; x_wconf 90' lang='grc'>20</span> 
     </span>
    </p>
   </div>
  </div>
 </body>
</html>
