2084 3317
361 187 445 226 386
765 186 813 225 B.
848 185 1123 225 CYRILLI
1167 184 1547 225 ALEXANDR.
1822 195 1947 235 v.43.

322 296 574 357 θέμαυτοῦ,
602 296 677 345 καὶ
714 295 801 361 οὐχ
839 294 1178 360 ὑστερίζουσαν
1213 296 1295 357 τῆς
1328 293 1438 359 παρ’
1470 293 1612 356 ὑμῶν,
1645 291 1756 341 ἀλλ’
1790 290 1948 355 ε’ίρηκα

359 376 425 440 μὴ
452 376 606 427 θέλειν
634 378 750 440 ὑμᾶς
776 376 997 443 ἐρχεσθαι
1023 374 1140 441 πρὸς
1166 374 1222 438 μὲ
1250 374 1325 425 διὰ
1358 375 1411 424 τὸ
1445 378 1620 439 γνῶναι
1651 376 1825 439 σαφῶς
1840 370 1947 422 τὈτι

359 459 426 518 την
453 457 640 525 ἀγάπην
672 460 743 509 τοῦ
775 460 886 509 Θεοῦ
922 462 997 508 οὐκ
1034 458 1155 520 ἔχετε
1189 458 1226 508 ἐν
1252 457 1432 510 ἑαυτοῖς.
1491 456 1651 521 ἔρημοι
1688 453 1783 520 γὰρ
1820 452 1950 505 ὄντες

358 543 441 604 τῆς
478 545 539 594 εἷς
576 539 700 590 Θεὸν
733 538 935 604 ἀγάπης,
962 540 1099 606 φησὶ,
1126 542 1226 591 πῶς
1262 536 1320 588 ἂν
1346 538 1589 606 ἐφίκοισθε
1624 536 1743 602 πρὸς
1777 535 1833 600 μὲ
1867 534 1950 586 τὸν

356 624 406 672 ἐκ
434 626 557 673 Θεοῦ
584 620 828 688 πεφηνότα
856 620 980 671 Θεὸν
1010 622 1264 684 Μονογενῆ
1289 641 1300 682 ;
1971 638 1992 675 5

288 782 469 829 43ἘΓὼ
506 782 696 823 ἐλήλυθα
735 782 778 822 ἐν
817 782 878 834 τῷ
916 781 1094 829 ὀνόματι
1134 784 1207 821 τοῦ
1247 781 1417 838 Πατρός
1459 795 1551 831 μου,
1591 780 1659 820 καὶ
1700 779 1748 820 οὐ
1788 779 1951 828 λαμβά-

424 866 517 907 νετέ
559 878 623 913 με·
673 865 750 907 ἐὰν
795 865 928 905 ἄλλος
971 864 1076 921 ἓλθῌ
1120 863 1165 905 ὲν
1206 865 1267 917 τῷ
1306 864 1485 912 ὀνόματι
1529 864 1590 917 τῷ
1634 860 1745 916 ἰδίῳ,
1782 859 1948 904 ἐκεῖνον

424 949 630 999 λήψεσθε.

423 1055 531 1107 Ἵνα
586 1056 650 1121 μὴ
713 1058 892 1107 δοκοῖεν
942 1059 984 1107 οἱ
1036 1059 1291 1123 Φαρισαῖοι
1347 1058 1746 1121 διαλοιδορεΐσθαι
1795 1052 1950 1118 μάτην

133 1153 219 1187 262
236 1153 286 1187 A.
319 1162 340 1187 a
358 1139 515 1193 αὐτοῖς
550 1138 633 1189 τὸν
661 1138 851 1204 Κύριον,
880 1137 956 1189 διὰ
993 1143 1075 1188 τοῦ
1110 1138 1266 1203 λε’γειν
1292 1145 1320 1167 “
1341 1139 1446 1188 Οὐκ
1481 1138 1609 1205 ε”χετε
1642 1136 1728 1201 τὴν
1759 1135 1949 1202 ἀγάπην
1973 1160 2021 1185 10

133 1203 242 1243 Supra

131 1256 200 1277 ver.
220 1256 272 1285 42.

136 2214 150 2234 2
166 2204 280 2234 Thess.

132 2248 164 2279 ii.
182 2256 295 2277 10—12.

358 1228 385 1251 “
412 1226 495 1271 τοῦ
522 1224 647 1271 Θεοῦ
674 1222 722 1270 ἐν
746 1221 966 1282 ἑαυτοῖς,”
988 1225 1190 1286 πρᾶγμα
1215 1218 1391 1273 δεικνὺς
1417 1218 1590 1284 ἀληθὲς
1616 1217 1669 1270 τὸ
1695 1217 1948 1285 εἰρημένον,

355 1304 678 1369 παρατίθησιν
703 1301 836 1355 εὐθὺς
862 1306 958 1356 τοῖς
985 1303 1200 1368 ἀνωτέρω
1227 1304 1303 1352 καὶ
1329 1307 1484 1352 τοῦτο·
1528 1301 1598 1352 ὅτι
1634 1300 1744 1367 γὰρ,
1774 1302 1944 1369 φησὶν,

355 1386 409 1436 οὐ
455 1387 770 1453 διαψεύδομαι
810 1386 893 1447 τῆς
932 1382 1051 1449 πρὸς
1093 1383 1148 1434 τὸ
1192 1387 1315 1435 θεῖον
1356 1382 1546 1448 ἀγάπης
1589 1382 1787 1448 ἐρήμους
1832 1383 1949 1445 ὑμᾶς

355 1465 580 1534 ὑπάρχειν
617 1465 771 1528 εἰπὼν,
804 1465 858 1515 δι’
888 1465 988 1519 ἑνὸς
1028 1467 1136 1529 ὑμῖν
1166 1464 1469 1532 παραστήσω
1508 1464 1802 1531 πράγματος.
1859 1461 1948 1529 ἐγῶ

352 1548 439 1612 μὲν
465 1548 559 1614 γὰρ
585 1546 736 1612 ἦλθον
763 1549 799 1599 ἐν
826 1551 887 1617 τῷ
915 1548 1090 1616 ὀνόματι
1117 1549 1189 1599 τοῦ
1218 1548 1392 1616 Πατρός
1422 1565 1523 1615 μου·
1564 1545 1723 1598 πάντα
1756 1544 1849 1612 γὰρ
1885 1549 1948 1599 εἷς
1973 1570 2018 1608 15

354 1630 501 1699 δόξαν
552 1635 635 1681 τοῦ
687 1634 814 1681 Θεοῦ
866 1632 941 1680 καὶ
996 1629 1189 1696 Πατρὸς
1240 1630 1512 1694 ἐπείγεσθαι
1561 1627 1783 1695 πράττειν
1830 1630 1948 1692 ὑμᾶς

353 1713 608 1763 ἀναπείθω·
677 1712 808 1763 ἀλλὰ
866 1716 967 1765 ταῖς
1025 1712 1275 1765 ἀπειθείαις
1333 1709 1684 1780 ἀπετινάξασθε
1733 1709 1818 1774 μὲν
1867 1709 1950 1761 τὸν

310 1794 533 1845 1)ο’ίνωθεν
564 1795 739 1859 ἥκοντα
778 1796 854 1845 καὶ
893 1792 1054 1845 θεόθεν
1087 1794 1377 1860 ὁρμώμενον·
1420 1790 1625 1862 λήψεσθε
1658 1791 1706 1844 δὲ
1740 1793 1945 1846 πάντως·

355 1874 458 1927 οἶδα
506 1876 598 1942 γὰρ
646 1880 707 1930 ὡς
750 1875 871 1929 Θεὸς
915 1876 974 1926 τὰ
1020 1876 1238 1939 ἐσόμενα·
1300 1875 1383 1926 τὸν
1422 1876 1747 1943 ψευδώνυμον,
1786 1875 1839 1925 οὐ
1883 1878 1950 1943 τῷ

356 1962 465 2027 Θεῷ
492 1960 568 2008 καὶ
594 1962 660 2027 τῷ
688 1959 844 2023 Πατρὶ
871 1957 957 2021 τὴν
985 1956 1131 2026 δόξαν
1157 1957 1447 2020 ἀνατιθέντα,
1475 1959 1548 2008 καὶ
1575 1956 1661 2020 τὴν
1685 1958 1794 2022 παρ’
1821 1957 1950 2018 ὑμῶν
1970 1987 2019 2012 20

355 2042 644 2090 ἀπαιτοῦντα
683 2040 860 2102 πίστιν,
887 2040 999 2090 ἀλλ’
1036 2040 1208 2107 ὀνόματι
1249 2045 1309 2109 τῷ
1351 2036 1444 2110 ἰδίῳ
1479 2038 1944 2105 πραγματευόμενον·

355 2123 578 2184 ἐντεῦθεν,
620 2119 760 2185 οἶμαι,
800 2124 957 2174 συνεὶς
996 2123 1072 2172 καὶ
1112 2123 1136 2172 ὁ
1181 2122 1408 2187 μακάριος
1449 2125 1646 2175 Παῦλος
1690 2120 1862 2184 ἀληθές
1907 2144 1950 2171 τι

358 2205 482 2270 φησὶ
506 2204 617 2268 περί
639 2226 687 2254 τε
715 2208 809 2253 τῶν
833 2204 1074 2254 Ἰουδαίων
1101 2205 1176 2253 καὶ
1203 2209 1285 2254 τοῦ
1311 2206 1393 2266 τῆς
1417 2204 1610 2266 ἀνομίας
1640 2207 1738 2254 υἱοῦ
1765 2210 1792 2232 “
1810 2204 1946 2253 Ἀνθ’

356 2294 383 2316 “
412 2285 476 2337 ὧν
502 2286 589 2350 τὴν
616 2284 806 2351 ἀγάπην
833 2289 915 2350 τῆς
942 2287 1162 2350 ἀληθείας
1190 2287 1272 2336 οῦκ
1300 2286 1518 2354 ἐδέξαντο
1553 2289 1614 2339 εὶς
1647 2285 1702 2336 τὸ
1736 2287 1950 2349 σωθῆναι

357 2377 384 2399 “
411 2367 592 2430 αὐτοὺς,
620 2369 696 2418 διὰ
730 2373 868 2419 τοῦτο
903 2368 1075 2430 πέμπει
1109 2369 1264 2421 αὐτοῖς
1302 2369 1326 2418 ὁ
1355 2366 1476 2421 Θεὸς
1507 2367 1737 2434 ἐνέργειαν
1762 2365 1949 2431 πλάνης
1970 2392 2017 2431 25

319 2458 383 2498 e“
411 2455 473 2504 εὶς
508 2449 562 2501 τὸ
595 2455 852 2501 πιστεῦσαι
889 2447 1057 2503 αὐτοὺς
1091 2453 1157 2519 τῷ
1190 2451 1365 2518 ψεύδει,
1392 2450 1468 2500 ἵνα
1493 2454 1720 2515 κριθῶσιν
1747 2448 1949 2503 ἅπαντες

356 2539 384 2560 “
411 2535 454 2582 οἱ
498 2531 563 2595 μὴ
609 2530 952 2585 πιστεύσαντες
997 2534 1055 2599 τῇ
1101 2532 1312 2600 ἀληθείᾳ,
1352 2532 1464 2582 ἀλλ’
1510 2530 1845 2595 εὐδοκήσαντες
1889 2535 1948 2599 τῇ

355 2620 383 2642 “
409 2613 603 2682 ἀδικίᾳ.”
655 2613 894 2683 ἀπόδειξις
928 2614 1084 2665 τοίνυν
1118 2619 1201 2664 τοῦ
1236 2613 1300 2678 μὴ
1336 2613 1498 2679 λόγοις
1536 2614 1718 2667 εἷκαίοις
1756 2616 1944 2677 βεβλῆ-

407 2765 437 2789 1.
464 2754 528 2799 οὐχ
547 2754 794 2798 ὑστερίζουσαν
811 2753 903 2788 edidi
921 2753 1136 2800 approbante
1156 2753 1285 2799 Heyse.
1304 2755 1368 2799 οὐχ
1385 2754 1623 2799 ὑστερίζουσιν
1642 2753 1683 2787 Β.
1703 2751 1948 2798 ὑστεριζούσης

357 2800 423 2834 Ed.
521 2814 554 2843 4.
580 2801 766 2846 ἀφίκοισθε
787 2801 828 2836 Β.
850 2801 985 2847 Migne.
1082 2812 1114 2845 9.
1141 2802 1249 2844 μάτην
1268 2801 1361 2835 B.D.
1379 2803 1514 2845 μᾶλλον
1533 2801 1599 2835 Ed.
1700 2811 1753 2834 11.
1779 2802 1839 2834 τοῦ
1858 2803 1946 2834 Θεοῦ

356 2847 391 2880 ἐν
409 2848 539 2882 ἑαυτοῖς
556 2847 623 2882 hoc
640 2847 761 2881 ordine
781 2848 823 2882 B.
933 2859 986 2882 12.
1010 2847 1238 2893 παρατίθησιν
1258 2847 1300 2882 Β.
1317 2848 1532 2892 περιτίθησιν
1551 2847 1617 2881 Ed.
1725 2858 1778 2892 13.
1804 2847 1890 2889 πρὸς
1906 2848 1945 2880 τὸ

355 2894 447 2928 θεῖον
463 2893 569 2928 habet
588 2893 693 2928 Cord.
711 2896 798 2938 πρὸς
816 2895 903 2929 Θεὸν
919 2894 987 2929 a.b.
1109 2903 1162 2938 15.
1189 2893 1295 2937 ἦλθον
1311 2895 1377 2940 γὰρ
1397 2894 1439 2928 Β.
1456 2894 1573 2928 invitis
1593 2893 1685 2928 Catt.
1807 2902 1860 2937 17.
1884 2893 1946 2936 μὲν

356 2940 461 2974 habet
479 2940 586 2974 Cord.
604 2941 665 2984 μὲν
682 2941 739 2983 ἐμὲ
758 2953 789 2975 a.
809 2941 866 2985 ἐμὲ
883 2941 944 2985 μέν
961 2941 997 2975 b.
1175 2951 1230 2983 24.
1257 2943 1317 2975 τοῦ
1336 2943 1424 2975 Θεοῦ
1442 2953 1505 2986 pro
1522 2942 1580 2985 τῆς
1596 2940 1756 2984 ἀληθείας
1773 2939 1816 2973 Β.
1835 2939 1945 2974 invito

358 2986 464 3021 Cord.
588 2997 641 3032 25.
666 2987 790 3032 πέμπει
811 2988 852 3022 Β.
870 2988 1003 3034 πέμψει
1022 2999 1051 3022 a.
1070 2994 1111 3023 ut
1130 2987 1200 3021 vid.
1222 2987 1329 3022 Cord.
1350 2988 1416 3022 Ed.
1537 2988 1592 3021 26.
1619 2986 1784 3032 κριθῶμεν
1803 2985 1844 3020 Β.
