2073 3296
119 1458 212 1489 Infra
226 1458 279 1488 xii.

120 1503 170 1533 28.

124 2236 217 2267 Hier.

124 2280 203 2310 xxii.
221 2288 268 2310 10.

334 192 391 232 60
736 196 786 236 Β.
819 195 1093 237 CYRILLI
1134 193 1518 236 ALEXANDR.
1833 190 1861 231 i.
1881 201 1918 232 2.

290 300 362 350 bi>
406 301 682 368 Μονογενὴς
723 303 837 357 Υἱὸς
882 309 966 354 τοῦ
1005 307 1143 366 Θεοῦ,
1188 302 1259 353 ὅτι
1301 300 1358 365 δὴ
1403 301 1486 354 τὸν
1530 300 1794 352 ἐνδιάθετον
1838 303 1921 349 τοῦ

339 380 531 448 Πατρὸς
565 383 814 451 δεχόμενος
852 383 1017 450 λόγον,
1042 385 1178 435 οἱονεὶ
1212 388 1478 452 μορφοῦται
1512 382 1630 449 πρὸς
1664 383 1851 438 ἐκεῖνον,
1879 379 1927 430 τί

335 462 401 526 μὴ
443 462 598 529 λέγων
638 466 801 531 ὁρᾶται
839 464 958 532 πρὸς
996 464 1104 519 τοὺς
1142 468 1308 516 ἑαυτοῦ
1350 464 1563 530 μαθητάς
1599 462 1730 529 Ἐγὼ
1772 463 1849 512 καὶ
1897 461 1923 512 ὁ

336 542 482 608 λόγος
526 551 608 596 τοῦ
651 545 830 612 πατρὸς
874 546 923 596 ἕν
973 548 1131 610 ἐσμεν,
1172 548 1197 597 ὃ
1243 546 1457 612 ἑωρακὼς
1500 545 1576 609 ἐμὲ
1627 545 1799 611 ἑώρακε
1842 540 1926 593 τὸν

338 624 487 689 λόγον
516 632 599 676 τοῦ
634 626 848 693 πατρός;
905 627 1060 691 ἐπειδὴ
1100 627 1147 678 δὲ
1182 627 1339 679 πάντα
1374 626 1582 693 ὑπερβὰς
1615 625 1779 677 ἑαυτὸν
1814 624 1922 692 ἐξο-
1945 637 1967 674 5

336 711 466 767 μοιοῖ
496 705 624 776 μόνῳ
659 707 803 771 μόνος
839 711 905 777 τῷ
937 710 1107 775 Πατρῖ,
1135 708 1320 763 οὐδενὸς
1353 709 1444 775 ἄρα
1480 709 1629 772 μέσου
1664 710 1928 774 χωροῦντος

336 786 454 852 πρὸς
488 787 574 851 τὴν
611 789 857 852 ὁμοίωσιν,
888 790 1014 859 αὐτῷ
1050 794 1116 859 τῷ
1151 789 1394 857 γεννήτορι
1433 791 1510 841 καὶ
1544 790 1630 857 οὐχ
1665 787 1805 857 ἑτέρῳ
1838 788 1928 837 τινὶ

336 869 446 935 παρ’
475 867 616 920 αὐτὸν
641 870 932 936 προσεοικὼς
958 872 983 922 ὁ
1010 870 1125 926 Υἱὸς
1152 871 1450 937 νοηθήσεται.

733 1032 966 1082 Ἀντίθεσις,
999 1034 1049 1077 ὡς
1079 1035 1122 1075 ἐκ
1154 1038 1230 1075 τῶν
1261 1033 1308 1075 δι’
1341 1034 1529 1077 ἐναντίας.

413 1178 440 1200 ,,
459 1136 674 1205 ”Ετερον,
703 1142 869 1209 φασὶν,
896 1140 1009 1192 ὅντα
1035 1140 1118 1192 τὸν
1144 1140 1261 1192 Υὶὸν
1287 1141 1418 1208 παρὰ
1448 1139 1532 1192 τὸν
1558 1140 1820 1191 ἐνδιάθετον
1845 1144 1928 1190 τοῦ
1953 1161 1999 1185 10

341 1259 368 1280 „
395 1223 520 1270 Θεοῦ
545 1220 696 1285 λόγον
723 1223 1013 1288 εὑρίσκομεν,
1041 1225 1095 1274 οὐ
1131 1228 1231 1276 ταῖς
1267 1225 1442 1274 ἑαυτῶν
1468 1222 1661 1276 ἐννοίαις
1695 1224 1758 1274 εὶς
1791 1226 1930 1272 τοῦτο

339 1339 368 1362 ,,
394 1300 725 1369 προσέχοντες,
753 1303 885 1354 ἀλλὰ
910 1309 1006 1358 τοῖς
1032 1304 1127 1356 ἀπὸ
1153 1308 1236 1369 τῆς
1263 1305 1387 1359 θείας
1413 1307 1603 1375 γραφῆς
1635 1302 1925 1369 θεωρήμασι·

434 1382 445 1401 Ι
523 1382 536 1399 Χ
622 1385 632 1399 )
695 1390 714 1399 Α
835 1384 857 1403 (Ι
992 1387 1003 1401 )
1081 1385 1093 1402 Ι
1348 1392 1367 1402 Α
1446 1390 1455 1402 P
1492 1392 1512 1401 Α
1600 1386 1613 1402 Ι
1884 1383 1897 1398 x

340 1422 366 1444 ‚‚
396 1405 440 1432 τι
478 1405 572 1449 γαρ
610 1407 803 1450 ερουμεν
833 1409 946 1436 οταν
977 1409 1255 1450 ακουσωμεν
1285 1409 1368 1437 του
1395 1391 1513 1437 Υιου
1551 1392 1775 1451 λεγοντος
1812 1406 1931 1450 προς

341 1503 368 1525 ,,
394 1461 477 1514 τὸν
505 1465 698 1531 Πατέρα
725 1465 986 1535 ςΔόξασόν
1020 1489 1111 1517 σου
1149 1467 1231 1518 τὸν
1259 1467 1403 1519 Υἱόν·’
1456 1473 1540 1519 τοῦ
1572 1466 1619 1518 δὲ
1653 1464 1840 1532 Πατρὸς
1872 1465 1931 1516 αὖ

341 1585 368 1607 ,,
395 1543 544 1596 πάλιν
594 1547 965 1613 ἀποκρινομένου
1015 1549 1092 1598 καὶ
1142 1549 1366 1615 λε’γοντος
1416 1557 1428 1579 ⁶
1451 1551 1545 1600 Καὶ
1595 1547 1806 1617 ἐδόξασα
1855 1549 1930 1598 καὶ
1955 1564 2001 1603 15

342 1666 370 1688 „
398 1625 577 1677 6πάλιν
622 1628 849 1697 δοξάσω.’
928 1627 1020 1695 ἆρα
1065 1630 1168 1697 οὐχὶ
1212 1629 1400 1684 πάντως
1444 1632 1492 1681 ἐν
1536 1630 1669 1700 λόγῳ
1713 1629 1932 1694 δώσομεν

300 1711 327 1751 d
344 1747 370 1769 „
397 1708 741 1774 ἀπολογεῖσθαι
781 1714 847 1778 τῷ
878 1713 980 1779 Υὶῷ
1019 1710 1101 1761 τὸν
1129 1711 1350 1777 Πατέρας
1402 1716 1503 1766 πῶς
1541 1712 1622 1763 οῦν
1654 1712 1741 1779 οὐχ
1779 1712 1934 1777 ἕτερος

342 1829 370 1851 ,,
396 1788 528 1856 παρὰ
560 1788 644 1841 τὸν
670 1789 788 1842 Υἱὸν
822 1792 847 1842 ὁ
887 1793 941 1842 δι’
979 1791 1033 1842 οῦ
1071 1791 1190 1859 πρὸς
1228 1793 1370 1844 αὐτὸν
1402 1795 1426 1845 ὁ
1462 1794 1631 1860 Πατὴρ
1669 1792 1928 1862 ἀντιφθέγ-

343 1911 369 1934 .,
396 1894 527 1936 γεται
548 1871 587 1932 ;”

736 1966 844 2019 Πρὸς
874 1970 986 2008 τοῦτο
1016 1969 1149 2011 λύσεις
1181 1969 1322 2022 ἐφεξῆς
1353 1969 1546 2023 διάφοροι.
1956 1985 2004 2010 20

418 2072 795 2140 Ἀποθαυμάζῖειν
836 2074 985 2143 ἄξιον,
1027 2080 1219 2140 μᾶλλον
1260 2075 1309 2127 δὲ
1355 2077 1442 2142 ἤδη
1488 2079 1564 2128 καὶ
1607 2077 1936 2145 ὀλοφύρεσθαι

345 2151 454 2206 τοὺς
480 2154 700 2208 ἀνοσίους
726 2155 996 2222 αἱρετικοῦς,
1021 2159 1097 2208 καὶ
1128 2157 1186 2222 δὴ
1214 2160 1396 2210 κάκεῖνο
1422 2159 1578 2226 λέγειν
1602 2161 1671 2211 ἐπ’
1699 2160 1854 2212 αὐτοῖς
1880 2156 1935 2210 τὸ

346 2234 395 2284 ἐν
443 2235 710 2304 προφήταις
764 2238 1063 2301 λαλούμενον
1114 2246 1142 2269 “
1171 2239 1257 2304 Μὴ
1316 2241 1499 2292 κλαίετε
1548 2240 1631 2292 τὸν
1679 2240 1936 2306 τεθνηκότα

347 2321 374 2343 “
399 2315 516 2378 μηδὲ
543 2320 752 2382 θρηνεῖτε
779 2318 935 2369 αὐτόν·
964 2319 1208 2371 κλαύσατε
1234 2325 1463 2391 κλαυθμῷ
1489 2320 1596 2373 τὸν”
1615 2328 1807 2373 τοιαῦτα
1831 2324 1937 2389 περὶ

345 2401 429 2446 τοῦ
455 2400 757 2462 Μονογενοῦς
793 2405 1061 2468 φρονοῦντα
1098 2404 1173 2452 καὶ
1209 2403 1427 2468 λέγοντα·
1469 2404 1518 2454 τί
1546 2404 1641 2470 γὰρ
1673 2403 1731 2454 ἂν
1755 2403 1936 2470 γένοιτο
1957 2424 2004 2462 25

345 2482 440 2528 τῶν
462 2479 686 2530 τοιούτων
706 2481 1008 2547 ἀθλιώτερον,
1031 2482 1074 2532 εἴ
1095 2505 1148 2548 γε
1175 2485 1343 2549 κυρίως
1367 2507 1416 2534 τε
1445 2486 1520 2534 καὶ
1546 2487 1737 2549 ἀληθῶς
1763 2485 1938 2549 ταύτην

346 2557 460 2609 εἶναι
508 2565 592 2610 τοῦ
639 2561 830 2628 Πατρὸς
881 2563 1190 2614 ὑπετόπασαν
1236 2563 1321 2628 τὴν
1366 2564 1544 2633 φωνὴν,
1588 2566 1641 2630 ἧς
1692 2568 1745 2617 οὐ
1796 2565 1938 2630 μόνος

456 2697 607 2743 sla-spos]
629 2701 717 2732 Θεοῦ
736 2699 779 2733 B.
960 2709 991 2744 7.
1017 2702 1104 2745 πρὸς
1121 2708 1344 2746 assumptum
1362 2715 1403 2737 ex
1424 2703 1469 2738 B.
1653 2716 1706 2740 10.
1731 2706 1842 2751 φασὶν
1858 2705 1937 2741 ὄντα

350 2743 457 2777 Euth.
475 2744 621 2789 φησὶν”
602 2759 682 2779 οντα
701 2745 744 2779 Β.
763 2745 843 2780 ὅντα
860 2747 952 2791 φησὶ
972 2746 1037 2781 Ed.
1103 2749 1162 2781 τοῦ
1182 2751 1271 2782 Θεοῦ
1288 2761 1359 2783 om.
1380 2749 1487 2783 Euth.
1744 2764 1797 2798 13.
1821 2753 1855 2787 τί
1871 2754 1937 2799 γὰρ

349 2789 490 2833 ἐροῦμεν
507 2790 642 2849 &Na-av]
623 2806 703 2825 οταν
719 2792 784 2836 ’γὰρ
804 2793 911 2826 Euth.
977 2796 1038 2827 τοῦ
1056 2795 1128 2828 υἱοῦ
1146 2794 1306 2839 λέγοντος
1323 2795 1390 2830 hoc
1407 2808 1446 2829 01
1450 2796 1530 2830 dine
1550 2797 1591 2832 Β.
1613 2797 1720 2833 Euth.
1821 2811 1875 2841 14.
1901 2800 1936 2834 δε

348 2849 446 2879 πατρ(
449 2851 475 2870 ις
492 2841 532 2870 οὐ
553 2837 659 2872 Euth.
678 2838 744 2872 E.d
766 2837 795 2872 δ’
813 2854 854 2873 au
870 2854 998 2883 πατρός
1018 2840 1058 2897 Β.
1168 2851 1221 2885 15.
1247 2841 1511 2886 ἀποκριναμενου
1531 2843 1572 2878 Β.
1679 2844 1732 2880 16.
1757 2844 1809 2890 ἆρ’
1829 2846 1936 2880 Euth.

354 2883 405 2915 18.
432 2882 713 2938 ἀντιφθεγγετιιι]
736 2885 855 2929 Pelgit
871 2886 904 2919 τί
920 2886 1040 2930 γενοιτ’
1059 2887 1100 2920 ἂν
1117 2890 1182 2921 τῶν
1201 2888 1277 2931 (26)
1298 2888 1406 2923 Euth.
1509 2901 1564 2925 22.
1591 2889 1649 2935 δη]
1669 2906 1725 2937 γρ.
1743 2891 1793 2926 δεῖ
1812 2892 1846 2926 D
1865 2904 1936 2936 mg.

351 2937 405 2984 23.
431 2928 623 2973 προφήταις
644 2930 683 2964 Β.
702 2931 861 2976 προφήτῃ
882 2932 947 2976 Ed.
1058 2944 1113 2977 24.
1140 2934 1214 2979 τὸν]
1239 2938 1274 2975 -1-
1297 2935 1336 2969 τὰ
1356 2935 1421 2970 Ed
1440 2936 1557 2972 inV1tis
1577 2937 1619 2972 B.
1625 2938 1666 2972 E.
1776 2947 1831 2983 27.
1857 2938 1935 2973 ὑπε-

350 2975 503 3009 τόπιισιιν
522 2976 949 3022 Eutl1.Ed.1‘ner‹5rny‹rav
968 2979 1009 3014 Β
