2084 3317
309 147 395 186 564
713 147 765 188 B.
798 148 1073 190 CYRILLI
1115 144 1494 191 ALEXANDR.
1760 146 1817 189 vi.
1834 145 1905 187 68.

266 261 338 304 <1⁴⁴
365 256 440 305 καὶ
476 255 594 318 μετὰ
628 261 777 308 ταῦτα
811 258 999 323 ἀπῆραν
1025 261 1068 310 οἱ
1104 260 1190 310 υἱοὶ
1216 259 1433 325 Ἰσραήλ·
1476 260 1552 310 καὶ
1587 259 1636 310 ἐν
1669 259 1736 327 τῷ
1769 254 1902 326 τόπῳ

310 344 337 365 “
365 337 419 388 οῦ
455 336 512 388 ἂν
543 338 660 403 ε”στη
700 340 727 403 ἡ
766 339 958 408 νεφέλη,
993 341 1087 392 ἐκεῖ
1115 340 1444 407 παρενέβαλον
1479 344 1522 392 οὶ
1556 342 1645 391 υἱοὶ
1676 337 1900 406 Ἰσραήλ·

88 425 246 498 {flu-ff·
312 427 337 448 ‘⁶
364 419 440 470 διὰ
479 420 852 486 προστάγματος
886 423 1064 488 Κυρίου
1103 423 1358 490 ἀπαροῦσι.
1414 425 1490 474 καὶ
1526 421 1827 491 φυλάξονται
1861 422 1903 470 οἱ

91 494 208 552 11‘219·
315 510 339 532 ‘⁸'
369 504 455 553 υἱοὶ
484 502 686 568 Ἰσραὴλ
722 502 809 567 τὴν
842 503 1065 571 φυλακὴν
1097 510 1180 555 τοῦ
1217 508 1344 556 Θεοῦ
1379 506 1456 556 καὶ
1491 505 1544 555 οὐ
1577 503 1642 568 μὴ
1675 501 1898 572 ἐξάρωσι.

90 600 137 630 lb.
160 609 208 631 ιο.
314 593 341 613 “’
368 582 443 634 διὰ
483 587 645 651 φωνῆς
683 586 860 651 Κυρίου
894 591 1265 652 παρεμβαλοῦσι
1303 589 1380 637 καὶ
1419 585 1496 637 διὰ
1532 584 1905 653 προστάγματος
1925 596 1947 635 5

315 673 341 694 “
372 666 549 730 Κυρίου
588 668 901 734 ἀπαροῦσιν.”
950 668 1063 737 ὁρᾷς
1100 668 1228 723 ὅπως
1260 669 1538 720 ἀκολουθεῖν
1563 667 1904 727 ἐπιτάττονται,

313 749 389 798 καὶ
421 749 730 815 συναπαίρειν
754 749 846 812 μὲν
867 750 1140 818 ἀπαιρούσῃ
1174 754 1233 819 τῇ
1267 750 1458 820 νεφέλῃ,
1483 747 1834 817 συγκαταλύειν
1857 745 1908 798 δὲ

313 827 462 880 πάλιν
507 831 625 899 αὐτῇ
670 834 746 883 καὶ
793 832 1295 899 συγκατευνάᾷσθαι;
1354 830 1409 884 τὸ
1455 832 1550 899 γὰρ
1594 835 1803 883 συνεῖναι
1842 831 1910 898 τῷ

274 935 295 962 e
314 914 602 976 ποδηγοῦντι
637 913 877 980 σωτήριον
912 916 988 965 καὶ
1021 914 1127 966 τότε
1162 914 1249 979 μὲν
1286 913 1343 979 ἦν
1373 919 1470 969 τοῖς
1504 914 1560 984 ἐξ
1588 912 1806 981 Ἰσραὴλ,
1833 912 1911 963 καὶ

315 994 424 1058 ἡμῖν
451 994 500 1046 δὲ
527 997 624 1047 νυνὶ
652 996 707 1047 τὸ
733 993 798 1060 μὴ
825 995 1111 1064 χωρίζεσθαι
1138 1001 1371 1064 Χριστοῦ.
1424 997 1565 1052 αὐτὸς
1599 995 1695 1063 γὰρ
1730 993 1789 1060 ἦν
1814 999 1912 1050 τοῖς
1932 1013 1982 1040 10

314 1077 634 1144 ἀρχαιοτέροις
670 1081 745 1129 καὶ
781 1081 844 1133 ὡς
876 1077 1031 1143 σκηνὴ
1057 1082 1133 1131 καὶ
1159 1079 1353 1149 νεφέλη,
1380 1082 1455 1130 καὶ
1482 1081 1545 1134 ὡς
1570 1085 1665 1145 πῦρ
1690 1077 1909 1146 μορφού·

314 1181 468 1221 μενος
511 1159 881 1225 μετοισθήσεται
916 1161 965 1212 δὲ
1000 1159 1162 1224 πάλιν,
1190 1163 1253 1216 ὡς
1288 1160 1494 1231 ἐφικτὸν,
1521 1163 1604 1225 τῆς
1640 1159 1852 1226 ἱστορίας
1886 1160 1913 1210 ὁ

94 1232 250 1304 {¹⁴⁰⁸''ffi'
317 1241 462 1307 λόγος
501 1243 575 1293 ἐπὶ
614 1242 668 1293 τὸ
707 1242 1035 1306 πνευματικόν.
1098 1243 1175 1295 ὅτε
1215 1243 1310 1311 γὰρ
1351 1251 1379 1273 “
1399 1244 1426 1308 ή
1464 1243 1658 1341 σοφία,”
1701 1239 1822 1293 κατὰ
1858 1239 1914 1292 τὸ

316 1346 658 1389 γεγραμμενον,
700 1323 1054 1394 “ωκοδόμησεν
1092 1327 1235 1395 ἑαυτῇ
1278 1324 1446 1389 οἶκον,”
1487 1349 1563 1377 και
1606 1324 1693 1390 τὴν
1730 1327 1911 1389 ἀληθε-

317 1426 494 1469 στεραν
537 1426 713 1469 εστησε
761 1427 958 1469 σκηνην,
999 1406 1232 1469 τουτέστι,
1272 1404 1356 1458 τὸν
1397 1407 1447 1457 ἐκ
1496 1404 1733 1472 παρθενου
1778 1403 1911 1467 ναὸν,
1937 1426 1985 1465 15

95 1498 250 1534 3S5A
281 1486 645 1551 ἡκαταβέβηκεν
677 1490 740 1541 εἰς
775 1486 923 1551 αὐτὴν
954 1489 1269 1554 ἀπερινοητως
1303 1511 1353 1540 τε
1389 1511 1466 1539 και
1501 1491 1774 1554 θεοπρεπῶς
1807 1487 1833 1537 ὃ
1867 1487 1917 1537 ἐν

95 1583 142 1614 (ἱ
154 1592 258 1649 Ξυμπ
320 1567 517 1622 κόλποις
558 1568 622 1619 ὢν
654 1574 738 1620 τοῦ
771 1573 897 1620 Θεοῦ
937 1572 1013 1621 καὶ
1041 1570 1236 1637 Πατρὸς
1263 1570 1385 1626 Θεὸς
1413 1570 1586 1637 Λόγος,
1613 1571 1688 1621 καὶ
1722 1568 1916 1636 γέγονεν

96 1635 189 1700 {⁵³31}ss
321 1651 582 1718 ἄνθρωπος,
597 1651 673 1702 ἵνα
699 1656 794 1705 τοῖς
819 1651 905 1716 μὲν
925 1652 1014 1717 ἤδη
1040 1653 1432 1721 πεφωτισμένοις,
1451 1655 1527 1704 καὶ
1545 1661 1571 1683 “
1587 1654 1649 1707 ὡς
1670 1653 1720 1703 ἐν
1741 1652 1914 1721 ἡμέρῷ

97 1721 228 1752 mm&
320 1739 648 1800 περιπατοῦσι,
695 1734 815 1785 κατὰ
859 1733 943 1786 τὸν
984 1739 1199 1799 Παῦλον,
1243 1734 1423 1805 νεφέλη
1469 1735 1660 1802 γε’νηται
1703 1733 1914 1786 συσκιά-

320 1816 482 1883 ζουσα,
510 1819 585 1868 καὶ
622 1821 716 1867 τῶν
747 1817 805 1886 ἐξ
836 1819 1083 1872 ἀσθενείας
1118 1822 1286 1870 παθῶν
1317 1817 1400 1870 τὸν
1433 1818 1658 1869 καύσωνα
1691 1816 1912 1883 παραλύ·
1936 1838 1988 1864 20

321 1918 459 1950 ουσα·
504 1904 601 1953 τοῖς
637 1899 685 1950 δὲ
723 1901 982 1965 ἀγνοοῦσιν
1013 1900 1079 1951 ἔτι
1115 1905 1191 1951 καὶ
1227 1900 1567 1964 πλανωμένοις,
1594 1903 1671 1951 καὶ
1707 1899 1920 1966 καθάπερ

322 1985 369 2034 ἐν
401 1984 529 2034 νυκτὶ
570 1985 645 2033 καὶ
685 1981 845 2052 σκότῳ
885 1984 1214 2047 διαιτωμένοις,
1241 1989 1337 2050 πῦρ
1375 1983 1715 2052 καταφωτίζον,
1743 1984 1819 2033 καὶ
1857 1985 1920 2036 εἰς

322 2065 408 2130 τὴν
434 2071 516 2116 τοῦ
546 2065 822 2129 Πνεύματος
849 2065 977 2132 ζέσιν
1002 2071 1302 2130 μεταποιοῦν.
1359 2065 1558 2132 θερμοὺς
1593 2064 1688 2132 γὰρ
1714 2062 1828 2116 εἶναι
1852 2065 1920 2134 τῷ

277 2157 303 2196 b
323 2148 553 2211 πνεύματι
578 2145 686 2201 τοῦς
712 2148 846 2215 οἵπερ
873 2150 993 2199 εἰσὶν
1020 2149 1191 2214 ἀγαθοὶ
1218 2148 1516 2212 πιστεύομεν·
1557 2145 1685 2212 οἶμαι
1712 2145 1807 2213 γὰρ
1832 2147 1920 2215 οὐχ

323 2231 480 2298 ἑτέρου
515 2228 640 2284 τινος
675 2230 808 2281 ἕνεκα
844 2232 1099 2298 φαίνεσθαι
1136 2229 1221 2294 μὲν
1247 2232 1321 2282 ἐπὶ
1349 2234 1431 2295 τῆς
1457 2233 1637 2295 σκηνῆς
1664 2229 1749 2294 τὴν
1776 2229 1916 2299 νεφέ-
1940 2252 1989 2290 25

325 2320 416 2377 λην
443 2314 492 2364 ἐν
519 2313 681 2381 ἡμέρᾳ,
707 2312 761 2363 τὸ
787 2318 883 2380 πῦρ
909 2313 957 2363 δὲ
989 2312 1075 2377 τὴν
1103 2313 1260 2375 νύκτα,
1288 2313 1316 2378 ἢ
1348 2316 1430 2377 τῆς
1466 2314 1555 2378 ἤδη
1590 2314 1913 2379 προαποδεδο-

326 2396 465 2460 μένης
501 2395 610 2459 ἡμῖν
645 2394 858 2461 θεωρίας.
925 2399 1087 2446 τοῖσδε
1123 2396 1321 2447 ἕπεσθαι
1357 2401 1453 2450 τοῖς
1488 2394 1921 2462 προστεταγμένοις

327 2479 391 2542 μὴ
426 2479 705 2542 αὐτομολεῖν
731 2480 794 2531 εἰς
829 2479 1099 2545 ὁδοιπορίαν
1124 2478 1416 2541 ἐπετάττετο,
1443 2478 1752 2545 συναπαίρειν
1779 2476 1827 2529 δὲ
1862 2479 1922 2546 τῇ

327 2565 482 2629 σκηνῇ
524 2562 600 2612 καὶ
647 2560 999 2626 συγκαταλύειν
1037 2562 1170 2629 αὐτῇ,
1209 2560 1285 2612 διὰ
1324 2561 1473 2613 τύπου
1511 2560 1660 2612 πάλιν
1695 2560 1773 2612 ἵνα
1810 2563 1923 2628 νοῇς

376 2686 408 2719 S.
434 2683 937 2729 πιὶλιν-σῑνγκατεῑννάζεσθαι]
959 2685 1010 2718 καὶ
1030 2684 1363 2729 συγκατευνάζεσθιιι
1381 2686 1484 2720 πάλιν
1501 2685 1586 2719 αὐτὰ
1606 2684 1648 2719 Β.
1755 2684 1857 2719 8-10.
1883 2684 1921 2718 τὸ

330 2734 599 2777 γὰρ-Χριστοῦ
617 2732 700 2765 citat
719 2730 918 2775 Nikephori
937 2731 1015 2767 Cat.
1030 2732 1053 2765 i.
1072 2742 1172 2766 1221.
1360 2744 1393 2777 9.
1418 2730 1458 2774 ἧν
1475 2739 1507 2766 et
1526 2746 1579 2766 και
1598 2732 1657 2766 alt.
1675 2742 1745 2765 om.
1764 2731 1921 2776 Nikeph.

335 2791 388 2813 10.
415 2781 471 2813 νῖν
492 2779 531 2812 Β.
552 2780 621 2812 νυνὶ
640 2777 744 2812 habet
764 2778 919 2823 Nikeph.
1206 2778 1258 2813 16.
1284 2778 1504 2824 ἀπερινόητός
1521 2794 1556 2813 τε
1575 2779 1629 2812 καὶ
1646 2778 1832 2822 θεοπρεπὲς
1848 2792 1885 2811 τε
1902 2779 1922 2812 ὁ

331 2827 365 2860 ἐν
384 2828 551 2861 κόλποις
541 2840 577 2859 ε
595 2826 640 2859 ὢν
656 2826 861 2870 τοῦπατρὸς
879 2826 958 2859 θεοίΙ
975 2827 1081 2870 λόγος
1100 2824 1142 2859 Β.
1316 2836 1372 2871 25.
1399 2826 1454 2860 ἐπὶ
1471 2828 1530 2870 τῆς
1546 2824 1688 2870 σκηνῆς]
1713 2829 1750 2866 4-
1771 2825 1816 2861 ὣς
1833 2822 1922 2861 ειδος

330 2875 434 2916 πιρὸς
453 2873 538 2908 ἕως
531 2871 621 2917 πρωῒ
639 2872 678 2906 Β.
872 2872 927 2906 26.
954 2874 992 2906 τὸ
1011 2884 1080 2907 om.
1101 2871 1144 2906 B.
1329 2883 1384 2917 27.
1411 2874 1529 2908 τοῖσδε
1547 2873 1694 2908 correxi.
1711 2887 1780 2909 τοις
1797 2872 1835 2906 δε
1853 2870 1922 2906 Ed.

331 2934 456 2965 προτετ
460 2920 614 2963 ιγμέιοις
634 2919 676 2954 Β.
835 2919 890 2954 28.
918 2919 1138 2963 συναπαίρειν
1156 2919 1197 2953 Β,
1218 2934 1262 2954 σι
1266 2920 1467 2964 γκαταλιειν
1485 2919 1553 2954 Ed.
1713 2930 1769 2965 29.
1795 2917 1922 2965 σκηνῇ]

332 2981 361 3009 7
357 2981 386 3004 ).
406 2967 487 3011 ιεφέ
476 2969 532 3009 -Jky
553 2966 619 3001 Ed.
639 2978 710 3012 mg
731 2965 791 3001 sed
809 2966 950 3001 frustra.
1017 2965 1118 3012 αὐτῇ]
1143 2971 1179 3007 -Ι-
1201 2965 1241 3000 δι’
1261 2966 1363 3011 αὐτὴν
1382 2967 1449 3002 Ed.
1468 2967 1577 3002 invito
1596 2966 1637 3002 Β.
