2084 3317
331 164 417 204 460
732 162 782 203 B.
817 160 1087 202 CYRILLI
1130 156 1509 199 ALEXANDR.
1687 153 1744 194 vi,
1763 165 1830 207 32,
1851 164 1917 206 33.

333 270 629 337 ἐργαζόμενοι
668 270 752 333 μὲν
789 269 843 320 τὸ
889 268 1116 333 παράπαν
1154 267 1285 317 οὐδὲν
1323 270 1390 335 τῷ
1430 268 1553 334 Θεῷ,
1592 264 1720 331 μόνῳ
1765 261 1811 312 δὲ
1855 264 1921 327 τῷ

334 353 546 421 διαβόλῳ
572 357 814 404 τελοῦντες
845 350 903 401 τὰ
938 349 1288 413 θυμηρέστατα,
1317 348 1392 398 καὶ
1427 346 1637 410 καθάπερ
1672 349 1734 397 εἷς
1767 342 1922 407 πηλὸν

335 434 363 498 ἢ
404 434 595 496 δυσώδη
634 433 887 498 βόρβορον,
927 432 1011 485 τὰς
1051 433 1133 494 τῆς
1175 428 1443 495 ἀκαθάρτου
1487 424 1665 493 σαρκὸς
1704 447 1917 486 καταπη-

336 519 506 569 δῶντες
566 513 748 578 ἡδονὰς,
802 513 1009 576 ἆμισθόν
1060 534 1110 562 τε
1168 513 1242 562 καὶ
1296 509 1522 574 ἀνόνητον
1573 511 1924 571 τληπαθοῦντες

335 596 495 657 πόνον,
522 598 597 646 καὶ
624 596 707 645 οὐκ
734 596 1085 659 ἀταλαίπωρον,
1111 593 1165 644 ἵν’
1195 593 1342 646 οὕτως
1377 591 1504 653 ε’ίπω,
1532 589 1617 654 τὴν
1644 589 1924 659 φιληδονίαν
1945 603 1966 641 5

336 677 697 741 ἐπιτηδεύοντες.

410 757 553 809 Ἀλλ’
583 743 695 808 ὅτάν
721 757 831 821 ἡμῖν
857 758 882 807 ὁ
909 761 992 807 τοῦ
1017 759 1142 806 Θεοῦ
1179 755 1318 818 νόμος
1352 753 1471 805 κατὰ
1505 758 1615 804 νοῦν
1639 753 1921 818 προσλαλῇ,

299 864 320 890 e
339 842 415 891 καὶ
447 839 621 906 πικρὰν
656 839 744 904 ἤδη
778 837 1033 900 βλέπωμεν
1060 836 1145 901 τὴν
1176 839 1224 887 ἐν
1255 836 1435 889 τούτοις
1473 835 1703 895 δουλείαν,
1728 833 1833 884 τότε
1870 831 1926 895 δὴ

337 920 442 973 τότε
488 920 574 985 τὴν
619 920 675 989 ἐξ
716 918 909 984 ἁπάσης
954 918 1254 987 φαυλότητος
1305 918 1570 982 ἀποδημίαν
1613 914 1925 984 διψήσαντες,

339 1003 503 1069 ὥσπερ
541 1007 604 1056 εἷς
642 1002 728 1066 τὴν
765 1005 848 1065 τῆς
885 1001 1149 1067 ἐλευθερίας
1187 999 1337 1067 ἀρχὴν
1376 1003 1452 1050 καὶ
1491 998 1637 1065 θύραν
1675 997 1745 1048 ἐπ’
1786 995 1929 1047 αὐτὸν
1952 1016 2000 1042 10

339 1083 571 1152 ἐρχόμεθα
623 1083 706 1134 τὸν
755 1082 987 1149 Χριστὸν,
1039 1083 1115 1133 καὶ
1165 1082 1251 1145 τὴν
1303 1082 1356 1132 δι’
1401 1081 1596 1141 αἵματος
1645 1084 1729 1130 τοῦ
1778 1078 1931 1141 τιμίου

339 1165 510 1217 λοιπον
536 1164 810 1232 ἀσφάλειάν
835 1187 884 1215 τε
920 1166 996 1214 καὶ
1032 1164 1169 1230 χάριν
1195 1161 1555 1232 ἐφοδιαζόμενοι,
1582 1160 1794 1225 καθάπερ
1827 1158 1931 1209 τινὰ

340 1246 604 1299 θάλασσαν
649 1247 902 1313 ταραχώδη
950 1247 1026 1296 καὶ
1070 1244 1438 1311 συγκεχυμένην,
1483 1242 1566 1296 τὰς
1610 1244 1658 1292 ἐν
1703 1245 1820 1310 τῷδε
1864 1244 1931 1309 τῷ

340 1329 430 1398 βίῳ
464 1325 772 1394 περιστάσεις
807 1326 1003 1395 ἀφέντες
1037 1325 1281 1392 σαρκικάς,
1308 1325 1399 1394 ἔξω
1434 1347 1482 1376 τε
1518 1323 1694 1377 παντὸς
1726 1321 1931 1389 θορύβου

118 1428 199 1462 314
213 1425 264 1460 A.
302 1435 323 1460 a
340 1409 588 1476 γεγονότες
615 1414 861 1471 κοσμικοῦ,
887 1406 1006 1474 πρὸς
1032 1407 1130 1476 ἕξιν
1156 1407 1245 1471 ἤδη
1272 1406 1359 1467 τὴν
1386 1405 1648 1472 ἀϋλοτέραν
1675 1406 1751 1456 καὶ
1782 1407 1928 1455 καθα-
1955 1427 2001 1464 15

339 1490 545 1558 ρωτέραν
587 1490 830 1558 ἐρχόμεθα,
870 1489 1033 1555 οἷάπερ
1078 1493 1139 1543 εὶς
1183 1489 1357 1555 ἔρημον
1398 1488 1711 1540 καταλύοντες
1755 1490 1928 1553 χῶρον.

341 1572 497 1637 ἐπειδὴ
545 1572 594 1623 δὲ
640 1573 722 1622 οὐκ
767 1570 1074 1638 ἀγύμναστος
1123 1575 1184 1624 εἷς
1229 1570 1398 1637 ἀρετὴν
1439 1572 1464 1622 ὁ
1509 1569 1584 1621 διὰ
1630 1567 1774 1631 νόμου
1815 1566 1933 1633 πρὸς

344 1654 489 1719 αὐτὴν
538 1653 1000 1719 παιδαγωγούμενος,
1052 1653 1165 1704 ὅταν
1215 1654 1262 1703 ἐν
1313 1652 1493 1706 τούτοις
1550 1651 1639 1715 ἤδη
1689 1648 1935 1716 γεγόνοτες

344 1737 682 1803 εὑρισκώμεθα,
726 1733 832 1786 τότε
875 1740 972 1789 τοῖς
1019 1734 1324 1802 δοκιμάζουσι
1369 1734 1726 1800 περιπίπτοντες
1774 1753 1935 1797 πειρα-

344 1824 500 1883 σμοῖς,
547 1816 812 1881 ὑπομνήσει
860 1821 917 1885 τῇ
969 1821 1063 1867 τῶν
1114 1821 1356 1882 σαρκικῶν
1401 1817 1656 1879 ἐπιθυμιῶν
1701 1814 1805 1865 ἔσθ’
1858 1812 1934 1864 ὅτε
1957 1837 2006 1862 20

346 1897 748 1962 καταδακνόμεθα,
794 1896 894 1949 εἶτα
942 1897 1071 1949 πολὺ
1123 1898 1232 1948 λίαν
1277 1898 1397 1961 ἡμᾶς
1448 1895 1811 1962 καταπυρούσης
1854 1897 1936 1957 τῆς

347 1981 603 2043 ἐπιθυμίας,
647 1984 954 2042 καταβοῶμεν
993 1979 1050 2047 ἐξ
1093 1980 1284 2043 ἀκηδιάς
1329 1978 1582 2040 πολλάκις,
1628 1978 1776 2027 καίτοι
1819 1974 1938 2041 πρὸς

301 2063 614 2128 ὃέλευθερίαν
654 2060 1026 2125 ἀνακεκληκότος
1067 2061 1187 2124 ἡμᾶς
1228 2066 1310 2110 τοῦ
1356 2060 1481 2111 θείου
1526 2058 1682 2122 νόμου,
1725 2060 1773 2108 ἐν
1814 2059 1940 2126 λιμῷ

348 2144 397 2196 δὲ
441 2142 604 2210 ὥσπερ
656 2141 900 2208 γεγονότες
950 2146 1045 2192 τῶν
1090 2141 1404 2208 ἀρχαιοτέρων
1450 2144 1524 2192 καὶ
1575 2140 1941 2203 κατειθισμένων

349 2227 460 2290 ἡμῖν
485 2226 679 2290 ἡδονῶν,
709 2226 783 2274 καὶ
819 2222 938 2289 πρὸς
973 2221 1144 2277 πόνους
1179 2224 1268 2287 ἤδη
1295 2223 1401 2277 τοὺς
1428 2225 1501 2274 ἐπὶ
1527 2227 1627 2276 ταῖς
1653 2222 1940 2288 ἐγκρατείαις
1960 2244 2010 2282 25

349 2306 748 2374 ὀλιγωρήσαντες,
783 2305 934 2356 οὐκέτι
973 2304 1165 2373 φαύλην
1205 2306 1386 2369 ὁρῶμεν
1421 2304 1506 2369 τὴν
1540 2306 1588 2355 ἐν
1623 2303 1791 2374 κόσμῳ
1830 2306 1937 2355 δου-

350 2390 495 2441 λείαν.
550 2390 626 2439 καὶ
661 2387 755 2454 γὰρ
791 2386 938 2440 ὅντως
972 2385 1131 2437 ἱκανὸν
1161 2384 1214 2437 τὸ
1249 2388 1296 2436 ἐν
1330 2391 1387 2454 τῇ
1424 2389 1566 2452 σαρκὶ
1602 2385 1788 2450 θέλημα
1822 2383 1941 2452 πρὸς

353 2472 548 2523 ἅπασαν
575 2470 898 2537 ὀλιγοψυχίαν
923 2467 1009 2532 τὴν
1035 2467 1104 2519 ἐπ’
1134 2469 1328 2534 ἀγαθοῖς
1354 2469 1554 2519 ἑλκῦσαι
1580 2466 1662 2519 τὸν
1688 2473 1814 2519 νοῦν.

128 2546 246 2627 {3510‘14'
429 2561 456 2583 ‘⁶
476 2550 595 2603 Εἶπε
622 2550 670 2602 δὲ
700 2548 874 2617 Κύριος
899 2549 1018 2616 πρὸς
1046 2553 1266 2613 Μωυσῆν
1285 2549 1407 2601 Ἰδοὺ
1434 2549 1524 2616 ἐγὼ
1552 2551 1616 2601 ὕω
1643 2551 1750 2613 ὑμῖν
1775 2549 1943 2615 ἄρτους

795 2630 863 2647 Α),

355 2641 382 2664 “
408 2636 457 2685 ἐκ
495 2640 578 2685 τοῦ
616 2634 831 2699 ούρανου.
904 2631 1023 2699 ε”χεις
1061 2632 1150 2695 ἤδη
1189 2634 1264 2682 καὶ
1302 2632 1436 2695 μάλα
1474 2636 1646 2700 σαφῶς
1684 2634 1732 2683 ἐν
1763 2631 1943 2684 τούτοις
1962 2653 2012 2690 3ο

402 2825 434 2848 2.
459 2813 695 2858 θυμηρὲστερα
714 2812 755 2846 Β.
914 2821 948 2856 5.
974 2811 1034 2844 οὐκ
1052 2816 1275 2856 assumptum
1293 2822 1333 2844 ex
1354 2811 1396 2844 Β.
1566 2820 1620 2856 17.
1646 2811 1693 2846 εἷς
1712 2810 1754 2844 Β.
1771 2810 1856 2855 πρὸς
1874 2809 1941 2844 Ed.

353 2861 412 2904 τὴν
429 2872 492 2905 pro
510 2863 528 2894 ὁ
548 2861 589 2894 B.
734 2870 789 2893 21.
817 2857 1075 2902 καταπυρούσης
1095 2857 1135 2891 Β.
1155 2856 1414 2901 κατασυρούσης
1433 2857 1498 2891 Ed.
1651 2868 1708 2900 24.
1734 2857 1787 2891 καὶ
1804 2868 1874 2891 om.
1897 2856 1939 2890 B.

355 2917 409 2950 25.
434 2906 513 2949 ἡμῖν
530 2912 752 2950 assumptum
771 2917 813 2939 ex
833 2905 880 2939 D.
1016 2915 1070 2948 ²9·
1098 2903 1175 2945 ὑμῖν
1192 2903 1238 2937 ὔω
1256 2904 1395 2938 inverso
1414 2904 1534 2939 ordine
1552 2903 1594 2939 B.
1714 2914 1842 2948 30—p.
1857 2902 1938 2945 461,

357 2963 386 2996 7.
414 2952 506 2986 citat
525 2952 718 2997 Nikephor.
738 2952 760 2985 i.
781 2961 859 2996 7²9·
1004 2961 1060 2995 30.
1087 2949 1195 2995 τούτῳ
1214 2950 1368 2994 Nikeph.
