2084 3317
368 157 451 198 672
766 157 816 197 B.
850 156 1127 198 CYRILLI
1169 157 1546 198 ALEXANDR.
1794 157 1865 198 vii.
1884 169 1951 212 30.

368 262 544 330 μητέρα
578 264 632 316 τό
665 267 816 317 Οὔπω
855 266 953 330 ἥκει
992 267 1020 330 ἡ
1059 265 1157 331 ὥρα
1196 290 1299 329 μου,
1326 270 1444 328 πῶς,
1475 265 1577 317 εἰπέ
1603 289 1696 330 μοι,
1724 265 1842 316 κατὰ
1871 265 1954 317 τὸν

368 347 478 412 παρ’
517 348 645 409 ὑμῶν
679 347 912 413 βδελυρόν
946 371 996 398 τε
1035 348 1110 398 καὶ
1149 348 1468 415 ἀσοφώτατον
1503 346 1666 412 λόγον,
1702 349 1831 398 οὔπω
1869 347 1956 412 τὴν

369 427 464 479 ἀπὸ
503 432 585 492 τῆς
623 429 745 495 ὥρας
783 428 1175 494 συνασπίζουσαν
1206 430 1349 480 αὐτοῦ
1387 434 1482 483 τοῖς
1521 429 1790 493 θελήμασιν
1823 430 1950 496 ε’νέρ-

369 532 501 575 γειαν
539 511 660 578 ἔχων
700 511 981 577 δημιουργὸς
1025 516 1120 562 τῶν
1158 511 1440 576 αἰτηθέντων
1479 512 1685 576 γίνεται;
1741 513 1955 580 φαίνεται

324 591 463 659 ᾱγᾶρ
500 596 792 661 παραχρῆμα
829 592 883 644 τὸ
923 595 1047 659 ὕδωρ
1081 597 1144 648 εἷς
1178 591 1304 644 οἶνον
1334 593 1635 657 μεταβαλών.
1688 594 1798 643 ἀλλ’
1827 593 1954 660 ε’ίπερ
1974 610 1996 648 5

370 674 528 726 οἴεσθε
578 678 747 742 χρῆναι
797 680 897 729 ταῖς
947 680 1041 725 τῶν
1094 678 1229 742 ὡρῶν
1280 676 1517 744 ἐξουσίαις
1567 677 1845 727 ὑποκεῖσθαι
1896 674 1956 726 τὰ

368 756 644 822 πράγματα,
682 762 784 811 πῶς
825 758 907 808 οὐκ
944 757 1033 808 ἔδει
1071 757 1188 822 μηδὲ
1230 757 1316 821 τὴν
1354 756 1505 825 ἀρχὴν
1544 758 1670 811 ὅλως
1712 759 1956 825 ἐπιχειρεῖν

369 839 595 907 ἐξανῦσαι
620 838 703 890 τὸν
725 839 915 906 Κύριον,
937 839 1051 906 ὅπερ
1077 840 1105 904 ἡ
1132 843 1215 903 τῆς
1241 838 1363 905 ὥρας
1389 841 1472 890 οὐκ
1496 840 1648 890 ἐδίδου
1673 838 1918 905 συνδρομή
1941 862 1952 900 ;

369 922 480 971 ἀλλ’
525 921 656 972 οὐδὲν
698 921 866 972 τούτου
910 923 1172 989 φροντίσας
1217 923 1393 987 ὁρᾶται,
1438 922 1656 988 πρόωρον
1701 920 1748 972 δὲ
1792 920 1956 987 ὥσπερ

369 1002 520 1053 ἐδίδου
551 1001 637 1067 τὴν
666 1002 803 1071 χάριν
828 1003 1028 1057 ἐκείνοις.
1091 1004 1173 1054 οὐκ
1208 1004 1300 1069 ἄρα
1334 1006 1417 1068 τῆς
1451 1001 1573 1069 ὥρας
1607 1004 1635 1067 ἡ
1671 1003 1862 1065 δύναμις
1898 1002 1956 1067 ἦν
1979 1027 2026 1052 10
2079 1017 2084 1071 j

371 1085 602 1148 ἐμποδὼν,
637 1091 797 1151 καιροῦ
837 1084 884 1136 δὲ
923 1087 1053 1136 οὔπω
1091 1085 1325 1153 παρόντος
1364 1089 1427 1139 εἷς
1464 1084 1724 1153 ἀνάρῥησιν
1761 1084 1847 1150 τὴν
1880 1085 1957 1137 διὰ

370 1167 638 1230 θαυμάτων,
663 1166 724 1218 τὰ
748 1167 940 1218 τοιαῦτά
967 1171 1119 1235 φησιν
1145 1169 1170 1218 ὁ
1196 1167 1425 1234 Χριστός.

446 1250 635 1300 Οὐκοῦν
677 1249 1059 1316 ἀπηλλάχθημεν
1098 1252 1182 1312 τῆς
1225 1251 1273 1299 ἐν
1314 1249 1496 1303 τούτοις
1540 1250 1670 1312 ὑμῶν
1715 1248 1952 1313 ὑπονοίας,

330 1350 351 1376 e
371 1329 509 1384 αὐτὸς
536 1333 611 1381 καὶ
638 1330 979 1397 ὀνομαζομένης
1011 1334 1093 1395 τῆς
1128 1330 1251 1397 ὥρας
1287 1332 1486 1383 νοείσθω
1521 1330 1691 1397 καιρὸς,
1719 1332 1744 1381 ὁ
1770 1329 1957 1401 ἑκάστῳ

370 1411 616 1478 πράγματι
649 1413 859 1478 πρέπων·
903 1412 974 1463 ὅτι
1013 1412 1062 1463 δὲ
1101 1415 1176 1464 καὶ
1215 1414 1345 1477 ἡμεῖς
1378 1416 1459 1477 τῆς
1496 1413 1553 1482 ἐξ
1585 1415 1718 1480 ὡρῶν
1752 1412 1957 1477 ἀνάγκης
1980 1432 2027 1471 15
2074 1419 2076 1422 ⁴

371 1494 606 1561 ἐλεύθεροι
632 1493 1005 1559 καθεστήκαμεν,
1023 1494 1256 1546 πλειόνων
1282 1494 1408 1558 οἶμαι
1434 1494 1499 1560 μὴ
1527 1499 1710 1546 δεῖσθαι
1735 1494 1958 1562 ῥημάτων

372 1575 458 1640 τὴν
489 1578 833 1643 πραγματείαν.
888 1576 1155 1644 ἀρκούντως
1190 1576 1284 1644 γὰρ
1318 1577 1407 1642 ἤδη
1446 1577 1505 1629 τὰ
1543 1579 1617 1629 ἐπὶ
1655 1577 1804 1647 τούτῳ
1844 1580 1953 1628 διει-

368 1658 606 1727 λήφαμεν.

464 1741 608 1806 Πλὴν
657 1743 802 1792 ἐκεῖνο
854 1741 1002 1810 δεῖξαι
1050 1740 1392 1805 σπουδάσομεν
1443 1741 1492 1793 ἔν
1541 1764 1596 1808 γε
1644 1745 1711 1810 τῷ
1759 1739 1959 1806 παρόντι
2074 1804 2078 1810 ¹

371 1822 555 1886 λοιπὸν,
596 1823 666 1875 ὅτι
703 1823 789 1887 τὴν
826 1822 951 1889 ὥραν
989 1825 1037 1874 ἐν
1075 1829 1176 1878 ταῖς
1219 1825 1361 1878 θείαις
1402 1829 1610 1893 γραφαῖς
1650 1823 1733 1874 τὸν
1771 1821 1958 1893 ἑκάστῳ
1980 1849 2031 1875 20
2074 1835 2078 1878 1:

371 1906 612 1973 πρέποντα
649 1905 895 1971 πράγματι
934 1904 1094 1971 καιρὸν
1129 1905 1402 1972 εὑρήσομεν.
1453 1908 1528 1956 καὶ
1567 1904 1778 1972 κράζῖεται
1815 1904 1901 1969 μὲν
1932 1907 1958 1956 ὁ

374 1987 638 2049 θαυμάσιος
666 1991 863 2041 Παῦλος
889 1989 965 2037 καὶ
991 1990 1074 2050 τῆς
1100 1987 1441 2053 ὀνομαζομένης
1467 1985 1590 2053 ὥρας
1620 1987 1838 2052 σημαίνει
1872 1987 1960 2052 τὴν

149 2067 248 2117 szm-

149 2122 219 2142 xm.
236 2119 286 2147 11,

154 2163 203 2184 12.
373 2159 402 2182 ιε
435 2155 457 2171 ‘f

150 2203 238 2237 459
254 2202 293 2236 A
335 2211 358 2235 a
430 2175 577 2204 υπνου
603 2153 863 2218 ἐγερθῆναι·
919 2152 947 2216 ἡ
984 2150 1075 2220 νὺξ
1104 2151 1386 2220 προέκοψεν,
1413 2153 1441 2217 ἡ
1469 2152 1516 2202 δὲ
1543 2151 1691 2218 ἡμέρα
1716 2151 1957 2217 ἠ’γγικεν.”

297 2229 304 2237 ’
375 2235 486 2303 ὁρᾷς
514 2233 584 2285 ὅτι
616 2233 777 2301 καιρὸν
803 2233 1059 2303 προτάξας,
1086 2233 1172 2297 τὴν
1198 2233 1324 2303 ὥραν
1350 2234 1615 2299 ἐπήνεγκεν,
1641 2236 1704 2287 ὡς
1735 2232 1848 2285 αὐτὸ
1884 2233 1959 2285 διὰ
1982 2260 2031 2300 25
2074 2246 2075 2278 ἶ

374 2069 572 2134 δύναμιν
605 2077 632 2099 “
658 2072 752 2120 Καὶ
790 2074 930 2120 τοῦτο
967 2069 1136 2123 εἰδότες
1174 2069 1257 2120 τὸν
1294 2068 1470 2136 καιρὸν,
1506 2069 1576 2120 ὅτι
1614 2068 1713 2136 ὥρα
1751 2071 1869 2133 ὑμᾶς
1906 2069 1964 2139 ἐξ

373 2322 456 2367 τοῦ
483 2317 639 2379 αὑτοῦ,
667 2318 742 2367 καὶ
778 2317 865 2384 οὐχ
898 2315 1052 2382 ἕτερόν
1076 2339 1121 2366 τι
1153 2318 1328 2380 δηλῶν.
1385 2315 1542 2382 καιρὸς
1567 2314 1660 2382 γὰρ
1686 2315 1743 2380 ἧν
1770 2320 1954 2382 διεγρη-

373 2398 676 2465 γορήσαντας
711 2397 800 2463 ἤδη
836 2397 943 2452 τοὺς
977 2398 1323 2464 κεκαρωμένους
1359 2400 1408 2449 ἐν
1441 2399 1687 2465 ἁμαρτίαις
1721 2399 1960 2462 ἀναμῦσαι

373 2480 492 2546 πρὸς
554 2480 609 2532 τὸ
669 2479 932 2549 συμφέρον,
995 2482 1070 2532 καὶ
1135 2481 1424 2546 διεγερθῆναι
1485 2480 1605 2548 πρὸς
1665 2483 1813 2549 νῆψιν
1875 2479 1962 2545 τὴν

375 2566 593 2631 θεοφιλῆ.

422 2748 456 2781 5.
482 2737 576 2783 εἴπερ
603 2738 646 2773 Β.
665 2739 802 2783 ἐπείπερ
831 2739 950 2774 Holst.
970 2739 1037 2773 Ed.
1105 2739 1230 2774 Statim
1257 2738 1371 2774 οἴεσθε
1398 2738 1547 2785 [οἴεσθαι
1574 2737 1682 2784 Cod.]
1710 2738 1752 2772 Β.
1771 2735 1869 2773 οἷσθε
1896 2738 1961 2774 Ht.

374 2783 446 2820 οἶδε
465 2785 531 2820 Ed.
643 2797 676 2830 9.
702 2788 860 2830 πρόωρον
878 2786 920 2821 Β.
937 2788 1004 2831 πρὸ
1023 2787 1119 2831 ὡρῶν
1139 2786 1200 2820 Ht.
1222 2786 1287 2820 Ed.
1409 2798 1421 2820 Ι
1434 2798 1462 2821 Ι.
1489 2786 1644 2829 ἐμποδὼν
1661 2785 1788 2820 retinui
1806 2797 1847 2818 ex
1867 2784 1960 2820 Aub-

375 2833 526 2866 ἐκποδὼν
547 2832 589 2866 Β.
606 2833 720 2867 ποδῶν
740 2833 803 2867 Ht.
904 2843 956 2878 17.
982 2835 1023 2867 τὰ
1043 2833 1144 2867 edidi.
1163 2833 1221 2868 τὰς
1241 2833 1282 2866 Β.
1302 2833 1380 2867 τάδε
1400 2833 1464 2867 Ht.
1485 2833 1551 2867 Ed.
1654 2843 1709 2866 21.
1736 2832 1789 2865 καὶ
1807 2833 1961 2875 κράζεται

377 2879 441 2912 Ht.
462 2879 527 2913 Ed.
547 2880 721 2924 κεκράξετε
741 2880 783 2914 Β.
802 2881 996 2924 κεκράξεται
1014 2892 1044 2915 a.
1110 2880 1235 2914 Statim
1252 2882 1335 2925 γοῦν
1352 2892 1414 2924 pro
1431 2880 1493 2924 μὲν
1510 2892 1540 2913 a.
1663 2890 1719 2923 23.
1746 2879 1830 2921 ὑμᾶς
1848 2879 1960 2913 B.a.c.

375 2924 460 2968 ἡμᾶς
481 2925 544 2960 Ht.
564 2926 630 2960 Ed.
651 2926 757 2961 Cord.
877 2930 932 2969 2'5.
958 2927 1131 2972 προτάξας
1148 2938 1178 2960 c.
1196 2938 1215 2960 a
1233 2927 1266 2969 (e
1285 2926 1355 2967 sil.)
1375 2927 1482 2961 Cord.
1502 2926 1596 2961 Aub.
1613 2926 1812 2971 προστάξας
1831 2925 1873 2959 Β.
1895 2924 1960 2959 Ht.

377 2971 433 3007 26.
460 2972 791 3018 διεγρηγορὴσαντας
810 2973 886 3008 B.c.
907 2973 1013 3008 Cord.
1032 2972 1368 3019 διαγρηγορήσαντας
1387 2973 1450 3008 Ht.
1471 2973 1538 3008 Ed.
