2084 3317
915 667 1235 715 ΚΕΦΑΛΗ
1299 669 1353 717 Β.

382 859 455 898 Οτι
485 854 674 904 ζωοποιὸν
703 854 747 895 τὸ
778 854 893 908 ἅγιον
924 859 1037 907 σῶμα
1069 859 1254 908 Χριστοῦ,
1288 857 1332 897 ἐν
1362 856 1419 898 οἷς
1450 855 1500 898 ὡς
1529 856 1617 908 περὶ
1649 855 1766 907 ἄρτου
1797 854 1896 907 φησὶ

924 938 991 975 τοῦ
1023 935 1120 976 ἰδίου
1153 936 1342 987 σώματος.

196 1091 245 1136 48
269 1096 449 1145 49’131-‹2'›
482 1094 565 1145 εἶμι
598 1097 619 1139 ὁ
653 1097 783 1155 ἄρτος
814 1098 891 1138 τιῖε
925 1099 1047 1154 ζωῆς.
1096 1095 1134 1138 οἷ
1166 1098 1349 1154 Πατὲρεο
1380 1096 1498 1145 ὑμῶν
1524 1096 1687 1153 ἔφατον
1713 1096 1761 1138 τὸ
1789 1096 1927 1146 μάννα

269 1182 320 1221 50
404 1181 449 1223 ἐν
486 1185 537 1239 τῷ
576 1181 728 1238 ἐρήμῳ
771 1181 840 1221 καὶ
877 1180 1109 1221 ἀπέθανον·
1164 1178 1290 1222 οὗτός
1329 1181 1442 1222 ἐστιν
1480 1182 1502 1223 ὁ
1541 1180 1671 1237 ἄρτος
1710 1181 1732 1221 ὁ
1768 1180 1816 1221 ἐκ
1854 1183 1971 1224 τοῦ5

290 1259 317 1299 b
403 1265 587 1321 οὐρανοῦ
616 1262 899 1314 καταβαίνων,
926 1263 996 1304 ἵνα
1022 1279 1085 1305 τις
1111 1263 1156 1307 ἐξ
1185 1264 1315 1305 αὐτοῦ
1344 1264 1461 1322 φάτῌ
1490 1263 1558 1305 καὶ
1583 1264 1639 1312 μὴ
1668 1262 1881 1321 ἀποθάνῌ.

410 1404 637 1451 ΣΑΦΩΣ
674 1399 730 1463 δὴ
765 1401 874 1450 λίαν
901 1401 949 1450 ἐν
976 1398 1158 1453 τούτοις
1192 1401 1337 1451 ἐκεῖνο
1375 1398 1765 1452 καταθεάσασθαι
1800 1423 1925 1466 παρ-

334 1483 469 1534 έσται
518 1482 573 1534 τὸ
624 1481 701 1533 διὰ
752 1488 836 1533 τοῦ
882 1481 1134 1550 προφήτου
1184 1481 1675 1552 προαναφωνούμενον
1719 1481 1930 1532 (Ησαίου

335 1572 363 1595 “
387 1564 638 1634 Ἐμφανὴς
680 1563 906 1630 ἐγενόμην
944 1569 1042 1618 τοῖς
1086 1563 1165 1628 ἐμὲ
1209 1564 1275 1629 μὴ
1321 1564 1554 1631 ζητοῦσιν,
1593 1564 1795 1631 ηὑρέθην
1832 1568 1929 1618 τοῖς

335 1654 361 1678 “
387 1647 466 1712 ἐμὲ
497 1647 563 1712 μὴ
595 1649 912 1715 ἐπερωτῶσιν·
955 1645 1063 1698 εἶπα
1086 1648 1211 1699 Ἰδού
1245 1652 1335 1711 εἶμι
1369 1652 1436 1717 τῷ
1470 1648 1588 1698 ἔθνει
1624 1646 1673 1700 ὃς
1699 1647 1782 1698 οὐκ
1816 1645 1921 1697 ἐκά-
1950 1668 1999 1694 10

334 1738 361 1761 “
388 1740 532 1782 λεσεν
570 1729 624 1781 τὸ
670 1729 818 1793 ὄνομά
861 1749 968 1794 μου·
1031 1728 1151 1794 ὅλην
1188 1729 1275 1794 τὴν
1318 1729 1494 1796 ἡμέραν
1536 1730 1800 1799 ἐξεπέτασα
1844 1729 1929 1783 τὰς

1743 1812 1768 1828 ’5
1813 1810 1834 1829 ΓΙ

1810 1818 1929 1875 ολην

112 1561 167 1592 Es.
182 1559 250 1592 lxv.

115 1613 142 1641 1,
162 1613 189 1635 2.

334 1818 363 1842 “
388 1811 543 1880 χεῖράς
568 1835 660 1876 μου
684 1811 803 1879 πρὸς
835 1810 956 1862 λαὸν
983 1813 1269 1863 ἀπειθοῦντα
1304 1814 1378 1863 καὶ
1413 1812 1738 1878 ἀντιλέγοντα.

296 1919 319 1947 e
335 1894 428 1962 γὰρ
454 1900 537 1946 τοῦ
563 1893 713 1960 λόγου
739 1892 825 1958 τὴν
851 1894 1081 1961 λεβηρίδα
1106 1893 1350 1961 περιελὼν,
1379 1896 1455 1945 καὶ
1490 1899 1669 1956 πᾶσαν,
1696 1894 1752 1944 ἵν’
1782 1894 1928 1947 οὕτως

334 1977 462 2040 είπω,
497 1974 789 2043 περιστολὴν
827 1975 1126 2040 ἀποστήσας,
1166 1976 1572 2030 ἀκατακαλύπτως
1611 1975 1700 2040 ἤδη
1738 1981 1834 2030 τοῖς
1873 1975 1932 2044 ἐξ

331 2058 537 2126 Ἰσραὴλ
572 2058 737 2110 ἑαυτὸν
763 2057 1000 2127 ἐμφανίζει
1037 2058 1225 2123 λε”γων
1234 2059 1341 2124 Εγω
1373 2064 1461 2126 εἶμι
1496 2064 1514 2110 ὁ
1546 2057 1673 2127 ἄρτος
1700 2082 1775 2118 της
1802 2057 1925 2128 ζωης,
1949 2081 1996 2119 15

332 2141 408 2192 ἵνα
435 2140 491 2205 δὴ
519 2140 724 2205 μάθοιεν,
753 2142 831 2199 ὡς,
860 2140 988 2207 εἴπερ
1023 2139 1187 2208 ἔχουσι
1224 2139 1425 2204 θελητὸν
1451 2139 1505 2191 τὸ
1540 2140 1777 2207 κρείττους
1810 2138 1925 2191 εἶναι

332 2226 415 2287 τῆς
460 2226 657 2291 φθορᾶς,
700 2223 775 2273 καὶ
821 2221 963 2273 αὐτὸν
1008 2221 1091 2273 τὸν
1128 2223 1177 2273 ἐκ
1221 2220 1541 2289 παραβασεως
1587 2220 1926 2291 ἐπισκήψαντα

333 2304 538 2356 θάνατον
565 2303 916 2368 ἀποδύσασθαι,
944 2302 1099 2369 δεήσει
1126 2303 1329 2370 βαδίζειν
1356 2303 1522 2359 αὐτοὺς
1554 2308 1616 2358 εἰς
1650 2303 1925 2373 μετάληψιν

331 2392 415 2438 τοῦ
453 2386 691 2453 ζωοποιεῖν
724 2386 987 2454 ἰσχύοντος,
1021 2389 1097 2437 καὶ
1135 2387 1442 2455 ἀφανίζοντος
1480 2386 1565 2451 μὲν
1596 2386 1682 2452 τὴν
1717 2385 1921 2456 φθορὰν,

331 2474 680 2535 καταργοῦντος
719 2468 767 2519 δὲ
805 2470 881 2519 καὶ
920 2467 1002 2520 τὸν
1033 2467 1253 2519 θάνατον·
1297 2469 1435 2536 ἔργον
1470 2468 1563 2536 γὰρ
1601 2468 1746 2523 ὅντως
1784 2475 1924 2521 τοῦτο
1945 2493 1994 2518 20

332 2554 417 2616 τῆς
450 2549 569 2602 κατὰ
604 2551 754 2619 φύσιν
789 2550 906 2617 ζωῆς
940 2549 1057 2602 ἴδιόν
1091 2573 1139 2602 τε
1179 2552 1255 2601 καὶ
1293 2551 1705 2617 πρεπωδέστατον.
1766 2551 1923 2616 ἐπειδὴ

289 2639 316 2682 (1
332 2633 381 2684 δὲ
408 2632 630 2684 δεδόσθαι
655 2631 709 2684 τὸ
736 2633 890 2697 μάννα
918 2632 1036 2684 κατὰ
1061 2631 1148 2696 τὴν
1175 2633 1347 2700 ἔρημον
1373 2638 1471 2687 τοῖς
1501 2631 1743 2700 πατράσιν
1768 2634 1923 2684 αὐτῶν

332 2714 749 2780 διαβεβαιούμενοι,
792 2714 875 2766 τὸν
914 2715 1057 2781 ἄρτον
1095 2717 1286 2779 ἀληθῶς
1325 2715 1407 2767 τὸν
1446 2715 1504 2784 ἐξ
1541 2716 1738 2782 οὐρανοῦ
1780 2738 1922 2766 κατα-

330 2795 645 2865 φοιτήσαντα,
671 2797 889 2848 τουτέστι
915 2795 998 2848 τὸν
1025 2795 1156 2860 Υὶὸν,
1186 2798 1269 2848 οὐκ
1295 2796 1524 2865 ἐδέχοντο,
1552 2798 1812 2864 ἀναγκαίαν
1837 2803 1920 2848 τοῦ

710 2959 763 2981 10.
790 2947 826 2983 ὃς
843 2948 902 2982 οὐκ
920 2947 1084 2983 ἐκάλεσεν
1105 2947 1145 2982 B.
1165 2946 1195 2982 οἳ
1214 2948 1273 2982 οὐκ
1292 2948 1459 2983 ἐκάλεσαν
1478 2948 1544 2983 Ed.
