2021 3296
130 125 155 166 i.
178 139 213 170 2.
376 129 449 170 IN
492 130 533 171 S.
568 130 903 173 JOANNEM.
965 132 1089 173 LIB.
1123 132 1158 174 Ι.
1220 133 1355 174 CAP.
1390 133 1466 173 IV.
1662 135 1714 173 57

129 238 454 292 ἀναλλοίωτον
491 247 575 293 τοῦ
612 242 946 309 γεννήσαντος,
986 243 1063 294 καὶ
1108 241 1184 293 διὰ
1227 247 1311 293 τοῦ
1348 243 1603 305 κεκτῆσθαι
1641 243 1716 291 καὶ

129 318 271 371 αὐτὸν
297 321 421 376 ἰδίως
447 325 523 373 καὶ
547 322 694 388 μόνον
718 324 805 389 τὴν
831 324 1034 389 υἱότητα,
1061 325 1138 375 καὶ
1163 327 1225 377 εἰς
1254 323 1448 390 Πατέρα
1471 321 1536 387 μὴ
1572 344 1712 387 μετα·
1734 342 1755 367 a
1810 333 1866 367 38
1888 331 1939 366 A·

128 398 416 467 βάλλεσθαι,
443 403 607 472 ὥσπερ
632 406 714 457 οὖν
740 405 844 457 οὐδὲ
871 407 1041 460 ἐκεῖνος
1065 408 1127 459 εἰς
1153 403 1286 456 Υὶόν.

281 576 519 627 Πρόβλημα,
549 576 635 629 ἤτοι
665 578 862 620 ἀντίθεσις
893 576 1008 629 ἑτέρα
1038 577 1088 619 ὡς
1118 578 1223 629 παρὰ
1254 579 1329 617 τῶν
1359 577 1572 628 αἱρετικῶν.

91 700 113 738 5
205 720 233 743 ,,
260 682 365 733 Οὐκ
399 682 623 750 εὐλόγως,
658 686 825 753 φασὶν,
852 686 914 738 ὡς
949 685 1003 735 οὐ
1037 689 1301 754 φρονοῦσιν
1335 685 1485 751 ὀρθῶς
1519 683 1716 747 ἐπισκή-

130 802 159 826 ,,
184 785 324 814 πτετε
362 770 458 819 τοῖς
497 765 654 833 ἕτερον
689 765 804 818 εἶναι
843 766 1043 832 λέγουσι
1080 764 1164 816 τὸν
1194 765 1405 834 ἔμφυτον
1436 767 1483 816 ἐν
1512 769 1579 834 τῷ
1614 769 1723 833 Θεῷ

131 883 160 906 ,,
185 845 261 894 καὶ
301 849 457 913 Πατρὶ
491 845 654 914 Λόγον
692 847 822 915 παρὰ
862 847 946 899 τὸν
983 846 1115 899 Υἱόν·
1175 847 1324 898 καίτοι
1364 851 1536 916 σαφῶς
1580 848 1723 898 αὐτοῦ

131 965 159 988 ,,
185 925 409 992 λέγοντος
448 929 695 983 ἀκούοντες
732 931 781 980 ἐν
811 933 912 983 ταῖς
951 929 1278 994 εὐαγγελικαῖς
1315 927 1623 997 ἐξηγήσεσιν,
1653 928 1723 979 ὅτι

131 1047 160 1070 ,,
187 1004 290 1058 οἶδα
339 1007 423 1060 τὸν
465 1010 658 1076 Πατέρα
703 1012 780 1062 καὶ
830 1010 914 1062 τὸν
958 1010 1110 1076 λόγον
1155 1010 1299 1061 αὐτοῦ
1345 1014 1489 1077 τηρῶ.
1569 1013 1606 1060 εἱ
1651 1009 1720 1072 δὲ,
1742 1015 1768 1056 b
1786 1051 1852 1081 viii.
1871 1057 1922 1090 55·

67 1112 115 1138 10
132 1128 159 1152 ,,
186 1088 398 1158 καθάπερ
423 1090 562 1145 αὐτὸς
587 1093 934 1161 διισχυρίσατο,
962 1091 1045 1143 τὸν
1070 1097 1153 1143 τοῦ
1180 1090 1372 1158 Πατρὸς
1397 1096 1530 1159 τηρεῖ
1551 1090 1720 1157 λόγον,

132 1211 160 1234 ,,
185 1170 340 1239 ἕτερος
365 1170 424 1224 ἂν
449 1173 516 1238 εἰἠ
542 1172 732 1229 πάντως
758 1174 909 1239 δήπου
935 1176 1011 1225 καὶ
1037 1174 1316 1240 ἀναγκαίως,
1337 1176 1400 1227 ὡς
1425 1172 1544 1240 πρὸς
1568 1172 1725 1235 αὐτὸν,

133 1292 161 1316 ,,
187 1252 434 1321 ἐπειδήπερ
466 1254 650 1321 ἀνάγκη
681 1255 768 1320 τὴν
794 1259 878 1320 τῆς
914 1255 1182 1322 ἑτερότητος
1217 1254 1456 1321 σώζεσθαι
1493 1253 1726 1323 διαφορὰν

134 1373 160 1397 ,,
188 1339 254 1405 τῷ
278 1341 494 1403 τηροῦντι
521 1337 640 1404 πρὸς
665 1336 720 1389 τὸ
745 1337 1072 1405 τηρούμενον.”

178 1509 325 1554 Λύσεις
354 1511 496 1564 ἐφεξῆς
526 1511 708 1565 διάφοροι
738 1513 985 1554 δεικνύουσαι
1017 1515 1168 1565 σαφῶς,
1200 1512 1259 1552 ὅτι
1291 1512 1312 1551 ὁ
1342 1512 1472 1563 Λόγος
1503 1510 1588 1551 ἐστὶ
1619 1513 1686 1550 τοῦ

70 1597 118 1635 15
643 1590 752 1628 Θεοῦ
784 1587 845 1628 καὶ
876 1585 1033 1639 Πατρὸς
1063 1587 1083 1626 ὁ
1114 1586 1222 1628 Ύὶός.

210 1695 269 1742 Εἰ
311 1691 377 1756 μὴ
424 1691 562 1746 αὐτός
605 1695 737 1744 ἐστιν
783 1694 807 1744 ὁ
855 1692 1134 1759 Μονογενὴς
1178 1689 1294 1745 Υἱὸς
1343 1696 1426 1741 τοῦ
1474 1693 1600 1741 Θεοῦ
1650 1692 1727 1740 καὶ

137 1771 328 1840 Πατρὸς
366 1774 392 1824 ὁ
430 1772 589 1839 Λόγος
628 1775 784 1838 αὐτοῦ,
823 1774 977 1841 ἕτερος
1017 1773 1073 1826 δέ
1104 1796 1174 1827 τις
1219 1771 1467 1839 ἐνυπάρχει
1511 1774 1578 1840 τῷ
1617 1774 1726 1840 Θεῷ
1745 1794 1767 1821 c

134 1855 244 1922 παρ’
296 1855 456 1917 αὐτὸν,
511 1855 565 1908 ὃν
616 1855 878 1908 ἐνδιάθετον
922 1854 1247 1923 ὀνομάζουσιν,
1294 1857 1336 1905 οἱ
1386 1852 1472 1918 τὴν
1516 1852 1728 1903 ἐναντίαν

133 1935 474 2005 προϊσχόμενοι
501 1937 647 2007 δόξαν
673 1938 950 2005 λεγέτωσαν
974 1938 1099 2002 ἡμῖν,
1125 1935 1327 2004 πότερόν
1351 1957 1465 1987 ποτε
1493 1935 1518 1985 ὁ
1545 1933 1620 1985 διὰ
1645 1936 1729 1998 τῆς

70 2043 120 2069 20
135 2019 289 2070 αὐτῶν
333 2020 538 2084 ἀμαθίας
581 2020 905 2085 ἐπινοούμενος
952 2019 1099 2086 λόγος
1143 2015 1464 2071 ἐνυπόστατός
1508 2018 1653 2079 ἐστιν,
1698 2015 1728 2081 ἢ

134 2101 255 2169 οὐχί·
298 2105 336 2153 εὶ
371 2100 458 2166 μὲν
482 2100 576 2167 γὰρ
609 2103 800 2169 ἐροῦσιν
826 2100 1091 2171 ὑφεστάναι
1126 2101 1235 2153 καθ’
1263 2097 1429 2151 ἑαυτὸν
1456 2099 1505 2149 ἐν
1530 2096 1728 2166 ὑπάρξει

135 2181 385 2247 νοούμενον
421 2184 526 2253 ἰδίᾳ,
559 2182 642 2235 δύο
681 2183 738 2249 δὴ
776 2183 966 2238 πάντως
1004 2182 1396 2249 ὁμολογήσουσιν
1431 2179 1544 2232 εἶναι
1584 2180 1723 2233 υἱούς·

135 2268 174 2316 εἰ
200 2263 249 2317 δὲ
276 2264 608 2317 ἀνυπόστατον
635 2267 825 2332 ἐροῦσιν
851 2264 1007 2329 αὐτὸν,
1033 2263 1217 2318 οὐδενὸς
1242 2267 1631 2328 μεσολαβοῦντος
1662 2260 1728 2312 ἐτι

136 2348 213 2398 καὶ
239 2345 593 2415 διατειχίζοντος
618 2347 702 2399 τὸν
721 2346 854 2412 Υὶὸν,
874 2351 975 2401 πῶς
1001 2347 1137 2398 ε”σται
1161 2346 1315 2413 τρίτος
1341 2347 1391 2396 ἐκ
1419 2341 1623 2409 Πατρὸς,
1650 2342 1727 2392 καὶ

71 2446 121 2487 25
137 2429 241 2497 οὐχὶ
265 2433 459 2493 μᾶλλον
481 2434 747 2498 προσεχῶς,
774 2431 837 2484 ὡς
865 2428 980 2484 Υἱὸς
1005 2428 1124 2496 πρὸς
1152 2426 1373 2494 Πατέρας
1745 2425 1773 2465 d

529 2597 664 2638 ’Άλλο
696 2599 759 2639 διὰ
790 2601 867 2638 τῶν
898 2596 1025 2638 αὐτῶν
1056 2594 1327 2648 θεωρημάτων.

215 2703 376 2770 Λόγον
399 2703 485 2768 μὲν
511 2703 735 2773 ὑπάρχειν
761 2708 827 2773 τῷ
855 2707 964 2773 Θεῷ
996 2704 1071 2754 καὶ
1101 2703 1257 2767 Πατρῖ
1291 2700 1373 2751 τὸν
1398 2697 1660 2749 ἐνδιάθετον
1687 2699 1728 2747 οἱ

189 2851 220 2876 2.
246 2841 347 2884 μόνον
367 2839 408 2874 Β.
427 2841 534 2883 μόνως
552 2839 618 2874 Ed.
817 2850 851 2884 3.
877 2838 1002 2874 ἐκεῖνος
1022 2836 1162 2872 B.D.E.
1181 2835 1286 2869 ἐκεῖνο
1304 2833 1370 2868 Ed.
1389 2832 1575 2879 conjiciens
1594 2831 1730 2882 ἐκεῖνον.

140 2896 173 2930 5.
199 2889 309 2932 φησιν
328 2887 361 2920 D
381 2890 421 2921 ut
439 2886 509 2921 vid.
529 2886 571 2920 E.
730 2897 784 2921 10.
810 2887 923 2930 τηρεῖν
941 2884 984 2918 Β.
1131 2893 1184 2917 12.
1210 2882 1347 2925 ἐπείπερ
1367 2880 1409 2914 Β.
1566 2890 1621 2914 22.
1647 2880 1730 2913 εἶναι

140 2933 232 2969 υἱούς
249 2933 315 2968 hoc
333 2932 454 2967 ordine
473 2932 613 2968 B-D.E.
805 2941 860 2977 27.
887 2929 1015 2977 Λόγον]
1036 2929 1132 2975 Λέγω
1151 2929 1192 2964 Ε.
1258 2927 1306 2973 οἱ]
1327 2926 1364 2961 ὃν
1381 2927 1412 2961 οἶ
1431 2926 1473 2960 Ε.

199 2999 291 3028 VOL.
314 3000 342 3028 Ι.
928 2998 943 3024 Ι
