2021 3296
343 736 475 780 ΤΟΥ
523 736 619 780 ΕΝ
664 736 897 781 ΑΓΙΟΙΣ
946 735 1226 780 ΠΑΤΡΟΣ
1277 733 1475 778 ΗΜΩΝ
1722 746 1744 769 a
1832 736 1925 773 7A.

577 904 1240 977 KTPIAAOT

421 1098 900 1128 ΑΡΧΙΕΠΙΣΚΟΠΟΥ
942 1096 1397 1132 ΑΛΕΞΑΝΔΡΕΙΑΣ

517 1224 795 1265 ΕΞΗΓΗΣΙΣ
831 1225 1301 1264 ὙΠΟΜΝΗΜΑΤΙΚΗ

73 1379 95 1416 5
215 1368 324 1415 ΕΙΣ
375 1368 469 1416 ΤΟ
523 1369 711 1416 ΚΑΤΑ
766 1368 1094 1417 ΙΩΑΝΝΗΝ
1146 1365 1601 1415 ΕΥΑΓΓΕΛΙΟΝ.

706 1580 864 1609 ΛΟΓΟΣ
903 1579 1110 1609 ΠΡΩΤΟΣ

195 1705 498 1754 ΑΚΡΙΒΗΣ
541 1703 684 1757 ὅντως
731 1706 807 1755 καὶ
851 1704 1145 1758 θεοδίδακτος
1189 1706 1284 1754 τῶν
1322 1700 1467 1767 ἁγίων
1506 1700 1701 1765 εὐαγγε-

120 1789 303 1836 λιστῶν
329 1786 357 1848 ἦ
384 1784 575 1847 διάνοια,
591 1784 802 1852 καθάπερ
829 1784 923 1837 ἀπό
950 1808 1073 1839 τινος
1097 1783 1319 1852 γηλόφου
1345 1785 1421 1834 καὶ
1445 1784 1702 1847 περιωπῆς,

119 1868 202 1929 τῆς
239 1868 288 1917 ἐν
321 1871 388 1936 τῷ
423 1867 656 1918 δύνασθαι
691 1872 879 1934 θεωρεῖν
912 1865 1290 1933 μεγαλειότητος,
1321 1863 1618 1930 πανταχόθεν
1652 1861 1706 1913 τὸ

56 1973 103 1998 10
122 1952 218 2000 τοῖς
244 1948 553 2014 ἀκροωμένοις
583 1953 907 2015 περιαθροῦσα
935 1948 1187 2016 χρήσιμον,
1214 1949 1290 1998 καὶ
1324 1945 1442 2010 μετὰ
1477 1943 1708 1995 συντόνου

122 2027 246 2081 τινὸς
273 2029 518 2095 θηρωμένη
545 2032 773 2095 σπουδῆς,
802 2030 916 2097 ὅπερ
947 2029 1005 2081 ἀν
1032 2030 1256 2096 ὑπάρχειν
1283 2028 1430 2092 οἴηται
1461 2025 1707 2078 λυσιτελὲς

118 2115 214 2164 τοῖς
241 2109 324 2161 τὸν
350 2112 505 2177 ἀληθῆ
532 2116 626 2162 τῶν
653 2112 787 2163 θείων
812 2110 1062 2179 δογμάτων
1088 2115 1271 2179 διψῶσι
1298 2108 1460 2174 λόγον,
1489 2109 1564 2158 καὶ
1589 2105 1706 2171 μετὰ

119 2192 438 2258 προαιρέσεως
463 2195 644 2259 ἀγαθῆς
678 2193 764 2258 τὴν
789 2193 1162 2260 ἐγκεκρυμμένην
1187 2197 1288 2246 ταῖς
1322 2191 1463 2243 θείαις
1498 2192 1705 2256 γραφαῖς
1722 2199 1748 2239 b

120 2275 342 2339 ἐρευνῶσι
380 2274 602 2326 διάνοιαν.
667 2277 720 2326 οὐ
758 2274 850 2341 γὰρ
889 2281 984 2328 τοῖς
1021 2273 1375 2340 περιεργότερον
1413 2269 1701 2339 ἐξετάζουσι,

56 2375 102 2414 15
122 2356 197 2405 καὶ
229 2356 554 2410 πολυπλόκοις
588 2362 840 2422 λογισμῶν
873 2355 1072 2409 ἀπάταις
1107 2353 1410 2423 ἐφηδομένοις
1443 2356 1646 2416 μᾶλλον,
1676 2349 1705 2414 ἢ

120 2441 179 2504 τῇ
211 2439 409 2506 ἀληθεία
443 2439 837 2506 προσχαίρουσιν,
870 2437 1244 2489 ἐναποκαλύπτει
1280 2435 1333 2486 τὸ
1368 2438 1576 2495 Πνεῦμα,
1609 2434 1706 2483 ἐπεὶ

121 2518 237 2583 μήτε
262 2523 372 2573 “eis
414 2518 697 2588 κακότεχνον
728 2520 988 2588 εἶσερχεται
1025 2518 1229 2588 ψυχὴν,”
1257 2516 1375 2582 μήτε
1411 2514 1505 2580 μὴν
1541 2514 1705 2566 ἄλλως
1765 2529 1840 2568 Sap.
1856 2527 1876 2558 i.
1895 2536 1925 2567 4-

121 2601 367 2652 κυλίεσθαι
401 2600 532 2668 παρὰ
566 2607 662 2655 τοῖς
699 2603 792 2653 ὑῶν
817 2603 935 2653 ποσὶ
969 2599 1077 2655 τοὺς
1112 2600 1288 2663 τιμίους
1324 2597 1487 2666 ἐφίησι
1520 2618 1702 2661 μαργα-
1764 2603 1924 2678 {ingssth-

118 2682 264 2747 ρίτας·
314 2682 488 2745 ἥδιστα
525 2682 573 2733 δὲ
611 2684 720 2734 λίαν
758 2688 858 2737 ταῖς
895 2682 1246 2747 ἁπλουστέραις
1284 2678 1504 2731 διανοίαις
1541 2700 1697 2743 προσ·
1813 2671 1820 2678 ’
1862 2670 1869 2677 ’

55 2786 103 2812 20
121 2767 287 2826 ομιλεῖ,
312 2762 392 2813 ἅτε
428 2763 484 2827 δὴ
520 2766 596 2814 καὶ
629 2763 1036 2831 ἀπανουργότερον
1071 2761 1290 2830 ἐχούσαις
1324 2759 1378 2811 τὸ
1413 2760 1597 2822 κίνημα,
1629 2761 1704 2808 καὶ

173 2921 202 2944 1.
229 2911 288 2943 τοῦ
302 2908 464 2988 ἒνάἆγίοις
482 2911 617 2955 Πατρὸς
634 2909 725 2954 ἡμῶν
742 2922 812 2945 om.
834 2909 927 2945 D.E.
1197 2908 1249 2942 16.
1277 2905 1542 2941 ἐναποκαλύπτει
1562 2904 1604 2938 Β.
1621 2903 1704 2938 ἀπο-

124 2955 283 2989 καλύπτα
362 2981 368 2989 .

880 3022 949 3050 02
