2084 3317
110 188 135 230 i,
163 199 227 229 11.
354 185 429 227 IN
471 185 513 225 S.
545 180 882 224 JOANNEM.
945 179 1070 221 LIB.
1104 180 1139 221 Ι.
1202 179 1336 220 CAP.
1369 179 1450 219 IX.
1615 178 1694 218 131

109 297 371 360 κατηγορεῖ,
425 291 717 358 συγγνώμην
767 288 932 355 ὥσπερ
992 289 1118 358 αὐτῷ
1168 287 1350 338 δικαίαν
1400 284 1476 336 διὰ
1529 285 1697 336 τούτου

108 373 561 443 πραγματευόμενος,
590 377 666 424 καὶ
703 375 787 436 τῆς
825 370 1043 433 δοθείσης
1083 370 1209 438 αὐτῷ
1248 367 1439 436 χάριτος
1478 365 1698 435 ἀφορμὰς

109 458 332 524 εὐλόγους
355 454 779 523 προδιοικούμενος·
823 455 896 504 ἐπὶ
933 452 989 503 δέ
1017 475 1071 518 γε
1106 455 1202 503 τῶν
1229 450 1283 519 ἐξ
1307 448 1525 516 Ἰσραὴλ,
1554 447 1596 499 οἳ
1623 450 1699 498 καὶ

109 542 159 591 ἐν
195 540 322 606 με’ρει
362 543 458 590 τῶν
496 537 620 591 ἰδίως
660 536 788 605 αὐτῷ
824 534 1168 602 προσηκόντων
1205 531 1500 600 ἐτετάχαντο,
1538 528 1592 581 τό
1631 533 1700 581 Οὐ

66 632 88 672 5
111 621 370 691 παρέλαβον
401 620 605 686 τίθησιν·
653 620 707 670 οὐ
742 618 836 686 γὰρ
871 617 931 683 ἧν
963 617 1258 683 ἀληθεύοντα
1289 617 1446 683 λέγειν
1474 616 1580 666 Οὐκ
1614 614 1692 680 ἔγ-

111 726 285 767 νωσαν,
325 702 469 765 νόμου
511 700 595 766 μὲν
634 700 941 769 ἀρχαιοτέρου
986 700 1310 767 κηρύττοντος,
1349 701 1613 767 προφητῶν
1654 694 1747 747 δὲᾶ

109 790 204 837 τῶν
235 787 330 850 μετ’
360 787 530 836 ἐκεῖνον
563 783 999 849 παιδαγωγούντων
1030 781 1197 836 αὐτοὺς
1231 783 1306 833 ἐπὶ
1344 779 1430 845 τὴν
1455 783 1538 843 τῆς
1575 781 1695 843 ἀλη-

110 867 236 922 θείας
284 867 573 936 κατάληψιν.
651 864 829 916 δίκαιον
880 865 962 915 οὖν
1014 864 1106 930 ἄρα
1159 865 1236 914 καὶ
1289 861 1358 913 ἐπ’
1413 862 1569 915 αὐτοῖς
1619 863 1702 924 τῆς

110 950 368 1013 ἀποτομίας
405 948 459 1000 τὸ
498 952 655 1014 κρῖμα,
689 946 902 1013 καθάπερ
941 946 1103 1011 ἀμέλει
1142 947 1218 996 καὶ
1256 945 1330 996 ἐπὶ
1368 948 1463 994 τῶν
1496 945 1642 994 ἐθνῶν
1673 942 1701 1006 ἡ

42 1052 90 1077 10
109 1030 390 1098 χρηστότης.
446 1030 471 1080 ὁ
497 1029 582 1094 μὲν
608 1028 702 1096 γὰρ
729 1028 923 1092 κόσμος,
949 1027 1053 1092 ἤτοι
1079 1026 1139 1078 τὰ
1165 1027 1290 1091 ἔθνη,
1318 1026 1404 1090 τὴν
1429 1023 1548 1091 πρὸς
1577 1022 1703 1075 Θεὸν

110 1113 341 1164 οἷκείωσιν
376 1113 685 1164 ἀπολέσαντα
723 1110 799 1161 διὰ
837 1113 920 1175 τῆς
960 1112 1022 1163 εἶς
1062 1107 1343 1179 φαυλότητα
1382 1109 1700 1172 καταδρομῆς,

110 1198 188 1246 καὶ
220 1194 275 1246 τὸ
312 1194 472 1246 εἰδέναι
505 1191 870 1261 προσεζημιώθη
901 1190 985 1243 τὸν
1012 1191 1276 1261 φωτίζοντα
1304 1188 1439 1241 αὐτά·
1486 1192 1529 1239 οἱ
1555 1187 1604 1240 δὲ
1630 1187 1705 1239 διὰ

112 1277 256 1342 νόμου
282 1277 367 1341 τὴν
392 1280 575 1343 γνῶσιν
601 1273 1096 1339 καταπλουτήσαντες,
1124 1275 1199 1324 καὶ
1225 1275 1289 1326 εἰς
1314 1271 1401 1336 τὴν
1427 1269 1611 1336 θυμήρη
1639 1273 1706 1339 τῷ

113 1363 221 1427 Θεῷ
257 1359 499 1410 πολιτείαν
537 1356 919 1422 ανακεκλημενοι,
948 1353 1120 1407 λοιπον
1158 1353 1339 1407 ἑκόντες
1377 1351 1745 1421 ἐσφάλλοντο,ο

46 1454 93 1492 15
113 1440 196 1491 τὸν
221 1440 311 1505 ἤδη
344 1439 625 1506 γνωσθεντα
657 1442 731 1490 καὶ
759 1441 820 1492 ὡς
846 1440 894 1489 ἐν
922 1438 1049 1491 ἰδίοις
1080 1435 1440 1501 ἐπιδημήσαντα
1469 1457 1553 1485 του
1581 1437 1706 1484 Θεοῦ

115 1520 277 1587 Λόγον
313 1523 366 1573 οὗ
404 1520 796 1589 παραδεξάμενοι.
853 1517 957 1574 ἳὸισς
995 1542 1079 1583 μεν
1111 1517 1204 1585 γὰρ
1239 1517 1432 1581 σύμπας
1467 1518 1491 1567 ὁ
1527 1515 1707 1579 κόσμος

114 1605 219 1655 ἐστὶ
244 1607 311 1674 τῷ
336 1607 457 1673 Θεῷ,
485 1601 603 1654 κατά
628 1626 683 1668 γε
717 1601 799 1654 τὸν
825 1607 908 1653 τοῦ
940 1603 1230 1664 πεποιῆσθαι
1265 1598 1427 1665 λόγον,
1456 1599 1530 1649 καὶ
1565 1596 1619 1648 τὸ
1655 1597 1712 1666 ἐξ

114 1687 257 1737 αὐτοῦ
290 1687 365 1736 καὶ
401 1686 456 1736 δι’
485 1686 628 1736 αὐτοῦ
653 1687 894 1751 παρῆχθαι
926 1681 1046 1751 πρὸς
1076 1683 1279 1748 γένεσιν·
1321 1680 1710 1748 πρεπωδέστερον

115 1768 170 1818 δέ
187 1790 287 1822 πως
313 1768 337 1818 ὃ
362 1767 566 1833 Ἰσραὴλ
591 1768 658 1835 τῷ
682 1768 765 1830 τῆς
793 1764 1020 1829 ἰδιότητος
1046 1762 1424 1827 ἁποκεκλήσεται
1451 1760 1601 1830 λόγῳ,
1632 1765 1707 1811 καὶ

1765 941 1814 992 Cf.
1832 943 1926 972 Rom.

1764 997 1807 1017 Xl.
1832 995 1880 1016 22.

46 1869 95 1894 20
114 1847 200 1912 τὴν
224 1849 299 1900 ἐπὶ
333 1849 483 1918 τούτῳ
523 1847 669 1917 δόξαν
695 1846 1105 1913 ἀποκληρώσεται,
1133 1845 1211 1896 διά
1242 1868 1290 1896 τε
1327 1842 1413 1908 τὴν
1439 1848 1532 1895 τῶν
1560 1843 1707 1908 ἁγίων
1725 1864 1746 1888 a
1804 1856 1864 1889 90
1881 1854 1931 1889 A.

114 1929 331 1997 πατέρων
355 1929 573 1996 ἐκλογὴν,
601 1932 677 1981 καὶ
712 1929 789 1980 διὰ
824 1929 878 1980 τὸ
915 1927 1038 1996 ἀρχὴ
1077 1930 1152 1979 καὶ
1188 1925 1489 1994 πρωτότοκος
1517 1923 1704 1989 ὠνομά-

115 2015 231 2063 σθαι
274 2017 369 2064 τῶν
407 2018 490 2063 τοῦ
530 2016 654 2063 Θεοῦ
694 2010 882 2063 τέκνων·
942 2019 969 2040 “
993 2010 1108 2064 Υἱὸς
1146 2009 1239 2076 γὰρ
1277 2007 1578 2075 πρωτότοκός
1618 2031 1709 2071 μου

116 2101 145 2125 “
169 2094 413 2162 Ἰσραὴλ,”
443 2095 572 2164 φησί
598 2118 691 2146 που
721 2093 841 2161 πρὸς
869 2093 1085 2145 Μωυσέα
1113 2092 1250 2155 Θεὸς,
1277 2091 1331 2143 ὃν
1357 2090 1414 2155 δὴ
1442 2095 1516 2142 καὶ
1540 2092 1601 2144 ὡς
1629 2090 1708 2141 ἕνα

117 2179 193 2228 καὶ
234 2177 469 2246 ἐξαίρετον
507 2177 656 2246 ἑαυτῷ
699 2175 848 2228 πάλιν
891 2178 1135 2238 ἀνατιθεὶς,
1175 2175 1292 2226 ’ίδιον
1337 2172 1544 2240 ὠνόμαζε
1589 2171 1709 2223 λαόν

50 2270 98 2308 25
121 2266 147 2289 “
171 2259 555 2328 Ἐξαπόστειλον
579 2257 662 2311 τὸν
688 2257 809 2310 λαόν
834 2259 965 2323 μου,”
994 2255 1113 2325 πρὸς
1140 2257 1317 2323 Φαραὼ
1352 2256 1436 2307 τὸν
1463 2255 1708 2321 Αἰγύπτου

119 2340 346 2408 τύραννον
389 2341 545 2394 εἰπών.
611 2341 800 2392 δεικνύει
843 2340 994 2406 γεμὴν
1041 2341 1166 2393 ἰδίως
1210 2338 1444 2403 ἀνήκοντα
1488 2341 1554 2407 τῷ
1599 2340 1708 2406 Θεῷ

121 2446 204 2475 τον
241 2422 459 2490 Ἰσραὴλ,
497 2425 574 2474 καὶ
618 2424 668 2474 ἐκ
708 2426 1017 2474 Μωυσαὶκῶν
1060 2422 1266 2483 βιβλίων
1313 2420 1459 2518 λόγος
1507 2418 1703 2483 ἀληθής.

1770 2021 1875 2052 Exod.
1889 2022 1930 2051 iv.

1773 2074 1824 2096 22.

1771 2260 1820 2289 Ib.
1835 2260 1902 2290 viii.

1774 2312 1785 2332 1
1794 2327 1801 2333 .

124 2512 151 2535 ‘⁶
168 2503 289 2555 Οτε
314 2528 421 2571 γαρ,
449 2507 586 2573 φησι,
613 2504 904 2572 διεμεριζεν
885 2528 911 2555 ο
937 2503 1188 2573 Υψιστος
1213 2503 1338 2566 ε’θνη,
1364 2504 1426 2555 ὡς
1451 2499 1707 2565 διεσπείρεν
1726 2512 1752 2552 b
1770 2511 1872 2542 Deut

123 2585 299 2641 “υἱοὺς
329 2586 552 2650 Ἀδὰμ,’
535 2609 740 2652 εστησεν
774 2609 880 2653 ορια
918 2588 1063 2637 ἐθνῶν
1100 2584 1220 2637 κατὰ
1258 2582 1457 2651 ἀριθμὸν
1491 2580 1708 2648 ἀγγελων

176 2811 206 2834 Ι.
232 2799 362 2834 δικαίαν
379 2799 422 2834 Β.
427 2799 472 2834 D.
477 2800 519 2834 E.
536 2801 668 2838 δικαίως
687 2801 753 2836 Ed.
897 2812 930 2847 3.
956 2800 1041 2847 οἲ]“
1025 2816 1043 2834 ο
1063 2800 1105 2835 Β.
1256 2810 1309 2834 11.
1336 2797 1554 2844 φαυλότητα]
1575 2798 1710 2842 φηληυ·

125 2848 256 2889 τώτητιι
275 2846 328 2891 (=
352 2847 585 2891 φιλαυτότητα
605 2848 674 2882 B.‘
679 2848 878 2894 ‘nequitie
871 2849 1029 2883 mcursu'
1034 2846 1237 2891 'Georgius
1255 2846 1401 2890 'lrapez.
1534 2855 1586 2889 17.
1610 2859 1650 2889 γε
1670 2843 1711 2877 Β.

128 2939 172 2974 Β
177 2940 223 2974 D
230 2939 270 2973 E
290 2938 357 2974 Ed
375 2894 531 2983 m2g³··1-gv
547 2908 614 2975 Ιὲιᾶ
618 2894 678 2940 ὡς]
698 2896 832 2976 &wulzis
850 2895 892 2929 B.
1061 2893 1116 2928 26.
1141 2892 1263 2961 γεμηνᾎ
1283 2893 1344 2936 μὲν
1363 2892 1402 2925 Β.
1573 2902 1628 2935 27.
1654 2891 1714 2923 τὸν

859 2942 950 2987 φησὶ
967 2953 1037 2976 orn.
1058 2941 1100 2975 B.
1166 2940 1261 2985 ἔθνη]
1286 2944 1321 2980 -1-
1345 2954 1398 2972 και
1417 2939 1459 2973 Ε.
1511 2938 1638 2973 Statim
1656 2937 1714 2972 οἷς

130 2986 292 3030 B.(V11.
312 2986 377 3020 XI.
397 2986 520 3031 XIII.)
539 2987 582 3021 cf.
600 2988 636 3022 in
655 2988 715 3023 Es
736 2988 802 3034 236
821 2988 855 3022 d.

891 3056 908 3080 S
935 3055 956 3084 2

1770 2556 1875 2585 XXXII.

1770 2600 1846 2640 8,9
