2084 3317
116 996 220 1027 Deut.

116 1040 205 1070 xviii.
221 1049 270 1081 19.

345 153 427 192 394
749 154 798 194 B.
832 155 1104 195 CYRILLI
1148 156 1525 196 ALEXANDR.
1809 165 1935 205 V·47·

347 268 374 290 σε
417 262 426 276 ’
536 261 546 277 '
699 263 707 276 ¹
903 264 913 279 Ι
1083 266 1093 280 ³
1138 263 1150 280 x
1240 264 1251 281 x
1342 264 1355 282 t
1469 266 1479 279 ‹
1522 269 1541 278 Α
1570 263 1596 279 υ
1694 264 1703 278 9
1787 263 1796 278 5

400 283 609 327 αρχαιοις
636 265 711 312 Ου
750 283 1029 331 μοιχευσεις·
1071 287 1164 329 εγω
1204 268 1252 315 δε
1291 274 1417 328 λεγω
1457 288 1564 326 υμιν
1632 267 1736 314 Ουκ
1775 266 1932 313 επιθυ-

342 340 524 406 μήσεις.
576 344 836 411 ἐκλήψεται
868 345 915 396 δὲ
947 345 1094 396 πάλιν
1122 345 1380 408 ὁμοίωςτό
1402 347 1488 400 Ὡς
1523 344 1612 409 ἐμὲ,
1640 342 1935 412 χειραγωγὸν

343 425 485 474 οἱονεί
518 447 621 475 τινα
660 428 736 475 καὶ
776 426 1128 492 καθηγούμενον
1161 428 1329 493 λέγων,
1356 431 1419 480 εἷς
1454 426 1508 478 τὸ
1544 426 1774 478 δύνασθαι
1815 430 1935 477 νοεῖν

342 504 401 554 τὰ
427 508 475 555 ἐν
502 506 697 569 θελήσει
726 506 916 573 Πατρὸς
943 510 1018 558 καὶ
1045 510 1099 559 δι’
1128 506 1194 558 ὧν
1220 507 1278 560 ἂν
1308 509 1489 575 γε’νοιτο
1515 512 1597 572 τῆς
1623 512 1684 562 εἷς
1711 505 1935 574 οὐρανοὺς

341 588 591 645 βασιλείας
629 589 657 652 ἡ
701 588 807 642 ὁδὸς
848 589 1134 653 ἱππήλατος·
1178 589 1342 657 ὥσπερ
1387 592 1468 642 οὖν
1512 589 1676 654 ἀμέλει
1720 591 1796 640 καὶ
1839 593 1975 642 τοῖςὸ

341 669 656 736 ἀρχαιοτέροις
691 671 716 720 ὁ
751 670 978 737 μακάριος
1007 674 1225 736 Μωυσῆς
1264 676 1347 736 τῆς
1387 672 1462 723 διὰ
1502 672 1647 736 νόμου
1684 674 1928 735 παιδαγω-

340 751 446 816 γίας
486 751 777 806 διδάσκαλος
815 754 1104 821 ἀνεφαίνετο,
1143 757 1363 821 πανταχῆ
1405 760 1501 808 τοῖς
1547 755 1676 807 ἰδίοις
1720 753 1935 806 ἐπιτιθεὶς

294 841 321 882 b
340 832 504 898 λόγοις
530 834 585 884 τό
612 841 640 863 “
658 833 764 885 Ἵνα
783 834 940 887 πολὺν
960 834 1107 903 ζήσῃς
1134 834 1324 903 χρόνον,
1343 838 1419 888 καὶ
1440 835 1610 905 εἰσάξῃ
1631 858 1688 886 σε
1711 833 1886 899 Κύριος
1909 834 1934 884 ὁ

339 922 367 946 “
395 915 516 969 Θεός
542 938 634 967 σου
661 920 724 970 εἷς
750 916 836 981 τὴν
862 920 951 983 γῆν
971 915 1029 981 ἣν
1048 916 1207 981 ὤμοσε
1233 923 1329 971 τοῖς
1353 917 1567 985 πατράσι
1593 918 1731 969 σου.”
1779 914 1935 979 ἐπειδὴ

341 996 389 1048 δὲ
440 1003 537 1052 τοῖς
589 999 844 1065 εἰρημένοις
893 999 1117 1066 ἐπήνεγκε
1165 1008 1191 1030 “
1214 1003 1309 1051 Καὶ
1360 1000 1609 1067 ἄνθρωπος
1660 998 1709 1053 ὃς
1761 997 1819 1049 ἂν
1868 995 1934 1061 μὴ

341 1086 369 1108 “
395 1080 578 1149 ἀκούσῃ
611 1081 704 1132 ὅσα
736 1079 794 1132 ἂν
820 1081 1020 1150 λαλήσῃ
1057 1084 1081 1133 ὁ
1114 1081 1364 1151 προφήτης
1399 1085 1568 1136 ἐκεῖνος
1606 1083 1680 1133 ἐπὶ
1719 1085 1785 1150 τῷ
1823 1079 1929 1131 ὀνό-

340 1170 367 1192 “
392 1164 510 1225 ματί
531 1186 635 1225 μου,
661 1163 753 1230 ἐγώ
781 1162 1012 1228 ἐκδικήσω
1045 1165 1102 1233 ἐξ
1130 1165 1314 1226 αὑτοῦ,”
1344 1164 1680 1227 ἀμαθαίνοντες
1704 1162 1935 1223 Ἰουδαῖοι,

338 1246 412 1294 καὶ
464 1243 584 1311 πρὸς
635 1244 846 1312 ἐσχάτην
893 1245 1150 1309 δυσηκοΐαν
1193 1246 1276 1296 τὸν
1320 1250 1486 1297 οἰκεῖον
1531 1244 1935 1312 ἀποτραχύνοντες

337 1331 460 1388 νοῦν,
507 1325 801 1391 αὐτόκλητον
845 1327 933 1391 ἤδη
979 1327 1295 1388 βλεπέτωσαν
1340 1333 1439 1382 ταῖς
1485 1329 1660 1378 ἑαυτῶν
1704 1331 1935 1395 κεφαλαῖς

337 1409 679 1462 ἐπαντλοῦντες
721 1407 804 1460 τὸν
846 1408 1061 1476 ὄλεθρον·
1110 1409 1301 1460 ἔσονται
1343 1408 1436 1476 γὰρ
1477 1408 1566 1461 ὑπὸ
1608 1410 1735 1460 θείαν
1773 1408 1933 1475 ὀργὴν,

299 1490 525 1559 οόψώνια
572 1494 655 1554 τῆς
699 1494 762 1545 εἷς
804 1490 1022 1556 Χριστὸν
1068 1492 1311 1557 παροινίας
1355 1490 1410 1543 τὸ
1454 1493 1502 1543 ἐν
1544 1491 1794 1561 ὁλοκλήρῳ
1839 1496 1935 1543 τῶν

338 1575 533 1638 ἀγαθῶν
575 1572 715 1643 ζημίᾳ
761 1574 983 1639 γενέσθαι
1038 1573 1378 1637 λαμβάνοντες·
1433 1578 1491 1625 Εἰ
1540 1574 1635 1640 γὰρ
1685 1574 1934 1625 ἐπίστευον

339 1659 556 1718 Μωυσεῖ,
584 1656 832 1707 ἐπίστευον
865 1654 923 1706 ἂν
958 1660 1024 1726 τῷ
1051 1660 1269 1725 Χριστῷ·
1311 1659 1418 1723 περὶ
1455 1655 1549 1723 γὰρ
1586 1657 1728 1708 αὐτοῦ
1766 1654 1935 1710 ἐκεῖνος

337 1738 563 1806 ἔγραψεν.

271 1888 316 1926 47
377 1874 422 1917 Εἰ
460 1876 506 1917 δὲ
545 1873 633 1917 τοῖς
670 1876 836 1917 ἐκείνου
880 1879 1120 1933 Γράμμαοιν
1159 1879 1206 1918 οὐ
1252 1880 1487 1929 Πιστεύετε,
1524 1879 1617 1919 Πώε
1656 1875 1743 1920 τοῖς
1780 1875 1900 1926 ἐμοῖς

921 1961 1077 2016 ῥήμασι
1115 1963 1364 2014 Πιστεύετε;

415 2067 620 2131 Πολλὴν
647 2067 704 2117 ἄν
731 2090 796 2137 τῳ
834 2067 968 2136 δόξαι
1004 2071 1077 2119 καὶ
1115 2071 1225 2119 λίαν
1250 2069 1436 2122 εἰκότως
1471 2071 1495 2119 ὁ
1527 2069 1673 2135 λόγος
1700 2070 1820 2137 ἔχειν
1846 2071 1933 2130 τὴν

338 2148 592 2217 ἀσάφειαν.
636 2150 878 2216 οἰχήσεται
904 2150 999 2216 γὰρ
1026 2153 1100 2200 καὶ
1128 2152 1210 2201 οὐκ
1237 2150 1331 2202 ἀπὸ
1358 2157 1544 2202 σκοποῦ
1569 2151 1688 2217 πρὸς
1715 2153 1934 2206 ὑπονοίας

337 2231 420 2281 οὐκ
455 2233 660 2296 ἀληθεῖς,
689 2233 991 2297 ὑπερκεῖσθαι
1024 2231 1107 2286 τὰς
1136 2233 1383 2286 Μωυσέως
1414 2234 1702 2303 συγγραφὰς
1730 2239 1825 2285 τῶν
1849 2241 1933 2285 τοῦ

339 2315 561 2379 Σωτῆρος
587 2312 812 2380 ῥημάτων
835 2315 1107 2375 ὑπολαβών·
1148 2314 1242 2382 ἔχει
1267 2314 1360 2381 γάρ
1379 2338 1484 2366 τινα
1509 2322 1719 2367 τοιοῦτον
1738 2319 1763 2368 ὁ
1788 2316 1934 2382 λόγος

293 2401 320 2440 d
340 2393 420 2444 τὸν
453 2394 810 2462 σχηματισμὸν,
839 2398 913 2446 καὶ
953 2396 1071 2447 ὅσον
1106 2397 1238 2447 ἔστιν
1272 2399 1354 2448 οὐκ
1392 2398 1449 2466 ἐξ
1485 2400 1706 2461 ἀκριβοῦς
1740 2399 1934 2464 θεωρίας

338 2475 535 2530 ἑλόντας
575 2481 731 2540 εἰπεῖν,
767 2478 1150 2546 ἀξιολογωτέραν
1190 2484 1285 2529 τῶν
1323 2485 1406 2530 τοῦ
1447 2483 1667 2546 Σωτῆρος
1710 2480 1935 2547 ῥημάτων

337 2562 433 2610 τοῖς
482 2563 791 2613 Μωυσαϊκοῖς
842 2558 1223 2626 συγγράμμασιν
1268 2561 1493 2627 ἐκπορίζει
1538 2562 1625 2626 τὴν
1671 2561 1930 2631 ὑπόληψιν.

338 2639 413 2690 διὰ
439 2639 530 2706 γὰρ
558 2647 641 2692 τοῦ
668 2641 824 2707 λέγειν
853 2648 902 2693 Εἰ
931 2641 976 2693 δὲ
1003 2646 1089 2697 τοῖς
1119 2645 1273 2694 ἐκείνου
1305 2644 1575 2713 γράμμασιν
1611 2649 1654 2696 οὐ
1690 2649 1931 2704 πιστεύετε,

386 2820 416 2843 2.
443 2810 479 2843 δὲ
497 2822 568 2845 om.
590 2811 630 2845 B.
846 2822 880 2856 5.
902 2812 920 2856 ἡ
945 2813 1039 2860 ὁδὸς]
1061 2814 1180 2849 ἄνοδος
1201 2813 1242 2847 Β.
1458 2817 1491 2850 8.
1517 2818 1634 2861 λόγοις
1655 2815 1696 2850 Β.
1715 2816 1846 2861 λογίοις
1866 2815 1931 2849 Ed.

341 2866 394 2907 143
421 2857 644 2903 αὐτόκλητον]
665 2859 870 2894 αὐτόλεκτον
889 2860 930 2894 Β.
997 2862 1115 2895 ἑαυτὸν
1135 2861 1179 2894 D.
1375 2863 1428 2897 18.
1457 2865 1566 2906 Μωσῇ
1588 2862 1654 2897 Ed.
1673 2863 1805 2897 correxi
1824 2874 1864 2896 ex
1887 2862 1931 2896 D.

338 2913 398 2946 qul
416 2905 537 2938 Μωσεῖ
554 2904 706 2940 exhibet.
915 2917 955 2940 21
967 2934 975 2942 .
998 2907 1176 2942 πιστεύετε
1197 2908 1238 2942 Β.
1255 2909 1461 2943 πιστεύσετε
1481 2909 1547 2943 Ed.
1756 2919 1811 2943 22.
1835 2909 1931 2952 δόξαι

338 2956 560 2994 assumptum
579 2963 619 2985 ex
637 2952 728 2986 BD.
748 2954 826 2987 λίαν
843 2954 895 2987 καὶ
915 2955 1010 2999 δόξαι
1030 2955 1167 2988 inverso
1186 2955 1307 2988 ordine
1325 2954 1364 2988 B.
1431 2957 1502 3000 ἕχει
1523 2956 1563 2990 Β.

1957 1019 2004 1044 10

1955 1889 2004 1914 20
