<?xml version="1.0" encoding="UTF-8"?>
<!DOCTYPE html PUBLIC "-//W3C//DTD XHTML 1.0 Transitional//EN"
    "http://www.w3.org/TR/xhtml1/DTD/xhtml1-transitional.dtd">
<html xmlns="http://www.w3.org/1999/xhtml" xml:lang="en" lang="en">
 <head>
  <title>
</title>
<meta http-equiv="Content-Type" content="text/html;charset=utf-8" />
  <meta name='ocr-system' content='tesseract 3.04.00' />
  <meta name='ocr-capabilities' content='ocr_page ocr_carea ocr_par ocr_line ocrx_word'/>
</head>
<body>
  <div class='ocr_page' id='page_1' title='image "./operacyrilli03cyriuoft_0501.png"; bbox 0 0 2084 3317; ppageno 0'>
   <div class='ocr_carea' id='block_1_1' title="bbox 101 165 1685 226">
    <p class='ocr_par' dir='ltr' id='par_1_1' title="bbox 101 165 1685 226">
     <span class='ocr_line' id='line_1_1' title="bbox 101 165 1685 226; baseline -0.006 -15"><span class='ocrx_word' id='word_1_1' title='bbox 101 172 155 214; x_wconf 89' lang='lat' dir='ltr'>vi.</span> <span class='ocrx_word' id='word_1_2' title='bbox 177 183 240 226; x_wconf 86' lang='lat'>15.</span> <span class='ocrx_word' id='word_1_3' title='bbox 312 173 384 212; x_wconf 94' lang='lat' dir='ltr'>IN</span> <span class='ocrx_word' id='word_1_4' title='bbox 426 172 468 212; x_wconf 88' lang='lat' dir='ltr'>S.</span> <span class='ocrx_word' id='word_1_5' title='bbox 504 170 840 212; x_wconf 84' lang='lat' dir='ltr'><strong>JOANNEM.</strong></span> <span class='ocrx_word' id='word_1_6' title='bbox 904 169 1029 209; x_wconf 88' lang='lat' dir='ltr'><strong>LIB.</strong></span> <span class='ocrx_word' id='word_1_7' title='bbox 1063 168 1148 208; x_wconf 91' lang='grc' dir='ltr'>ΙΙΙ.</span> <span class='ocrx_word' id='word_1_8' title='bbox 1212 167 1347 207; x_wconf 90' lang='lat' dir='ltr'>CAP.</span> <span class='ocrx_word' id='word_1_9' title='bbox 1382 166 1459 205; x_wconf 90' lang='lat' dir='ltr'>IV.</span> <span class='ocrx_word' id='word_1_10' title='bbox 1604 165 1685 203; x_wconf 72' lang='lat'>425</span> 
     </span>
    </p>
   </div>
   <div class='ocr_carea' id='block_1_2' title="bbox 37 273 1734 1495">
    <p class='ocr_par' dir='ltr' id='par_1_2' title="bbox 37 273 1734 1495">
     <span class='ocr_line' id='line_1_2' title="bbox 100 273 1688 347; baseline -0.006 -14"><span class='ocrx_word' id='word_1_11' title='bbox 100 282 234 333; x_wconf 73' lang='grc' dir='ltr'>πε’ντε</span> <span class='ocrx_word' id='word_1_12' title='bbox 282 282 437 347; x_wconf 76' lang='grc' dir='ltr'>ἄρτων</span> <span class='ocrx_word' id='word_1_13' title='bbox 482 285 558 332; x_wconf 82' lang='grc' dir='ltr'>καὶ</span> <span class='ocrx_word' id='word_1_14' title='bbox 602 286 702 332; x_wconf 83' lang='grc' dir='ltr'>τοῖν</span> <span class='ocrx_word' id='word_1_15' title='bbox 748 284 875 331; x_wconf 83' lang='grc' dir='ltr'>δυοῖν</span> <span class='ocrx_word' id='word_1_16' title='bbox 919 279 1153 347; x_wconf 79' lang='grc' dir='ltr'>ὀψαρίοιν·</span> <span class='ocrx_word' id='word_1_17' title='bbox 1213 277 1285 345; x_wconf 82' lang='grc' dir='ltr'>ἐφ’</span> <span class='ocrx_word' id='word_1_18' title='bbox 1334 273 1370 344; x_wconf 76' lang='grc' dir='ltr'><em>ᾧ</em></span> <span class='ocrx_word' id='word_1_19' title='bbox 1416 274 1472 337; x_wconf 85' lang='grc' dir='ltr'>δὴ</span> <span class='ocrx_word' id='word_1_20' title='bbox 1521 277 1688 339; x_wconf 76' lang='grc' dir='ltr'>χρῆναι</span> 
     </span>
     <span class='ocr_line' id='line_1_3' title="bbox 101 357 1689 430; baseline -0.007 -15"><span class='ocrx_word' id='word_1_21' title='bbox 101 368 311 415; x_wconf 84' lang='grc' dir='ltr'>νοεῖσθαι</span> <span class='ocrx_word' id='word_1_22' title='bbox 347 363 650 430; x_wconf 75' lang='grc' dir='ltr'>διωριζόμεθα</span> <span class='ocrx_word' id='word_1_23' title='bbox 684 367 779 413; x_wconf 92' lang='grc' dir='ltr'>τῶν</span> <span class='ocrx_word' id='word_1_24' title='bbox 809 362 958 428; x_wconf 82' lang='grc' dir='ltr'>ἁγίων</span> <span class='ocrx_word' id='word_1_25' title='bbox 992 357 1352 426; x_wconf 85' lang='grc' dir='ltr'>συγγράμματα</span> <span class='ocrx_word' id='word_1_26' title='bbox 1386 360 1606 408; x_wconf 91' lang='grc' dir='ltr'>παλαιῶν</span> <span class='ocrx_word' id='word_1_27' title='bbox 1639 378 1689 405; x_wconf 89' lang='grc' dir='ltr'>τε</span> 
     </span>
     <span class='ocr_line' id='line_1_4' title="bbox 101 439 1733 509; baseline -0.006 -14"><span class='ocrx_word' id='word_1_28' title='bbox 101 447 177 495; x_wconf 83' lang='grc' dir='ltr'>καὶ</span> <span class='ocrx_word' id='word_1_29' title='bbox 216 444 331 495; x_wconf 79' lang='grc' dir='ltr'>νέων</span> <span class='ocrx_word' id='word_1_30' title='bbox 365 442 452 509; x_wconf 87' lang='grc' dir='ltr'>τὴν</span> <span class='ocrx_word' id='word_1_31' title='bbox 485 444 561 496; x_wconf 80' lang='grc' dir='ltr'>διὰ</span> <span class='ocrx_word' id='word_1_32' title='bbox 594 449 689 496; x_wconf 90' lang='grc' dir='ltr'>τῶν</span> <span class='ocrx_word' id='word_1_33' title='bbox 714 442 1004 496; x_wconf 82' lang='grc' dir='ltr'>ἀποστόλων</span> <span class='ocrx_word' id='word_1_34' title='bbox 1035 440 1300 508; x_wconf 82' lang='grc' dir='ltr'>παράθεσιν</span> <span class='ocrx_word' id='word_1_35' title='bbox 1331 443 1427 492; x_wconf 89' lang='grc' dir='ltr'>τοῖς</span> <span class='ocrx_word' id='word_1_36' title='bbox 1463 439 1689 503; x_wconf 81' lang='grc' dir='ltr'>ἀγαπῶσι</span> <span class='ocrx_word' id='word_1_37' title='bbox 1708 447 1733 486; x_wconf 86' lang='lat' dir='ltr'><strong>d</strong></span> 
     </span>
     <span class='ocr_line' id='line_1_5' title="bbox 101 519 1691 594; baseline -0.005 -17"><span class='ocrx_word' id='word_1_38' title='bbox 101 526 332 593; x_wconf 86' lang='grc' dir='ltr'>Χριστόν.</span> <span class='ocrx_word' id='word_1_39' title='bbox 372 526 491 594; x_wconf 83' lang='grc' dir='ltr'>πρὸς</span> <span class='ocrx_word' id='word_1_40' title='bbox 518 526 566 577; x_wconf 80' lang='grc' dir='ltr'>δὲ</span> <span class='ocrx_word' id='word_1_41' title='bbox 592 526 786 588; x_wconf 78' lang='grc' dir='ltr'>τούτοις,</span> <span class='ocrx_word' id='word_1_42' title='bbox 807 524 878 577; x_wconf 76' lang='grc' dir='ltr'>ὅτι</span> <span class='ocrx_word' id='word_1_43' title='bbox 904 526 979 576; x_wconf 81' lang='grc' dir='ltr'>καὶ</span> <span class='ocrx_word' id='word_1_44' title='bbox 1004 523 1087 576; x_wconf 80' lang='grc' dir='ltr'>τὸν</span> <span class='ocrx_word' id='word_1_45' title='bbox 1113 526 1196 587; x_wconf 83' lang='grc' dir='ltr'>τῆς</span> <span class='ocrx_word' id='word_1_46' title='bbox 1223 525 1285 575; x_wconf 80' lang='grc' dir='ltr'>εἷς</span> <span class='ocrx_word' id='word_1_47' title='bbox 1311 522 1431 585; x_wconf 83' lang='grc' dir='ltr'>ἡμᾶς</span> <span class='ocrx_word' id='word_1_48' title='bbox 1458 519 1691 573; x_wconf 78' lang='grc' dir='ltr'>διακονίας</span> 
     </span>
     <span class='ocr_line' id='line_1_6' title="bbox 59 601 1691 676; baseline -0.006 -13"><span class='ocrx_word' id='word_1_49' title='bbox 59 626 80 663; x_wconf 92' lang='grc'>5</span> <span class='ocrx_word' id='word_1_50' title='bbox 102 608 285 676; x_wconf 80' lang='grc' dir='ltr'>καρπὸν</span> <span class='ocrx_word' id='word_1_51' title='bbox 309 609 546 661; x_wconf 89' lang='grc' dir='ltr'>πλούσιον</span> <span class='ocrx_word' id='word_1_52' title='bbox 566 613 790 672; x_wconf 84' lang='grc' dir='ltr'>κομιεῖται</span> <span class='ocrx_word' id='word_1_53' title='bbox 817 606 948 674; x_wconf 79' lang='grc' dir='ltr'>παρὰ</span> <span class='ocrx_word' id='word_1_54' title='bbox 974 611 1100 658; x_wconf 93' lang='grc' dir='ltr'>Θεοῦ</span> <span class='ocrx_word' id='word_1_55' title='bbox 1122 609 1217 656; x_wconf 91' lang='grc' dir='ltr'>τῶν</span> <span class='ocrx_word' id='word_1_56' title='bbox 1236 607 1461 669; x_wconf 81' lang='grc' dir='ltr'>μαθητῶν</span> <span class='ocrx_word' id='word_1_57' title='bbox 1485 603 1509 652; x_wconf 84' lang='grc' dir='ltr'>ὁ</span> <span class='ocrx_word' id='word_1_58' title='bbox 1536 601 1691 669; x_wconf 80' lang='grc' dir='ltr'>χορὸς,</span> 
     </span>
     <span class='ocr_line' id='line_1_7' title="bbox 103 686 1686 755; baseline -0.004 -15"><span class='ocrx_word' id='word_1_59' title='bbox 103 692 178 741; x_wconf 85' lang='grc' dir='ltr'>καὶ</span> <span class='ocrx_word' id='word_1_60' title='bbox 213 690 310 754; x_wconf 89' lang='grc' dir='ltr'>μετ’</span> <span class='ocrx_word' id='word_1_61' title='bbox 340 691 550 753; x_wconf 81' lang='grc' dir='ltr'>ἐκείνους,</span> <span class='ocrx_word' id='word_1_62' title='bbox 577 694 619 741; x_wconf 80' lang='grc' dir='ltr'>οἱ</span> <span class='ocrx_word' id='word_1_63' title='bbox 643 695 738 741; x_wconf 92' lang='grc' dir='ltr'>τῶν</span> <span class='ocrx_word' id='word_1_64' title='bbox 764 690 911 755; x_wconf 84' lang='grc' dir='ltr'>ἁγίων</span> <span class='ocrx_word' id='word_1_65' title='bbox 933 694 1016 740; x_wconf 87' lang='grc' dir='ltr'>τοῦ</span> <span class='ocrx_word' id='word_1_66' title='bbox 1043 692 1168 739; x_wconf 88' lang='grc' dir='ltr'>Θεοῦ</span> <span class='ocrx_word' id='word_1_67' title='bbox 1194 689 1489 753; x_wconf 91' lang='grc' dir='ltr'>προεστῶτες</span> <span class='ocrx_word' id='word_1_68' title='bbox 1517 686 1686 746; x_wconf 89' lang='grc' dir='ltr'>ε’κκλη-</span> 
     </span>
     <span class='ocr_line' id='line_1_8' title="bbox 103 763 1694 839; baseline -0.004 -17"><span class='ocrx_word' id='word_1_69' title='bbox 103 776 239 822; x_wconf 91' lang='grc' dir='ltr'>σιῶν·</span> <span class='ocrx_word' id='word_1_70' title='bbox 282 773 356 823; x_wconf 81' lang='grc' dir='ltr'>ἐπὶ</span> <span class='ocrx_word' id='word_1_71' title='bbox 382 772 476 839; x_wconf 81' lang='grc' dir='ltr'>γὰρ</span> <span class='ocrx_word' id='word_1_72' title='bbox 507 770 689 826; x_wconf 84' lang='grc' dir='ltr'>πάντας</span> <span class='ocrx_word' id='word_1_73' title='bbox 724 774 771 822; x_wconf 89' lang='grc' dir='ltr'>ἐν</span> <span class='ocrx_word' id='word_1_74' title='bbox 798 772 984 824; x_wconf 83' lang='grc' dir='ltr'>ἐκείνοις</span> <span class='ocrx_word' id='word_1_75' title='bbox 1012 772 1036 821; x_wconf 84' lang='grc' dir='ltr'>ὁ</span> <span class='ocrx_word' id='word_1_76' title='bbox 1072 769 1218 823; x_wconf 82' lang='grc' dir='ltr'>τύπος</span> <span class='ocrx_word' id='word_1_77' title='bbox 1252 767 1310 833; x_wconf 81' lang='grc' dir='ltr'>ἧν</span> <span class='ocrx_word' id='word_1_78' title='bbox 1336 770 1384 818; x_wconf 87' lang='grc' dir='ltr'>ἐν</span> <span class='ocrx_word' id='word_1_79' title='bbox 1410 770 1551 834; x_wconf 80' lang='grc' dir='ltr'>ἀρχῇ.</span> <span class='ocrx_word' id='word_1_80' title='bbox 1595 763 1694 817; x_wconf 76' lang='grc' dir='ltr'>εἶτα</span> 
     </span>
     <span class='ocr_line' id='line_1_9' title="bbox 104 847 1694 921; baseline -0.004 -17"><span class='ocrx_word' id='word_1_81' title='bbox 104 852 423 919; x_wconf 74' lang='grc' dir='ltr'>θαυμάζουσιν</span> <span class='ocrx_word' id='word_1_82' title='bbox 456 858 496 905; x_wconf 78' lang='grc' dir='ltr'>οἱ</span> <span class='ocrx_word' id='word_1_83' title='bbox 533 856 699 921; x_wconf 83' lang='grc' dir='ltr'>θεωροὶ</span> <span class='ocrx_word' id='word_1_84' title='bbox 733 854 788 904; x_wconf 84' lang='grc' dir='ltr'>τὸ</span> <span class='ocrx_word' id='word_1_85' title='bbox 823 858 1021 917; x_wconf 89' lang='grc' dir='ltr'>σημεῖον</span> <span class='ocrx_word' id='word_1_86' title='bbox 1047 854 1122 902; x_wconf 85' lang='grc' dir='ltr'>καὶ</span> <span class='ocrx_word' id='word_1_87' title='bbox 1153 851 1366 921; x_wconf 65' lang='grc' dir='ltr'>ἁρπάζειν</span> <span class='ocrx_word' id='word_1_88' title='bbox 1393 854 1454 903; x_wconf 81' lang='grc' dir='ltr'>εἰς</span> <span class='ocrx_word' id='word_1_89' title='bbox 1487 847 1694 907; x_wconf 67' lang='grc' dir='ltr'>βασιλέα</span> 
     </span>
     <span class='ocr_line' id='line_1_10' title="bbox 103 933 1693 1000; baseline -0.002 -14"><span class='ocrx_word' id='word_1_90' title='bbox 103 936 411 996; x_wconf 77' lang='grc' dir='ltr'>βουλεύονται</span> <span class='ocrx_word' id='word_1_91' title='bbox 454 935 537 987; x_wconf 81' lang='grc' dir='ltr'>τὸν</span> <span class='ocrx_word' id='word_1_92' title='bbox 575 938 756 995; x_wconf 71' lang='grc' dir='ltr'>Ἰησοῦν.</span> <span class='ocrx_word' id='word_1_93' title='bbox 823 934 848 986; x_wconf 71' lang='grc' dir='ltr'>ἲ)</span> <span class='ocrx_word' id='word_1_94' title='bbox 888 935 943 998; x_wconf 86' lang='grc' dir='ltr'>δὴ</span> <span class='ocrx_word' id='word_1_95' title='bbox 983 936 1058 985; x_wconf 82' lang='grc' dir='ltr'>καὶ</span> <span class='ocrx_word' id='word_1_96' title='bbox 1098 935 1269 995; x_wconf 75' lang='grc' dir='ltr'>συνεὶς,</span> <span class='ocrx_word' id='word_1_97' title='bbox 1308 936 1534 1000; x_wconf 70' lang='grc' dir='ltr'>ἀναχωρεῖ</span> <span class='ocrx_word' id='word_1_98' title='bbox 1566 933 1693 996; x_wconf 72' lang='grc' dir='ltr'>μόνος</span> 
     </span>
     <span class='ocr_line' id='line_1_11' title="bbox 37 1013 1734 1088; baseline -0.004 -20"><span class='ocrx_word' id='word_1_99' title='bbox 37 1040 85 1065; x_wconf 93' lang='lat'>10</span> <span class='ocrx_word' id='word_1_100' title='bbox 106 1022 165 1072; x_wconf 79' lang='grc' dir='ltr'>εἰς</span> <span class='ocrx_word' id='word_1_101' title='bbox 204 1018 251 1069; x_wconf 68' lang='grc' dir='ltr'>τὶ</span> <span class='ocrx_word' id='word_1_102' title='bbox 293 1019 379 1088; x_wconf 69' lang='grc' dir='ltr'>ἔρος</span> <span class='ocrx_word' id='word_1_103' title='bbox 418 1020 479 1072; x_wconf 87' lang='grc' dir='ltr'>ὡς</span> <span class='ocrx_word' id='word_1_104' title='bbox 517 1018 793 1084; x_wconf 81' lang='grc' dir='ltr'>γέγραπται·</span> <span class='ocrx_word' id='word_1_105' title='bbox 845 1016 921 1067; x_wconf 77' lang='grc' dir='ltr'>ὅτε</span> <span class='ocrx_word' id='word_1_106' title='bbox 966 1016 1060 1083; x_wconf 80' lang='grc' dir='ltr'>γὰρ</span> <span class='ocrx_word' id='word_1_107' title='bbox 1102 1014 1232 1081; x_wconf 78' lang='grc' dir='ltr'>παρὰ</span> <span class='ocrx_word' id='word_1_108' title='bbox 1276 1019 1371 1066; x_wconf 89' lang='grc' dir='ltr'>τοῖς</span> <span class='ocrx_word' id='word_1_109' title='bbox 1411 1013 1594 1064; x_wconf 75' lang='grc' dir='ltr'>ἔθνεσιν</span> <span class='ocrx_word' id='word_1_110' title='bbox 1633 1014 1734 1065; x_wconf 72' lang='grc' dir='ltr'>ὡςε</span> 
     </span>
     <span class='ocr_line' id='line_1_12' title="bbox 104 1094 1696 1167; baseline -0.001 -17"><span class='ocrx_word' id='word_1_111' title='bbox 104 1098 434 1167; x_wconf 81' lang='grc' dir='ltr'>μεγαλουργὸς</span> <span class='ocrx_word' id='word_1_112' title='bbox 485 1102 562 1151; x_wconf 80' lang='grc' dir='ltr'>καὶ</span> <span class='ocrx_word' id='word_1_113' title='bbox 613 1099 735 1154; x_wconf 80' lang='grc' dir='ltr'>Θεὸς</span> <span class='ocrx_word' id='word_1_114' title='bbox 787 1099 1064 1163; x_wconf 85' lang='grc' dir='ltr'>ἐθαυμάσθη</span> <span class='ocrx_word' id='word_1_115' title='bbox 1116 1095 1344 1163; x_wconf 79' lang='grc' dir='ltr'>Χριστὸς,</span> <span class='ocrx_word' id='word_1_116' title='bbox 1398 1095 1474 1146; x_wconf 78' lang='grc' dir='ltr'>ὅτε</span> <span class='ocrx_word' id='word_1_117' title='bbox 1525 1094 1696 1149; x_wconf 77' lang='grc' dir='ltr'>πάντες</span> 
     </span>
     <span class='ocr_line' id='line_1_13' title="bbox 106 1177 1697 1252; baseline -0.003 -20"><span class='ocrx_word' id='word_1_118' title='bbox 106 1180 247 1233; x_wconf 82' lang='grc' dir='ltr'>αὐτὸν</span> <span class='ocrx_word' id='word_1_119' title='bbox 272 1182 610 1252; x_wconf 79' lang='grc' dir='ltr'>ἐπεγράψαντο</span> <span class='ocrx_word' id='word_1_120' title='bbox 643 1183 853 1244; x_wconf 75' lang='grc' dir='ltr'>βασιλέα</span> <span class='ocrx_word' id='word_1_121' title='bbox 887 1182 963 1232; x_wconf 77' lang='grc' dir='ltr'>καὶ</span> <span class='ocrx_word' id='word_1_122' title='bbox 997 1180 1168 1248; x_wconf 88' lang='grc' dir='ltr'>κύριον,</span> <span class='ocrx_word' id='word_1_123' title='bbox 1195 1179 1300 1230; x_wconf 92' lang='grc' dir='ltr'>τότε</span> <span class='ocrx_word' id='word_1_124' title='bbox 1337 1180 1411 1229; x_wconf 76' lang='grc' dir='ltr'>καὶ</span> <span class='ocrx_word' id='word_1_125' title='bbox 1448 1177 1697 1245; x_wconf 82' lang='grc' dir='ltr'>ἀνελήφθη</span> 
     </span>
     <span class='ocr_line' id='line_1_14' title="bbox 106 1261 1694 1332; baseline -0.003 -18"><span class='ocrx_word' id='word_1_126' title='bbox 106 1261 247 1326; x_wconf 83' lang='grc' dir='ltr'>μόνος</span> <span class='ocrx_word' id='word_1_127' title='bbox 272 1268 335 1318; x_wconf 83' lang='grc' dir='ltr'>εἷς</span> <span class='ocrx_word' id='word_1_128' title='bbox 360 1263 444 1315; x_wconf 80' lang='grc' dir='ltr'>τὸν</span> <span class='ocrx_word' id='word_1_129' title='bbox 469 1264 681 1331; x_wconf 83' lang='grc' dir='ltr'>οὐρανὸν,</span> <span class='ocrx_word' id='word_1_130' title='bbox 709 1262 895 1318; x_wconf 76' lang='grc' dir='ltr'>οῦδενός</span> <span class='ocrx_word' id='word_1_131' title='bbox 931 1265 1056 1332; x_wconf 73' lang='grc' dir='ltr'>αὐτῷ</span> <span class='ocrx_word' id='word_1_132' title='bbox 1087 1262 1140 1313; x_wconf 83' lang='grc' dir='ltr'>τὸ</span> <span class='ocrx_word' id='word_1_133' title='bbox 1175 1261 1402 1328; x_wconf 87' lang='grc' dir='ltr'>παράπαν</span> <span class='ocrx_word' id='word_1_134' title='bbox 1429 1261 1694 1322; x_wconf 84' lang='grc' dir='ltr'>ἀκολουθή-</span> 
     </span>
     <span class='ocr_line' id='line_1_15' title="bbox 106 1343 1698 1414; baseline -0.001 -18"><span class='ocrx_word' id='word_1_135' title='bbox 106 1366 298 1400; x_wconf 84' lang='grc' dir='ltr'>σαντος·</span> <span class='ocrx_word' id='word_1_136' title='bbox 348 1347 540 1414; x_wconf 81' lang='grc' dir='ltr'>ἀπαρχὴ</span> <span class='ocrx_word' id='word_1_137' title='bbox 566 1347 660 1414; x_wconf 78' lang='grc' dir='ltr'>γὰρ</span> <span class='ocrx_word' id='word_1_138' title='bbox 684 1352 777 1398; x_wconf 92' lang='grc' dir='ltr'>τῶν</span> <span class='ocrx_word' id='word_1_139' title='bbox 802 1351 975 1412; x_wconf 83' lang='grc' dir='ltr'>νεκρῶν</span> <span class='ocrx_word' id='word_1_140' title='bbox 1001 1345 1293 1409; x_wconf 77' lang='grc' dir='ltr'>ἀναβέβηκεν</span> <span class='ocrx_word' id='word_1_141' title='bbox 1318 1343 1442 1396; x_wconf 78' lang='grc' dir='ltr'>ὅλως</span> <span class='ocrx_word' id='word_1_142' title='bbox 1475 1344 1603 1409; x_wconf 72' lang='grc' dir='ltr'>μόνος</span> <span class='ocrx_word' id='word_1_143' title='bbox 1639 1346 1698 1394; x_wconf 75' lang='grc' dir='ltr'>εἰς</span> 
     </span>
     <span class='ocr_line' id='line_1_16' title="bbox 41 1423 1697 1495; baseline -0.004 -15"><span class='ocrx_word' id='word_1_144' title='bbox 41 1448 87 1485; x_wconf 88' lang='lat'>15</span> <span class='ocrx_word' id='word_1_145' title='bbox 108 1427 152 1480; x_wconf 66' lang='grc' dir='ltr'>τὶ</span> <span class='ocrx_word' id='word_1_146' title='bbox 191 1429 278 1495; x_wconf 66' lang='grc' dir='ltr'>ἔρος</span> <span class='ocrx_word' id='word_1_147' title='bbox 311 1428 366 1480; x_wconf 81' lang='grc' dir='ltr'>τὸ</span> <span class='ocrx_word' id='word_1_148' title='bbox 401 1428 526 1494; x_wconf 76' lang='grc' dir='ltr'>μέγα</span> <span class='ocrx_word' id='word_1_149' title='bbox 559 1431 634 1481; x_wconf 71' lang='grc' dir='ltr'>καὶ</span> <span class='ocrx_word' id='word_1_150' title='bbox 671 1428 992 1494; x_wconf 74' lang='grc' dir='ltr'>ἀληθέστερον</span> <span class='ocrx_word' id='word_1_151' title='bbox 1018 1426 1137 1478; x_wconf 80' lang='grc' dir='ltr'>κατὰ</span> <span class='ocrx_word' id='word_1_152' title='bbox 1162 1427 1216 1477; x_wconf 83' lang='grc' dir='ltr'>τὸ</span> <span class='ocrx_word' id='word_1_153' title='bbox 1243 1424 1479 1492; x_wconf 75' lang='grc' dir='ltr'>εἰρημένον</span> <span class='ocrx_word' id='word_1_154' title='bbox 1506 1423 1581 1474; x_wconf 81' lang='grc' dir='ltr'>διὰ</span> <span class='ocrx_word' id='word_1_155' title='bbox 1614 1428 1697 1474; x_wconf 87' lang='grc' dir='ltr'>τοῦ</span> 
     </span>
    </p>
   </div>
   <div class='ocr_carea' id='block_1_3' title="bbox 1760 1504 1920 1534">
    <p class='ocr_par' dir='ltr' id='par_1_3' title="bbox 1760 1504 1920 1534">
     <span class='ocr_line' id='line_1_17' title="bbox 1760 1504 1920 1534; baseline -0.006 0"><span class='ocrx_word' id='word_1_156' title='bbox 1760 1505 1812 1534; x_wconf 69' lang='lat' dir='ltr'>Ps.</span> <span class='ocrx_word' id='word_1_157' title='bbox 1832 1504 1920 1533; x_wconf 65' lang='lat' dir='ltr'><strong>xxiii.</strong></span> 
     </span>
    </p>
   </div>
   <div class='ocr_carea' id='block_1_4' title="bbox 108 1505 1835 1586">
    <p class='ocr_par' dir='ltr' id='par_1_4' title="bbox 108 1505 1835 1586">
     <span class='ocr_line' id='line_1_18' title="bbox 108 1505 1835 1586; baseline -0.001 -25"><span class='ocrx_word' id='word_1_158' title='bbox 108 1513 378 1581; x_wconf 73' lang='grc' dir='ltr'>ψαλμῳδοῦ</span> <span class='ocrx_word' id='word_1_159' title='bbox 406 1519 432 1541; x_wconf 80' lang='grc'><strong>“</strong></span> <span class='ocrx_word' id='word_1_160' title='bbox 452 1513 538 1565; x_wconf 88' lang='grc' dir='ltr'>Τίς</span> <span class='ocrx_word' id='word_1_161' title='bbox 573 1513 866 1576; x_wconf 86' lang='grc' dir='ltr'>ἀναβήσεται</span> <span class='ocrx_word' id='word_1_162' title='bbox 901 1515 963 1564; x_wconf 81' lang='grc' dir='ltr'>εἷς</span> <span class='ocrx_word' id='word_1_163' title='bbox 999 1510 1052 1561; x_wconf 82' lang='grc' dir='ltr'>τὸ</span> <span class='ocrx_word' id='word_1_164' title='bbox 1090 1510 1196 1576; x_wconf 81' lang='grc' dir='ltr'>ὅρος</span> <span class='ocrx_word' id='word_1_165' title='bbox 1234 1513 1317 1559; x_wconf 90' lang='grc' dir='ltr'>τοῦ</span> <span class='ocrx_word' id='word_1_166' title='bbox 1348 1508 1537 1573; x_wconf 83' lang='grc' dir='ltr'>Κυρίου,</span> <span class='ocrx_word' id='word_1_167' title='bbox 1565 1505 1593 1570; x_wconf 76' lang='grc' dir='ltr'>ἦ</span> <span class='ocrx_word' id='word_1_168' title='bbox 1629 1506 1698 1559; x_wconf 89' lang='grc' dir='ltr'>τίς</span> <span class='ocrx_word' id='word_1_169' title='bbox 1765 1558 1789 1584; x_wconf 35' lang='lat'>3,</span> <span class='ocrx_word' id='word_1_170' title='bbox 1807 1558 1835 1586; x_wconf 33' lang='lat'>4·</span> 
     </span>
    </p>
   </div>
   <div class='ocr_carea' id='block_1_5' title="bbox 45 1588 1925 2810">
    <p class='ocr_par' dir='ltr' id='par_1_5' title="bbox 45 1588 1925 2810">
     <span class='ocr_line' id='line_1_19' title="bbox 110 1588 1700 1664; baseline -0.002 -20"><span class='ocrx_word' id='word_1_171' title='bbox 110 1599 137 1622; x_wconf 74' lang='lat'>⁴⁶</span> <span class='ocrx_word' id='word_1_172' title='bbox 163 1592 397 1658; x_wconf 88' lang='grc' dir='ltr'>στήσεται</span> <span class='ocrx_word' id='word_1_173' title='bbox 423 1595 472 1644; x_wconf 81' lang='grc' dir='ltr'>ἐν</span> <span class='ocrx_word' id='word_1_174' title='bbox 498 1595 629 1664; x_wconf 77' lang='grc' dir='ltr'>τόπῳ</span> <span class='ocrx_word' id='word_1_175' title='bbox 662 1595 778 1664; x_wconf 73' lang='grc' dir='ltr'>ἁγίῳ</span> <span class='ocrx_word' id='word_1_176' title='bbox 813 1595 985 1654; x_wconf 77' lang='grc' dir='ltr'>αὐτοῦ’,</span> <span class='ocrx_word' id='word_1_177' title='bbox 1029 1594 1180 1661; x_wconf 74' lang='grc' dir='ltr'>ἀθῷος</span> <span class='ocrx_word' id='word_1_178' title='bbox 1212 1592 1348 1658; x_wconf 76' lang='grc' dir='ltr'>χερσὶ</span> <span class='ocrx_word' id='word_1_179' title='bbox 1386 1591 1459 1640; x_wconf 73' lang='grc' dir='ltr'>καὶ</span> <span class='ocrx_word' id='word_1_180' title='bbox 1496 1588 1700 1654; x_wconf 80' lang='grc' dir='ltr'>καθαρὸς</span> 
     </span>
     <span class='ocr_line' id='line_1_20' title="bbox 110 1672 1700 1744; baseline -0.002 -17"><span class='ocrx_word' id='word_1_181' title='bbox 110 1682 138 1705; x_wconf 82' lang='grc'><strong>“</strong></span> <span class='ocrx_word' id='word_1_182' title='bbox 163 1679 221 1742; x_wconf 87' lang='grc' dir='ltr'>τῇ</span> <span class='ocrx_word' id='word_1_183' title='bbox 248 1677 454 1744; x_wconf 73' lang='grc' dir='ltr'>καρδίᾳ.”</span> <span class='ocrx_word' id='word_1_184' title='bbox 484 1677 799 1741; x_wconf 85' lang='grc' dir='ltr'>ἀκολουθήσει</span> <span class='ocrx_word' id='word_1_185' title='bbox 826 1675 920 1742; x_wconf 78' lang='grc' dir='ltr'>γὰρ</span> <span class='ocrx_word' id='word_1_186' title='bbox 948 1677 972 1726; x_wconf 86' lang='grc' dir='ltr'>ὁ</span> <span class='ocrx_word' id='word_1_187' title='bbox 999 1681 1208 1728; x_wconf 89' lang='grc' dir='ltr'>τοιοῦτος</span> <span class='ocrx_word' id='word_1_188' title='bbox 1234 1676 1300 1742; x_wconf 71' lang='grc' dir='ltr'>τῷ</span> <span class='ocrx_word' id='word_1_189' title='bbox 1319 1675 1520 1740; x_wconf 73' lang='grc' dir='ltr'>Χριστῷ</span> <span class='ocrx_word' id='word_1_190' title='bbox 1546 1672 1621 1721; x_wconf 83' lang='grc' dir='ltr'>καὶ</span> <span class='ocrx_word' id='word_1_191' title='bbox 1642 1676 1700 1724; x_wconf 77' lang='grc' dir='ltr'>εἷς</span> 
     </span>
     <span class='ocr_line' id='line_1_21' title="bbox 112 1756 1698 1826; baseline -0.004 -18"><span class='ocrx_word' id='word_1_192' title='bbox 112 1759 195 1826; x_wconf 70' lang='grc' dir='ltr'>ἔρος</span> <span class='ocrx_word' id='word_1_193' title='bbox 224 1757 279 1808; x_wconf 80' lang='grc' dir='ltr'>τὸ</span> <span class='ocrx_word' id='word_1_194' title='bbox 306 1758 473 1822; x_wconf 83' lang='grc' dir='ltr'>νοητὸν</span> <span class='ocrx_word' id='word_1_195' title='bbox 499 1759 804 1822; x_wconf 83' lang='grc' dir='ltr'>ἀναβήσεται,</span> <span class='ocrx_word' id='word_1_196' title='bbox 833 1757 952 1809; x_wconf 79' lang='grc' dir='ltr'>κατὰ</span> <span class='ocrx_word' id='word_1_197' title='bbox 978 1757 1061 1808; x_wconf 84' lang='grc' dir='ltr'>τὸν</span> <span class='ocrx_word' id='word_1_198' title='bbox 1087 1759 1168 1820; x_wconf 82' lang='grc' dir='ltr'>τῆς</span> <span class='ocrx_word' id='word_1_199' title='bbox 1196 1760 1291 1806; x_wconf 87' lang='grc' dir='ltr'>τῶν</span> <span class='ocrx_word' id='word_1_200' title='bbox 1317 1756 1527 1820; x_wconf 82' lang='grc' dir='ltr'>οὐρανῶν</span> <span class='ocrx_word' id='word_1_201' title='bbox 1553 1759 1698 1813; x_wconf 89' lang='grc' dir='ltr'>βασι-</span> 
     </span>
     <span class='ocr_line' id='line_1_22' title="bbox 45 1835 1701 1909; baseline -0.004 -19"><span class='ocrx_word' id='word_1_202' title='bbox 45 1865 93 1890; x_wconf 90' lang='lat'>20</span> <span class='ocrx_word' id='word_1_203' title='bbox 115 1840 241 1893; x_wconf 89' lang='grc' dir='ltr'>λείας</span> <span class='ocrx_word' id='word_1_204' title='bbox 279 1841 452 1906; x_wconf 89' lang='grc' dir='ltr'>καιρόν·</span> <span class='ocrx_word' id='word_1_205' title='bbox 499 1842 807 1909; x_wconf 64' lang='grc' dir='ltr'>ἀνακεχώρηκε</span> <span class='ocrx_word' id='word_1_206' title='bbox 847 1841 894 1891; x_wconf 77' lang='grc' dir='ltr'>δὲ</span> <span class='ocrx_word' id='word_1_207' title='bbox 935 1845 993 1894; x_wconf 74' lang='grc' dir='ltr'>εἷς</span> <span class='ocrx_word' id='word_1_208' title='bbox 1032 1840 1077 1891; x_wconf 61' lang='grc' dir='ltr'>τὶ</span> <span class='ocrx_word' id='word_1_209' title='bbox 1119 1839 1221 1908; x_wconf 66' lang='grc' dir='ltr'>ἔρος,</span> <span class='ocrx_word' id='word_1_210' title='bbox 1247 1837 1506 1899; x_wconf 77' lang='grc' dir='ltr'>τουτέστιν,</span> <span class='ocrx_word' id='word_1_211' title='bbox 1533 1835 1701 1894; x_wconf 71' lang='grc' dir='ltr'>ἀναβέ-</span> 
     </span>
     <span class='ocr_line' id='line_1_23' title="bbox 112 1918 1925 1990; baseline -0.005 -18"><span class='ocrx_word' id='word_1_212' title='bbox 112 1927 258 1985; x_wconf 91' lang='grc' dir='ltr'>βηκεν</span> <span class='ocrx_word' id='word_1_213' title='bbox 281 1926 345 1976; x_wconf 79' lang='grc' dir='ltr'>εἷς</span> <span class='ocrx_word' id='word_1_214' title='bbox 371 1923 452 1973; x_wconf 85' lang='grc' dir='ltr'>τὸν</span> <span class='ocrx_word' id='word_1_215' title='bbox 479 1924 693 1990; x_wconf 81' lang='grc' dir='ltr'>οὐρανὸν,</span> <span class='ocrx_word' id='word_1_216' title='bbox 722 1924 775 1973; x_wconf 84' lang='grc' dir='ltr'>οὐ</span> <span class='ocrx_word' id='word_1_217' title='bbox 809 1921 864 1973; x_wconf 78' lang='grc' dir='ltr'>τὸ</span> <span class='ocrx_word' id='word_1_218' title='bbox 899 1922 1174 1982; x_wconf 88' lang='grc' dir='ltr'>βασιλεύειν</span> <span class='ocrx_word' id='word_1_219' title='bbox 1199 1925 1294 1971; x_wconf 91' lang='grc' dir='ltr'>τῶν</span> <span class='ocrx_word' id='word_1_220' title='bbox 1319 1918 1702 1971; x_wconf 90' lang='grc' dir='ltr'>πεπιστευκότων</span> <span class='ocrx_word' id='word_1_221' title='bbox 1719 1942 1741 1965; x_wconf 80' lang='lat' dir='ltr'>a</span> <span class='ocrx_word' id='word_1_222' title='bbox 1772 1933 1858 1965; x_wconf 76' lang='lat'>239</span> <span class='ocrx_word' id='word_1_223' title='bbox 1874 1931 1925 1963; x_wconf 85' lang='lat' dir='ltr'>A.</span> 
     </span>
     <span class='ocr_line' id='line_1_24' title="bbox 114 2001 1703 2074; baseline -0.003 -20"><span class='ocrx_word' id='word_1_224' title='bbox 114 2005 239 2074; x_wconf 73' lang='grc' dir='ltr'>αὐτῷ</span> <span class='ocrx_word' id='word_1_225' title='bbox 273 2004 656 2071; x_wconf 89' lang='grc' dir='ltr'>παραιτούμενος,</span> <span class='ocrx_word' id='word_1_226' title='bbox 690 2006 800 2056; x_wconf 83' lang='grc' dir='ltr'>ἀλλ’</span> <span class='ocrx_word' id='word_1_227' title='bbox 831 2005 1183 2071; x_wconf 79' lang='grc' dir='ltr'>ὑπερτιθέμενος</span> <span class='ocrx_word' id='word_1_228' title='bbox 1218 2001 1300 2053; x_wconf 81' lang='grc' dir='ltr'>τὸν</span> <span class='ocrx_word' id='word_1_229' title='bbox 1334 2004 1417 2066; x_wconf 84' lang='grc' dir='ltr'>τῆς</span> <span class='ocrx_word' id='word_1_230' title='bbox 1451 2001 1703 2061; x_wconf 87' lang='grc' dir='ltr'>βασιλείας</span> 
     </span>
     <span class='ocr_line' id='line_1_25' title="bbox 114 2084 1701 2155; baseline -0.004 -17"><span class='ocrx_word' id='word_1_231' title='bbox 114 2089 197 2148; x_wconf 81' lang='grc' dir='ltr'>τῆς</span> <span class='ocrx_word' id='word_1_232' title='bbox 232 2087 581 2155; x_wconf 79' lang='grc' dir='ltr'>ἐκφανεστέρας</span> <span class='ocrx_word' id='word_1_233' title='bbox 612 2088 773 2154; x_wconf 83' lang='grc' dir='ltr'>καιρὸν</span> <span class='ocrx_word' id='word_1_234' title='bbox 800 2092 861 2141; x_wconf 79' lang='grc' dir='ltr'>εἷς</span> <span class='ocrx_word' id='word_1_235' title='bbox 897 2087 982 2150; x_wconf 89' lang='grc' dir='ltr'>τὴν</span> <span class='ocrx_word' id='word_1_236' title='bbox 1014 2086 1193 2137; x_wconf 78' lang='grc' dir='ltr'>ἄνωθεν</span> <span class='ocrx_word' id='word_1_237' title='bbox 1227 2088 1288 2138; x_wconf 85' lang='grc' dir='ltr'>ὡς</span> <span class='ocrx_word' id='word_1_238' title='bbox 1322 2085 1443 2148; x_wconf 79' lang='grc' dir='ltr'>ἡμᾶς</span> <span class='ocrx_word' id='word_1_239' title='bbox 1478 2084 1701 2149; x_wconf 60' lang='grc' dir='ltr'>ε’πιστροκ</span> 
     </span>
     <span class='ocr_line' id='line_1_26' title="bbox 115 2164 1705 2239; baseline -0.004 -19"><span class='ocrx_word' id='word_1_240' title='bbox 115 2168 226 2236; x_wconf 85' lang='grc' dir='ltr'>φὴν,</span> <span class='ocrx_word' id='word_1_241' title='bbox 262 2168 338 2220; x_wconf 76' lang='grc' dir='ltr'>ὅτε</span> <span class='ocrx_word' id='word_1_242' title='bbox 378 2172 453 2220; x_wconf 77' lang='grc' dir='ltr'>καὶ</span> <span class='ocrx_word' id='word_1_243' title='bbox 491 2172 539 2220; x_wconf 85' lang='grc' dir='ltr'>ἐν</span> <span class='ocrx_word' id='word_1_244' title='bbox 578 2170 695 2239; x_wconf 78' lang='grc' dir='ltr'>δόξῃ</span> <span class='ocrx_word' id='word_1_245' title='bbox 733 2174 792 2238; x_wconf 82' lang='grc' dir='ltr'>τῇ</span> <span class='ocrx_word' id='word_1_246' title='bbox 831 2175 914 2220; x_wconf 87' lang='grc' dir='ltr'>τοῦ</span> <span class='ocrx_word' id='word_1_247' title='bbox 956 2167 1147 2234; x_wconf 78' lang='grc' dir='ltr'>Πατρὸς</span> <span class='ocrx_word' id='word_1_248' title='bbox 1186 2165 1523 2231; x_wconf 86' lang='grc' dir='ltr'>καταβήσεται,</span> <span class='ocrx_word' id='word_1_249' title='bbox 1557 2164 1705 2215; x_wconf 78' lang='grc' dir='ltr'>οὐκέτι</span> 
     </span>
     <span class='ocr_line' id='line_1_27' title="bbox 48 2247 1705 2318; baseline -0.004 -16"><span class='ocrx_word' id='word_1_250' title='bbox 48 2269 96 2307; x_wconf 86' lang='lat'>25</span> <span class='ocrx_word' id='word_1_251' title='bbox 117 2249 192 2302; x_wconf 77' lang='grc' dir='ltr'>διὰ</span> <span class='ocrx_word' id='word_1_252' title='bbox 217 2252 439 2315; x_wconf 84' lang='grc' dir='ltr'>σημείων,</span> <span class='ocrx_word' id='word_1_253' title='bbox 469 2253 680 2318; x_wconf 87' lang='grc' dir='ltr'>καθάπερ</span> <span class='ocrx_word' id='word_1_254' title='bbox 712 2255 788 2302; x_wconf 74' lang='grc' dir='ltr'>καὶ</span> <span class='ocrx_word' id='word_1_255' title='bbox 818 2250 1064 2318; x_wconf 88' lang='grc' dir='ltr'>πρότερον,</span> <span class='ocrx_word' id='word_1_256' title='bbox 1093 2247 1519 2316; x_wconf 80' lang='grc' dir='ltr'>ἐπιγινωσκόμενος</span> <span class='ocrx_word' id='word_1_257' title='bbox 1546 2248 1705 2311; x_wconf 79' lang='grc' dir='ltr'>ὅτιπερ</span> 
     </span>
     <span class='ocr_line' id='line_1_28' title="bbox 117 2330 1706 2402; baseline -0.003 -17"><span class='ocrx_word' id='word_1_258' title='bbox 117 2334 262 2387; x_wconf 79' lang='grc' dir='ltr'>ὅντως</span> <span class='ocrx_word' id='word_1_259' title='bbox 299 2336 401 2385; x_wconf 74' lang='grc' dir='ltr'>ἐστὶ</span> <span class='ocrx_word' id='word_1_260' title='bbox 439 2333 558 2384; x_wconf 81' lang='grc' dir='ltr'>κατὰ</span> <span class='ocrx_word' id='word_1_261' title='bbox 595 2334 743 2402; x_wconf 84' lang='grc' dir='ltr'>φύσιν</span> <span class='ocrx_word' id='word_1_262' title='bbox 773 2335 960 2400; x_wconf 86' lang='grc' dir='ltr'>Κύριος,</span> <span class='ocrx_word' id='word_1_263' title='bbox 995 2334 1105 2384; x_wconf 87' lang='grc' dir='ltr'>ἀλλ’</span> <span class='ocrx_word' id='word_1_264' title='bbox 1145 2335 1194 2383; x_wconf 85' lang='grc' dir='ltr'>ἐκ</span> <span class='ocrx_word' id='word_1_265' title='bbox 1235 2330 1378 2400; x_wconf 73' lang='grc' dir='ltr'>δόξης</span> <span class='ocrx_word' id='word_1_266' title='bbox 1418 2333 1706 2394; x_wconf 83' lang='grc' dir='ltr'>θεοπρεποῦς</span> 
     </span>
     <span class='ocr_line' id='line_1_29' title="bbox 118 2412 1545 2483; baseline -0.005 -15"><span class='ocrx_word' id='word_1_267' title='bbox 118 2416 278 2483; x_wconf 80' lang='grc' dir='ltr'>ὅτιπερ</span> <span class='ocrx_word' id='word_1_268' title='bbox 306 2417 503 2483; x_wconf 82' lang='grc' dir='ltr'>ὑπάρχει</span> <span class='ocrx_word' id='word_1_269' title='bbox 527 2415 756 2478; x_wconf 73' lang='grc' dir='ltr'>βασιλεὺς</span> <span class='ocrx_word' id='word_1_270' title='bbox 783 2415 1123 2469; x_wconf 85' lang='grc' dir='ltr'>ἀνενδοιάστως</span> <span class='ocrx_word' id='word_1_271' title='bbox 1151 2412 1545 2480; x_wconf 84' lang='grc' dir='ltr'>ὁμολογούμενος.</span> 
     </span>
     <span class='ocr_line' id='line_1_30' title="bbox 181 2493 1751 2566; baseline -0.007 -16"><span class='ocrx_word' id='word_1_272' title='bbox 181 2500 384 2550; x_wconf 82' lang='grc' dir='ltr'>Οὐκοῦν·</span> <span class='ocrx_word' id='word_1_273' title='bbox 413 2500 500 2564; x_wconf 83' lang='grc' dir='ltr'>ε’ρῶ</span> <span class='ocrx_word' id='word_1_274' title='bbox 522 2497 613 2564; x_wconf 76' lang='grc' dir='ltr'>γὰρ</span> <span class='ocrx_word' id='word_1_275' title='bbox 634 2499 764 2552; x_wconf 78' lang='grc' dir='ltr'>αὖθις</span> <span class='ocrx_word' id='word_1_276' title='bbox 785 2500 832 2549; x_wconf 87' lang='grc' dir='ltr'>ἐν</span> <span class='ocrx_word' id='word_1_277' title='bbox 852 2499 1002 2566; x_wconf 78' lang='grc' dir='ltr'>ὀλίγῳ</span> <span class='ocrx_word' id='word_1_278' title='bbox 1023 2495 1319 2562; x_wconf 81' lang='grc' dir='ltr'>συνενεγκὼν</span> <span class='ocrx_word' id='word_1_279' title='bbox 1339 2499 1434 2546; x_wconf 87' lang='grc' dir='ltr'>τῶν</span> <span class='ocrx_word' id='word_1_280' title='bbox 1455 2493 1705 2559; x_wconf 79' lang='grc' dir='ltr'>εἰρημένων</span> <span class='ocrx_word' id='word_1_281' title='bbox 1725 2497 1751 2537; x_wconf 92' lang='lat' dir='ltr'>b</span> 
     </span>
     <span class='ocr_line' id='line_1_31' title="bbox 119 2573 1706 2644; baseline -0.003 -14"><span class='ocrx_word' id='word_1_282' title='bbox 119 2580 173 2632; x_wconf 79' lang='grc' dir='ltr'>τὸ</span> <span class='ocrx_word' id='word_1_283' title='bbox 199 2580 401 2634; x_wconf 84' lang='grc' dir='ltr'>πλάτος·</span> <span class='ocrx_word' id='word_1_284' title='bbox 445 2579 520 2630; x_wconf 76' lang='grc' dir='ltr'>ὅτε</span> <span class='ocrx_word' id='word_1_285' title='bbox 547 2579 623 2630; x_wconf 80' lang='grc' dir='ltr'>διὰ</span> <span class='ocrx_word' id='word_1_286' title='bbox 648 2581 857 2644; x_wconf 88' lang='grc' dir='ltr'>σημείων</span> <span class='ocrx_word' id='word_1_287' title='bbox 884 2578 1136 2642; x_wconf 85' lang='grc' dir='ltr'>ἐπιστεύθη</span> <span class='ocrx_word' id='word_1_288' title='bbox 1165 2581 1239 2629; x_wconf 81' lang='grc' dir='ltr'>καὶ</span> <span class='ocrx_word' id='word_1_289' title='bbox 1265 2576 1547 2642; x_wconf 82' lang='grc' dir='ltr'>ἐπεγνώσθη</span> <span class='ocrx_word' id='word_1_290' title='bbox 1570 2573 1706 2634; x_wconf 82' lang='grc' dir='ltr'>Θεὸς,</span> 
     </span>
     <span class='ocr_line' id='line_1_32' title="bbox 52 2655 1706 2730; baseline -0.007 -15"><span class='ocrx_word' id='word_1_291' title='bbox 52 2686 102 2722; x_wconf 85' lang='grc'>30</span> <span class='ocrx_word' id='word_1_292' title='bbox 120 2667 214 2714; x_wconf 88' lang='grc' dir='ltr'>τῶν</span> <span class='ocrx_word' id='word_1_293' title='bbox 239 2664 507 2713; x_wconf 81' lang='grc' dir='ltr'>Ἰουδαϊκῶν</span> <span class='ocrx_word' id='word_1_294' title='bbox 532 2662 819 2730; x_wconf 83' lang='grc' dir='ltr'>ἐκφοιτήσας</span> <span class='ocrx_word' id='word_1_295' title='bbox 853 2666 998 2724; x_wconf 86' lang='grc' dir='ltr'>λαῶν,</span> <span class='ocrx_word' id='word_1_296' title='bbox 1026 2659 1129 2712; x_wconf 86' lang='grc' dir='ltr'>τότε</span> <span class='ocrx_word' id='word_1_297' title='bbox 1166 2658 1222 2723; x_wconf 86' lang='grc' dir='ltr'>δὴ</span> <span class='ocrx_word' id='word_1_298' title='bbox 1257 2658 1429 2710; x_wconf 86' lang='grc' dir='ltr'>πάντες</span> <span class='ocrx_word' id='word_1_299' title='bbox 1463 2655 1605 2707; x_wconf 79' lang='grc' dir='ltr'>αὐτὸν</span> <span class='ocrx_word' id='word_1_300' title='bbox 1632 2657 1706 2705; x_wconf 76' lang='grc' dir='ltr'>καὶ</span> 
     </span>
     <span class='ocr_line' id='line_1_33' title="bbox 122 2737 1709 2810; baseline -0.003 -15"><span class='ocrx_word' id='word_1_301' title='bbox 122 2749 183 2799; x_wconf 77' lang='grc' dir='ltr'>εἷς</span> <span class='ocrx_word' id='word_1_302' title='bbox 220 2744 429 2806; x_wconf 78' lang='grc' dir='ltr'>βασιλέα</span> <span class='ocrx_word' id='word_1_303' title='bbox 468 2743 730 2807; x_wconf 84' lang='grc' dir='ltr'>λαμβάνειν</span> <span class='ocrx_word' id='word_1_304' title='bbox 768 2744 1045 2810; x_wconf 83' lang='grc' dir='ltr'>ἐπείγονται·</span> <span class='ocrx_word' id='word_1_305' title='bbox 1099 2741 1339 2803; x_wconf 85' lang='grc' dir='ltr'>ἀναβαίνει</span> <span class='ocrx_word' id='word_1_306' title='bbox 1381 2739 1429 2790; x_wconf 76' lang='grc' dir='ltr'>δὲ</span> <span class='ocrx_word' id='word_1_307' title='bbox 1467 2737 1609 2802; x_wconf 86' lang='grc' dir='ltr'>μόνος</span> <span class='ocrx_word' id='word_1_308' title='bbox 1648 2741 1709 2791; x_wconf 78' lang='grc' dir='ltr'>εἷς</span> 
     </span>
    </p>
   </div>
   <div class='ocr_carea' id='block_1_6' title="bbox 123 2885 1712 3031">
    <p class='ocr_par' dir='ltr' id='par_1_6' title="bbox 123 2885 1712 3031">
     <span class='ocr_line' id='line_1_34' title="bbox 171 2885 1711 2937; baseline -0.005 -10"><span class='ocrx_word' id='word_1_309' title='bbox 171 2904 202 2927; x_wconf 86' lang='grc'>2.</span> <span class='ocrx_word' id='word_1_310' title='bbox 229 2891 415 2937; x_wconf 83' lang='grc' dir='ltr'>ὁριζώμεθα</span> <span class='ocrx_word' id='word_1_311' title='bbox 435 2891 476 2925; x_wconf 92' lang='grc' dir='ltr'>Β.</span> <span class='ocrx_word' id='word_1_312' title='bbox 702 2902 734 2935; x_wconf 83' lang='grc'>3.</span> <span class='ocrx_word' id='word_1_313' title='bbox 761 2891 816 2926; x_wconf 86' lang='grc' dir='ltr'>διὰ</span> <span class='ocrx_word' id='word_1_314' title='bbox 834 2895 900 2926; x_wconf 85' lang='grc' dir='ltr'>τῶν</span> <span class='ocrx_word' id='word_1_315' title='bbox 919 2891 1010 2925; x_wconf 90' lang='lat' dir='ltr'>B.D.</span> <span class='ocrx_word' id='word_1_316' title='bbox 1031 2890 1071 2924; x_wconf 80' lang='grc' dir='ltr'>δι’</span> <span class='ocrx_word' id='word_1_317' title='bbox 1092 2889 1159 2923; x_wconf 86' lang='lat' dir='ltr'>Ed.</span> <span class='ocrx_word' id='word_1_318' title='bbox 1391 2900 1424 2929; x_wconf 85' lang='lat'>4.</span> <span class='ocrx_word' id='word_1_319' title='bbox 1449 2887 1498 2920; x_wconf 73' lang='grc' dir='ltr'>ἔτι</span> <span class='ocrx_word' id='word_1_320' title='bbox 1516 2897 1580 2932; x_wconf 80' lang='lat' dir='ltr'>pro</span> <span class='ocrx_word' id='word_1_321' title='bbox 1598 2885 1650 2920; x_wconf 84' lang='grc' dir='ltr'>ὅτι</span> <span class='ocrx_word' id='word_1_322' title='bbox 1670 2885 1711 2919; x_wconf 87' lang='grc' dir='ltr'>Β.</span> 
     </span>
     <span class='ocr_line' id='line_1_35' title="bbox 123 2932 1712 2985; baseline -0.006 -11"><span class='ocrx_word' id='word_1_323' title='bbox 123 2952 156 2985; x_wconf 91' lang='lat'>9.</span> <span class='ocrx_word' id='word_1_324' title='bbox 184 2937 314 2984; x_wconf 78' lang='grc' dir='ltr'>συνεὶς]</span> <span class='ocrx_word' id='word_1_325' title='bbox 335 2938 480 2973; x_wconf 84' lang='grc' dir='ltr'>συνίσαν</span> <span class='ocrx_word' id='word_1_326' title='bbox 501 2937 541 2971; x_wconf 85' lang='grc' dir='ltr'>Β.</span> <span class='ocrx_word' id='word_1_327' title='bbox 713 2949 766 2980; x_wconf 91' lang='lat'>14.</span> <span class='ocrx_word' id='word_1_328' title='bbox 793 2938 881 2974; x_wconf 82' lang='grc' dir='ltr'>ὅλως</span> <span class='ocrx_word' id='word_1_329' title='bbox 898 2943 1120 2981; x_wconf 80' lang='lat' dir='ltr'>assumptum</span> <span class='ocrx_word' id='word_1_330' title='bbox 1140 2948 1181 2969; x_wconf 81' lang='lat' dir='ltr'>ex</span> <span class='ocrx_word' id='word_1_331' title='bbox 1202 2935 1243 2969; x_wconf 84' lang='lat' dir='ltr'>B.</span> <span class='ocrx_word' id='word_1_332' title='bbox 1433 2943 1484 2978; x_wconf 87' lang='lat'>17.</span> <span class='ocrx_word' id='word_1_333' title='bbox 1511 2932 1620 2980; x_wconf 80' lang='grc' dir='ltr'>τόπῳ]</span> <span class='ocrx_word' id='word_1_334' title='bbox 1641 2932 1712 2977; x_wconf 72' lang='grc' dir='ltr'>ὄρει</span> 
     </span>
     <span class='ocr_line' id='line_1_36' title="bbox 124 2983 1029 3031; baseline -0.002 -11"><span class='ocrx_word' id='word_1_335' title='bbox 124 2986 166 3020; x_wconf 86' lang='grc' dir='ltr'>Β.</span> <span class='ocrx_word' id='word_1_336' title='bbox 186 2986 299 3031; x_wconf 83' lang='grc'>(275.)</span> <span class='ocrx_word' id='word_1_337' title='bbox 447 2985 500 3018; x_wconf 83' lang='grc'>26.</span> <span class='ocrx_word' id='word_1_338' title='bbox 528 2983 619 3029; x_wconf 74' lang='grc' dir='ltr'>ἐστὶ]</span> <span class='ocrx_word' id='word_1_339' title='bbox 644 2989 679 3025; x_wconf 75' lang='grc'>-1-</span> <span class='ocrx_word' id='word_1_340' title='bbox 702 2986 753 3018; x_wconf 75' lang='grc' dir='ltr'>καὶ</span> <span class='ocrx_word' id='word_1_341' title='bbox 775 2985 839 3018; x_wconf 85' lang='lat' dir='ltr'>Ed.</span> <span class='ocrx_word' id='word_1_342' title='bbox 859 2985 968 3018; x_wconf 80' lang='lat' dir='ltr'>invito</span> <span class='ocrx_word' id='word_1_343' title='bbox 988 2984 1029 3017; x_wconf 83' lang='lat' dir='ltr'>B.</span> 
     </span>
    </p>
   </div>
   <div class='ocr_carea' id='block_1_7' title="bbox 180 3054 945 3094">
    <p class='ocr_par' dir='ltr' id='par_1_7' title="bbox 180 3054 945 3094">
     <span class='ocr_line' id='line_1_37' title="bbox 180 3054 945 3094; baseline -0.004 -13"><span class='ocrx_word' id='word_1_344' title='bbox 180 3054 270 3082; x_wconf 80' lang='lat' dir='ltr'>VOL.</span> <span class='ocrx_word' id='word_1_345' title='bbox 296 3055 325 3080; x_wconf 90' lang='lat'>1.</span> <span class='ocrx_word' id='word_1_346' title='bbox 887 3054 910 3094; x_wconf 74' lang='lat'>3</span> <span class='ocrx_word' id='word_1_347' title='bbox 937 3054 945 3078; x_wconf 87' lang='lat'>1</span> 
     </span>
    </p>
   </div>
  </div>
 </body>
</html>
