2084 3317
109 147 180 188 vii.
201 159 267 204 37.
375 148 448 188 IN
491 148 534 189 S.
567 149 902 190 JOANNEM.
967 149 1090 190 LIB.
1120 150 1166 189 V.
1230 150 1364 190 CAP.
1399 150 1434 189 I.
1612 149 1695 188 687

110 282 213 310 τινα
240 265 321 310 τοῦ
350 260 641 325 παραδείσου
676 263 866 322 δηλοῦν,
895 261 956 312 ὡς
990 260 1066 308 καὶ
1104 261 1313 312 εἰσαῦθις
1349 259 1457 321 ἡμῖν
1484 260 1689 321 δοθησο·

108 338 249 404 με’νου
295 340 369 392 διὰ
413 344 646 407 Χριστοῦ.
721 340 874 404 ἐπειδὴ
921 340 969 391 δὲ
1015 340 1086 391 ὅτι
1133 339 1191 391 τὰ
1236 340 1393 391 πάντα
1436 344 1602 400 λαβεῖν
1646 338 1739 388 ἐκᾶ

107 422 359 491 χειμάῤῥου
408 422 639 489 προσήκει
689 426 966 474 τελευτῶντι
1014 421 1290 488 προσέκειτο
1343 425 1410 490 τῷ
1460 423 1602 489 ῥητῷ,
1643 421 1700 488 ἐξ

107 506 250 556 αὐτοῦ
289 528 337 556 τε
375 503 524 557 πάλιν
561 504 936 573 εὐφραινόμενοι,
975 503 1216 569 ἐλέγομεν,
1255 502 1492 571 χειμάῤῥῳ
1527 525 1690 567 παρω-

67 601 90 640 5
109 591 344 650 μοιῶσθαι
383 587 466 638 τὸν
495 587 672 654 Κύριον
710 587 843 651 ἡμῶν
873 587 1064 649 Ἰησοῦν
1103 584 1185 636 τὸν
1217 584 1448 652 Χριστὸν,
1479 585 1527 635 ἐν
1563 581 1600 653 ᾧ
1639 581 1696 646 δὴ

110 672 276 720 πᾶσαν
312 667 399 732 τὴν
435 671 483 720 ἐν
520 670 686 720 ἐλπίσι
724 668 894 736 τέρψιν
929 691 978 719 τε
1017 670 1092 719 καὶ
1131 666 1316 736 τρυφὴν
1350 665 1624 732 εὑρήσομεν,
1650 666 1698 715 ἐν

112 751 239 819 αὐτῷ
264 773 313 801 τε
343 749 770 820 εὑφρανθησόμεθα
805 751 936 804 θείως
971 773 1018 801 τε
1057 752 1132 800 καὶ
1168 752 1506 812 πνευματικῶς.
1551 746 1621 798 ὅτι
1649 745 1698 797 δὲ

112 832 390 900 χειμάρῥους
415 833 523 883 ἐστι’
544 855 593 883 τε
620 834 695 883 καὶ
728 837 938 883 καλεῖται
964 835 1303 896 πνευματικῶς,
1329 829 1699 896 ἐπιμαρτυρήσει

112 912 267 980 λέγων
302 918 376 964 καὶ
416 916 440 965 ὁ
480 913 763 982 σοφώτατος
802 914 911 977 ἡμῖν
946 913 1175 982 μελῳδὸς,
1207 915 1269 967 ὡς
1307 911 1428 978 πρὸς
1464 909 1589 962 Θεὸν
1625 911 1700 960 καὶ

44 1012 93 1038 ιο
114 995 308 1062 Πατέρα
345 999 451 1062 περὶ
490 997 622 1060 ἡμῶν
657 1003 683 1025 “
707 999 771 1046 Οἱ
811 994 859 1046 δὲ
898 997 984 1046 υἱοὶ
1023 999 1118 1046 τῶν
1156 993 1419 1060 ἀνθρώπων
1457 995 1505 1043 ἐν
1544 992 1700 1060 σκέπῃ
1762 987 1921 1071 {fg-xxxv.

111 1084 141 1107 ‘⁶
166 1083 260 1129 τῶν
284 1077 531 1144 πτερύγων
556 1100 648 1128 σου
673 1079 906 1129 ἐλπιοῦσι.
947 1076 1336 1141 μεθυσθήσονται
1360 1074 1454 1126 ἀπὸ
1481 1074 1700 1139 πιότητος
1718 1095 1739 1121 e

113 1166 140 1189 ‘⁶
167 1160 294 1211 οἴκου
336 1183 441 1223 σου,
484 1162 558 1211 καὶ
600 1158 683 1211 τὸν
724 1159 1005 1227 χειμάῤῥουν
1046 1162 1129 1223 τῆς
1171 1161 1354 1226 τρυφῆς
1396 1180 1489 1208 σου
1528 1162 1702 1211 ποτιεῖς

114 1248 142 1271 “
168 1243 377 1296 αὐτούς.”
432 1243 507 1293 καὶ
542 1240 680 1296 αὐτὸς
716 1243 771 1293 δέ
798 1265 891 1293 που
929 1244 1079 1308 φησὶν
1104 1243 1152 1291 ἐν
1179 1240 1446 1308 προφήταις
1474 1241 1498 1290 ὁ
1528 1239 1702 1305 Κύριος

1764 1315 1907 1346 Eslxvi.

114 1330 142 1353 ‘⁴
167 1323 289 1375 Ἰδοὺ
324 1324 417 1390 ἐγὼ
452 1325 649 1375 ἐκκλίνω
687 1324 806 1389 πρὸς
845 1323 1013 1378 αὐτοὺς
1052 1326 1113 1377 ὡς
1150 1321 1364 1386 ποταμὸς
1402 1321 1597 1388 εἰρήνης,
1626 1323 1701 1372 καὶ
1767 1369 1816 1390 12·

48 1423 95 1462 15
116 1412 142 1434 ‘⁶
169 1408 229 1459 ὡς
264 1406 541 1474 χειμοῖῤῥους
575 1404 877 1472 ἐπικλύζων.”

206 1489 399 1553 Ἐπειδὴ
444 1489 600 1539 τοίνυν
646 1490 670 1538 ὁ
722 1489 860 1552 νόμος
909 1487 1089 1552 κλητὴν
1134 1487 1275 1553 ἁγίαν
1321 1485 1477 1537 ἐκάλει
1524 1484 1610 1549 τήν
1655 1507 1703 1535 τε

113 1571 320 1638 πρώτην,
348 1573 421 1622 καὶ
449 1571 534 1635 τὴν
561 1570 767 1636 ἑβδόμην
794 1574 875 1635 τῆς
902 1573 1063 1637 ἑορτῆς
1090 1570 1281 1636 ἡμέραν,
1308 1569 1529 1637 μεγάλην
1558 1566 1703 1631 αὐτὴν

114 1652 451 1716 κατωνόμασεν
477 1656 552 1704 καὶ
587 1654 725 1707 αὐτὸς
762 1656 787 1704 ὁ
823 1654 1080 1706 θεσπέσιος
1108 1649 1489 1717 Εὐαγγελιστὴς,
1518 1672 1703 1715 τετριμ-

114 1735 268 1799 μένον,
295 1738 357 1789 ὡς
389 1736 518 1798 ἔοικε,
544 1741 640 1790 τοῖς
666 1736 906 1789 Ἰουδαίοις
943 1736 1026 1786 οὐκ
1060 1733 1296 1796 ἀτιμάσας
1332 1735 1449 1787 ἔθος.
1505 1732 1703 1795 ἐνούσης

50 1841 100 1866 20
115 1824 366 1884 τοιγαροῦν
391 1823 487 1872 τοῖς
524 1820 628 1885 περὶ
664 1821 746 1882 τῆς
781 1819 944 1884 ἑορτῆς
979 1817 1356 1882 διατεταγμένοις
1390 1817 1465 1866 καὶ
1502 1818 1585 1879 τῆς
1620 1820 1743 1866 τοῦᾶ
1772 1819 1860 1853 469
1876 1818 1929 1854 Α·

115 1900 367 1968 χειμάῤῥου
408 1899 605 1965 μνήμης,
646 1899 900 1953 ἐπιδεικνὺς
939 1898 1104 1950 ἑαυτὸν
1138 1900 1163 1950 ὁ
1199 1898 1369 1965 Σωτὴρ
1407 1897 1551 1948 αὐτὸν
1585 1898 1699 1948 ἐκεῖ·

117 2005 199 2033 νον
225 1981 339 2033 ὅντα
372 1982 455 2033 τὸν
489 1981 782 2050 χειμάῤῥουν,
811 1980 861 2036 ὃς
896 1983 943 2032 ἐν
975 1984 1042 2050 τῷ
1078 1984 1253 2050 νομικῲ
1288 1977 1708 2047 προκατηγγὲλετο

116 2064 250 2134 λόγῳ
286 2066 346 2116 Εἴ
372 2089 438 2120 τις
474 2061 602 2135 διψᾷ
638 2069 790 2132 φησιν
817 2062 1002 2134 ἐρχέσθω
1029 2065 1137 2131 πρός
1163 2086 1224 2132 με
1262 2067 1339 2114 καὶ
1378 2063 1550 2113 πινέτω.
1619 2061 1708 2128 ὅρα

116 2146 210 2213 γὰρ
248 2145 374 2200 ὅπως
411 2147 631 2215 ἐξίστησι
669 2151 764 2197 τῶν
798 2147 1040 2198 Ἰουδαίων
1074 2145 1158 2196 τὸν
1196 2150 1306 2196 νοῦν
1340 2149 1435 2195 τῶν
1470 2145 1518 2194 ἐν
1556 2142 1709 2209 γράμ-

0 2216 1 2268 ἶ
53 2246 102 2286 25
118 2251 240 2293 μασι
280 2229 455 2290 τύπων,
495 2232 569 2279 καὶ
612 2228 904 2295 μετακομίζει
947 2229 1131 2296 εὐφυῶς
1173 2226 1232 2278 τὰ
1273 2229 1322 2278 ἐν
1360 2225 1634 2293 σχήμασιν,
1673 2223 1716 2275 εἴ

119 2334 164 2362 τι
191 2310 506 2375 συμβουλεύει
532 2310 617 2374 τὴν
643 2310 882 2375 ἀλήθειαν.
939 2310 1031 2377 ἐγὼ
1057 2308 1150 2376 γὰρ
1177 2310 1274 2373 εἶμί
1294 2312 1446 2378 φησιν
1474 2309 1498 2358 ὁ
1526 2306 1602 2359 διὰ
1628 2313 1711 2357 τοῦ

120 2393 376 2457 νομοθέτου
401 2393 650 2460 χείμαῤῥος
681 2395 728 2444 ἐν
754 2398 851 2447 τοῖς
884 2394 990 2459 περὶ
1026 2395 1109 2456 τῆς
1141 2393 1302 2458 ἑορτῆς
1338 2387 1712 2459 προαναφωνού-

120 2498 258 2540 μενος
289 2475 466 2540 λόγοις.
520 2476 595 2525 καὶ
630 2478 668 2525 εἰ
704 2474 907 2529 κλάδους
944 2474 1065 2528 ἰτέας
1101 2475 1177 2524 καὶ
1212 2472 1360 2539 ἄγνου
1397 2473 1471 2523 καὶ
1508 2470 1712 2524 κλάδους

121 2557 273 2626 ξύλου
305 2560 464 2609 δασεῖς
500 2558 549 2607 ἐκ
583 2556 835 2624 χειμάῤῥου
869 2561 1038 2617 λαβεῖν
1073 2557 1345 2621 ἀναγκαῖον,
1378 2554 1628 2622 χείμαῤῥος
1663 2551 1710 2603 δὲ
1730 2559 1756 2600 b

172 2673 202 2697 1.
229 2664 356 2707 δηλοῦν
375 2663 417 2697 Β.
436 2663 535 2707 δηλοῖ
554 2662 672 2697 Holst.
692 2662 758 2698 Ed.
958 2673 991 2707 3.
1016 2660 1185 2706 προσήκει
1203 2660 1402 2695 emendavit
1421 2661 1551 2705 Heyse.
1569 2659 1712 2703 προσεί-

122 2710 216 2766 pom
233 2724 282 2744 κει
301 2710 354 2753 (=
373 2710 565 2755 προσείκει)
587 2710 627 2744 Β.
645 2709 877 2754 προσελθόντι
897 2710 950 2743 καὶ
971 2709 1034 2743 Ht.
1054 2708 1121 2742 Ed.
1289 2721 1322 2749 4.
1346 2706 1614 2752 παρωμοιῶσθαι
1635 2705 1711 2739 B.a.

122 2767 395 2813 παρομοιοῦσθαι
416 2767 478 2801 Ht.
499 2767 564 2801 Ed.
726 2777 759 2810 5.
785 2768 844 2801 τὸν
860 2768 920 2801 alt.
939 2773 1163 2809 assumptum
1181 2777 1222 2798 ex
1244 2765 1285 2798 B.
1447 2775 1503 2798 21.
1530 2763 1714 2798 ἐπιδεικνὺς

123 2817 243 2850 ἑαυτὸν
260 2827 290 2849 a.
310 2814 538 2848 ἐπιδείκνυσαι
555 2815 664 2848 αὐτῶν
680 2814 722 2848 Β.
740 2814 966 2848 ἐπιδείκνυσιν
983 2813 1084 2846 αὐτὸν
1098 2811 1233 2858 [ἑαυτὸν
1251 2824 1268 2845 e
1288 2810 1364 2845 Cat.
1384 2816 1424 2844 ut
1437 2810 1508 2844 vid.
1521 2809 1631 2855 Aub.]
1649 2810 1713 2844 Ht.

126 2862 195 2897 Ed.
304 2872 359 2895 22.
385 2860 682 2907 προκατηγγὲλετο
703 2860 744 2895 Β.
765 2860 829 2895 Ht.
846 2859 1127 2905 προκατήγγελτο
1146 2858 1239 2892 Aub.
1349 2869 1404 2901 23.
1432 2857 1520 2902 διψᾷ
1539 2858 1630 2902 φησι
1648 2856 1715 2890 hoc

126 2908 249 2943 ordine
269 2907 299 2941 Β
318 2919 390 2952 mg.
409 2919 439 2941 a.
537 2918 593 2950 24.
620 2906 671 2953 ἐν]
695 2911 732 2948 -Ι-
754 2909 824 2942 τοῖς
841 2919 872 2942 a.
972 2916 1027 2948 25.
1054 2904 1115 2939 εἴτι
1136 2905 1177 2939 Β.
1195 2903 1260 2938 εἴτε
1283 2904 1345 2938 Ht.
1365 2903 1432 2938 Ed.
1531 2913 1586 2948 27.
1613 2918 1714 2947 νομο-

127 2953 244 3000 θέτου]
264 2955 369 2998 νόμου
387 2966 417 2988 a.
436 2953 513 2988 Cat.
536 2953 633 2988 Harl.
778 2954 833 2988 28.
860 2953 889 2987 εἷ
906 2953 1052 2988 κλάδους
1070 2951 1112 2986 Β.
1130 2952 1180 2986 ἔτι
1197 2951 1324 2985 κλάδον
1345 2950 1408 2985 Ht.
1427 2950 1493 2984 Ed.
