2084 3317
300 948 330 989 d

307 1620 332 1647 Θ

132 2357 210 2392 231
227 2356 277 2391 A„
317 2367 338 2390 a

344 174 431 218 340
748 172 799 218 B.
833 171 1104 218 CYRILLI
1148 170 1529 217 ALEXANDR.
1811 189 1850 215 v.
1870 187 1937 229 23.

345 286 579 355 ἐξουσίας,
619 283 739 352 ἅπερ
784 285 841 337 ἂν
879 287 1035 355 ἐκείνῳ
1076 285 1311 351 προσήκοι
1352 307 1400 334 τε
1440 286 1516 335 καὶ
1556 282 1740 350 πρέποι.
1806 281 1941 333 εἰκὼν

348 368 396 418 δὲ
436 368 614 434 ἑτέρως,
645 367 674 432 ἢ
713 366 821 418 καθ’
853 368 1014 434 ἑτέραν
1052 367 1156 417 τινὰ
1194 367 1423 430 ποιότητα
1460 364 1740 432 πράγματος
1780 363 1808 429 ἢ
1846 386 1936 415 πο·

348 448 544 514 σότητα,
571 448 740 517 σχῆμά
774 472 822 500 τε
857 452 933 500 καὶ
968 450 1244 515 ἀναλογίαν·
1301 451 1373 498 δεῖ
1402 446 1496 514 γὰρ
1530 448 1619 512 ἤδη
1654 445 1944 510 συλλήβδην

347 535 508 583 εἰπεῖν.

422 611 800 665 Διδασκὲτωσαν
835 614 992 664 τοίνυν
1026 617 1068 664 οἱ
1106 615 1189 676 τῆς
1229 613 1354 666 θείας
1394 611 1567 665 εἰκόνος
1609 610 1943 677 ἀκριβέστατοι

344 694 551 761 ζητηταὶ,
582 694 782 761 πότερόν
816 718 930 747 ποτε
969 694 1056 759 τὴν
1093 694 1299 759 οὐσιώδη
1339 696 1414 745 καὶ
1453 692 1664 762 φυσικὴν
1697 691 1945 755 ἀπονέμειν

346 776 575 838 ὁμοίωσιν
602 775 776 828 οἴονται
803 780 896 828 δεῖν
922 779 989 846 τῷ
1016 780 1292 841 Μονογενεῖ,
1321 778 1395 827 καὶ
1430 777 1576 829 οὕτως
1613 773 1765 825 εἰκόνα
1791 777 1945 842 φασὶν

349 857 574 926 ὑπάρχειν
606 864 690 910 τοῦ
731 858 925 926 Πατρὸς
962 857 1046 910 τὸν
1081 861 1333 925 Μονογενῆ
1372 858 1455 910 τὸν
1490 858 1546 927 ἐξ
1581 858 1724 907 αὐτοῦ
1761 862 1942 922 προελ-

349 939 493 992 θόντα
535 940 709 1007 Λόγον,
753 943 1016 1008 ὡσπερανεὶ
1065 944 1138 992 καὶ
1182 940 1265 992 τὸν
1302 939 1466 1001 ”Αβελ
1510 940 1567 1008 ἐξ
1608 937 1779 1002 Ἀδὰμ,
1826 937 1946 1002 ὅλην

346 1022 660 1089 ἀποσώζοντα
706 1029 789 1074 τοῦ
834 1023 1050 1077 τεκόντος
1093 1022 1179 1087 τὴν
1222 1022 1372 1092 φύσιν
1411 1025 1459 1074 ἐν
1504 1024 1667 1091 ἑαυτῷ,
1707 1023 1782 1072 καὶ
1827 1020 1941 1071 ὁλό-

348 1115 528 1172 κληρον
558 1108 641 1169 τῆς
676 1105 1040 1171 ἀνθρωπότητος
1077 1111 1318 1173 φοροῦντα
1353 1104 1436 1156 τὸν
1473 1104 1653 1170 λόγον;
1697 1101 1726 1167 ὴ
1766 1106 1941 1170 δυσχε-

348 1193 548 1254 ρανοῦσι
584 1188 668 1251 μὲν
702 1190 776 1239 ἐπὶ
814 1188 964 1257 τούτῳ
1001 1189 1124 1250 λίαν,
1151 1190 1212 1241 ὡς
1245 1186 1370 1238 Θεὸν
1397 1187 1542 1241 ὅντως
1579 1188 1627 1237 ἐκ
1666 1190 1790 1236 Θεοῦ
1827 1184 1947 1236 κατὰ

350 1271 501 1339 φύσιν
537 1272 787 1335 ὁμολογεῖν
824 1269 1192 1336 ἀναγκαζόμενοι
1230 1269 1313 1321 τὸν
1339 1269 1471 1331 Υὶὸν,
1509 1271 1583 1320 ἐπὶ
1622 1267 1670 1319 δὲ
1709 1267 1762 1318 τὸ
1801 1266 1947 1334 μάχε-

349 1357 466 1403 σθαι
504 1357 563 1420 τῇ
602 1353 799 1420 ἀληθεία
839 1351 1056 1416 συνήθως
1096 1354 1370 1413 ἐκνεύοντες,
1397 1353 1470 1402 ἐπὶ
1508 1349 1590 1402 τὸν
1620 1349 1832 1416 δεύτερον
1864 1351 1947 1413 τῆς

351 1435 526 1489 εἰκόνος
554 1436 919 1495 ἀναβαδιοῦνται
945 1434 1136 1500 τρόπον,
1163 1432 1213 1488 ὃς
1239 1435 1287 1484 ἐν
1312 1433 1433 1501 μόνῃ
1471 1438 1639 1484 νοεῖται
1674 1435 1838 1501 μορφῇ
1873 1433 1946 1482 καὶ

351 1520 613 1584 χαρακτῆρι
650 1519 725 1567 καὶ
761 1516 989 1584 σχήματι.
1045 1517 1155 1567 ἀλλ’
1185 1513 1312 1579 οἶμαι
1349 1515 1434 1579 μὲν
1463 1521 1602 1567 τοῦτο
1638 1515 1792 1580 λέγειν
1823 1515 1943 1565 ἀπο-

354 1601 605 1666 ναρκήσειν
652 1599 834 1653 αὐτούς.
909 1600 962 1650 οὐ
1008 1598 1101 1665 γὰρ
1145 1602 1464 1650 πεποσῶσθαι
1508 1598 1563 1650 τὸ
1615 1602 1751 1661 θεῖον,
1797 1596 1848 1663 ἦ
1873 1599 1949 1648 καὶ

351 1682 562 1749 σχήματι
606 1682 943 1748 περιγραπτὸν,
989 1683 1065 1732 καὶ
1109 1684 1369 1749 χαρακτῆρι
1421 1680 1750 1747 μετρούμενον,
1794 1678 1824 1744 ἢ
1873 1681 1950 1731 καὶ

350 1764 477 1818 ὅλως
509 1764 569 1815 τὰ
601 1765 842 1828 σωμάτων
869 1763 1112 1828 ὑπομένειν
1138 1763 1191 1815 τὸ
1226 1764 1499 1827 ἀσώματον,
1529 1761 1836 1832 ὑπολήψεταί
1856 1785 1944 1826 τις,

351 1847 452 1897 οὐδ’
482 1851 519 1897 εἰ
553 1846 751 1915 σφόδρα
787 1847 1002 1912 φαίνοιτο
1042 1851 1218 1913 ληρῶν.
1274 1844 1345 1913 ἆρ’
1375 1847 1456 1897 οὖν
1491 1848 1553 1900 ὡς
1592 1845 1711 1912 πρὸς
1747 1845 1838 1910 ἤθη
1873 1845 1949 1895 καὶ

353 1929 555 1995 τρόπους
606 1931 683 1980 καὶ
735 1929 921 1993 θέλημα
971 1933 1323 1996 μεμορφῶσθαι
1378 1928 1605 1994 λέγουσιν
1657 1927 1818 1989 αὐτὸν,
1873 1928 1950 1978 καὶ

354 2011 530 2076 ταύτην
561 2012 687 2080 αὐτῷ
717 2009 1023 2076 περιτιθέντες
1056 2011 1138 2061 οὐκ
1170 2011 1477 2078 αἰσχύνονται
1509 2008 1595 2074 τὴν
1621 2009 1805 2072 εἶκόνα;
1849 2014 1951 2063 πῶς

355 2093 448 2160 γὰρ
483 2094 549 2144 ε”τι
586 2093 705 2143 κατὰ
741 2092 891 2161 φύσιν
928 2097 1096 2143 νοεῖται
1128 2092 1249 2146 Θεὸς
1288 2094 1312 2143 ὁ
1346 2094 1394 2143 ἐν
1420 2092 1549 2162 μόνῳ
1584 2095 1650 2162 τῷ
1683 2091 1840 2143 θέλειν
1865 2091 1951 2156 τὴν

355 2175 473 2241 πρὸς
512 2174 653 2226 αὑτὸν
692 2175 813 2242 ἔχων
846 2176 1087 2238 ὁμοίωσιν,
1123 2175 1279 2240 ἕτερον
1315 2174 1369 2225 δέ
1402 2198 1445 2225 τι
1486 2173 1594 2226 καθ’
1629 2173 1793 2225 ἑαυτὸν
1826 2174 1950 2228 ἰδίως

356 2259 611 2326 ὑπάρχων,
668 2258 932 2327 ὑφεστάναι
977 2257 1070 2324 γὰρ
1114 2257 1302 2312 πάντως
1351 2256 1742 2324 ὁμολογήσουσιν
1788 2254 1946 2308 αὐτόν.

356 2338 455 2391 εἶτα
480 2341 529 2391 τί
552 2341 606 2392 τὸ
632 2339 779 2391 πλέον
805 2341 853 2390 ἐν
882 2341 1007 2409 αὐτῷ
1039 2339 1169 2406 παρὰ
1201 2339 1287 2403 τὴν
1313 2340 1468 2391 κτίσιν
1495 2344 1711 2407 φανεῖται
1738 2337 1908 2390 λοιπόν
1931 2361 1944 2402 ;

354 2422 383 2488 ἢ
410 2422 504 2490 γὰρ
530 2424 633 2490 οὐχὶ
659 2424 734 2474 καὶ
771 2421 1006 2488 ἀγγέλους
1040 2421 1363 2485 πιστεύσομεν
1388 2422 1508 2489 πρὸς
1544 2421 1598 2473 τὸ
1633 2427 1757 2473 θεῖον
1783 2420 1950 2475 αὐτοὺς

356 2506 627 2572 ἐπείγεσθαι
668 2503 966 2572 διαπράττειν
1005 2501 1205 2568 θέλημα,
1244 2504 1401 2572 ἕτερόν
1439 2528 1484 2555 τι
1526 2504 1657 2571 παρὰ
1703 2504 1787 2556 τὸν
1826 2504 1951 2555 Θεὸν

356 2587 475 2639 κατὰ
502 2587 652 2656 φύσιν
679 2586 976 2655 ὑπάρχοντας
998 2608 1010 2650 3
1055 2587 1102 2637 τί
1125 2586 1172 2638 δὲ
1200 2586 1313 2638 ὅταν
1340 2589 1416 2638 καὶ
1442 2585 1515 2656 ἐφ’
1544 2587 1676 2651 ἡμῶν
1703 2589 1864 2651 νοῆται
1895 2585 1951 2637 τὸ

409 2769 437 2791 Ι.
462 2758 577 2801 προσῆ
598 2757 638 2791 Β.
832 2768 863 2791 2.
890 2756 908 2800 ἡ
927 2767 990 2801 pro
1008 2754 1026 2799 ἢ
1045 2755 1143 2800 prius
1164 2755 1205 2789 B.
1410 2764 1439 2800 7.
1468 2756 1632 2801 ὑπάρχειν
1648 2755 1758 2789 εἷκόνα
1776 2755 1887 2800 φησὶν
1908 2754 1950 2790 Β,

357 2804 391 2838 8.
412 2806 586 2849 Μονογενῆ
604 2805 662 2838 τὸν
678 2810 861 2848 assumpta
878 2816 919 2837 ex
937 2803 977 2837 Β.
1079 2813 1131 2836 10.
1151 2802 1186 2836 ἐν
1203 2814 1273 2836 om.
1291 2802 1332 2837 B.
1435 2813 1487 2837 ΙΙ.
1507 2803 1760 2847 δυσχερανοῦσι
1778 2801 1871 2836 B.D.
1891 2802 1949 2836 δυ-

358 2854 586 2895 σχαιρανοῦσι
605 2851 672 2885 Ed.
819 2862 872 2895 13.
900 2849 1013 2893 ἐπειδὴ
1032 2861 1094 2893 pro
1113 2849 1167 2883 ε’πὶ
1186 2849 1221 2883 δέ
1243 2849 1283 2882 Β.
1429 2859 1482 2894 15.
1509 2849 1767 2883 ἀναΒαδιοῦνται
1790 2848 1831 2882 Β.
1849 2849 1949 2887 βαδι-

358 2900 470 2931 οῦνται
491 2897 557 2932 Ed.
686 2897 738 2931 18.
764 2896 1004 2941 μετριούμενον
1023 2896 1065 2930 Β.
1191 2907 1244 2941 19.
1270 2896 1308 2929 τὸ
1326 2895 1508 2940 ἀσώματον
1529 2896 1620 2930 B.D.
1640 2896 1681 2930 τὰ
1698 2895 1862 2940 ἀσώματα
1881 2894 1948 2930 Ed.

360 2954 414 2988 23.
432 2945 506 2999 ydp
526 2944 566 2978 B.
587 2944 645 2979 οὖν
663 2944 729 2978 Ed.
795 2947 841 2978 τῶ
862 2944 907 2977 D.
928 2943 993 2977 Ed.
1013 2955 1085 2988 mg.
1104 2943 1141 2977 τὸ
1162 2942 1228 2977 Ed.
1383 2954 1438 2985 24.
1466 2942 1504 2977 δέ
1520 2955 1590 2977 om.
1612 2942 1653 2977 B.
1810 2950 1865 2987 27.
1891 2956 1947 2976 πι-

359 3005 523 3034 στευομεν
543 2991 583 3026 Β.
649 2991 768 3026 αὐτοὺς
788 2979 831 3026 B:
847 2990 983 3026 ἑαυτοὺς
1001 2990 1068 3024 Ed.
1214 2990 1268 3024 28.
1296 2990 1513 3025 διαπλάττειν
1532 2989 1573 3024 Β.

1964 621 1986 660 5

1969 1043 2017 1068 10

1971 1452 2017 1489 15

1970 1865 2019 1890 20
