2021 3296
124 111 150 151 i.
170 126 208 166 9.
342 113 418 154 IN
460 113 501 155 S.
534 112 869 154 JOANNEM.
931 111 1054 152 LIB.
1088 111 1124 152 Ι.
1186 110 1320 151 CAP.
1354 110 1484 150 VIII.
1658 107 1715 148 99

127 222 188 274 ὡς
221 221 340 287 πρὸς
371 221 453 272 τὸν
478 226 562 272 τοῦ
589 224 714 272 Θεοῦ
741 220 904 287 Λόγον
931 228 957 250 “
975 220 1092 271 “Ort
1118 218 1182 271 σὺ
1209 223 1396 288 φωτιεῖς
1421 217 1600 284 λύχνον
1625 238 1716 280 μου
1778 225 1833 299 ξε·
1850 225 1930 257 xvii.

127 309 155 331 “
184 301 342 368 Κύριε,
368 303 393 352 ὁ
421 302 543 355 Θεός
566 326 657 366 μου
684 307 869 370 φωτιεῖς
899 301 954 353 τὸ
991 301 1164 356 σκότος
1190 301 1327 364 μου·”
1369 300 1450 350 οὐκ
1486 298 1579 365 ἄρα
1613 301 1717 366 φῶς
1800 279 1831 311 9·

126 382 246 434 κατὰ
290 383 517 448 ἀλήθειαν
561 385 702 448 ἡμεῖς,
745 385 935 452 μέτοχοι
979 382 1028 434 δὲ
1073 388 1263 447 μᾶλλον
1305 387 1389 432 τοῦ
1434 379 1757 449 φωτίζοντοςε

127 463 303 529 Λόγου,
331 467 407 516 καὶ
433 466 681 533 ἀλλότριοι
709 465 828 518 κατὰ
855 466 1004 535 φύσιν
1030 471 1113 517 τοῦ
1151 463 1310 533 φωτὸς
1344 468 1427 514 τοῦ
1466 463 1714 526 ἀληθινοῦ,

84 560 106 598 5
128 545 242 612 ὅπερ
268 547 400 598 ἐστὶν
427 549 451 599 ὁ
479 548 608 602 Υἱός.

202 650 322 679 AAAo
358 651 418 680 ΕΚ
452 652 537 680 ΤΟΥ
572 652 726 681 ΑΥΤΟΥ.
793 634 851 682 ΕΞ
893 630 1068 697 λύχνος
1109 630 1133 679 ὁ
1174 627 1466 694 ἀνθρώπινος
1508 621 1718 676 κατωνό-

128 734 309 774 μασται
359 718 477 775 νοῦς,
529 713 649 765 κατὰ
701 712 754 764 τὸ
806 715 854 764 ἐν
898 716 1114 780 ψαλμοῖς
1165 710 1395 779 ᾀδόμενον
1446 707 1606 758 ““Οτι
1657 703 1722 756 σὺ
1783 720 1835 751 Ib.

128 799 156 822 ‘⁶
186 797 372 862 φωτιεῖς
409 794 588 862 λύχνον
619 819 710 860 μου
743 795 927 862 Κύριε,”
957 799 1058 847 πῶς
1097 793 1303 856 ἐσόμεθα
1342 789 1462 842 κατὰ
1497 788 1723 853 ἀλήθειαν

130 875 257 942 φῶςς
298 877 575 928 ἐπείσακτον
607 877 702 944 γὰρ
738 879 814 929 καὶ
851 875 989 927 δοτὸν
1015 879 1081 944 τῷ
1118 874 1279 943 λύχνῳ
1310 873 1364 925 τὸ
1401 877 1520 939 φῶς.
1576 873 1651 922 καὶ
1686 873 1724 921 εἰ

63 975 110 1000 10
129 954 184 1008 τὸ
216 956 388 1012 σκότος
420 957 474 1010 τὸ
509 961 558 1010 ἐν
582 961 691 1024 ἡμῖν
717 958 904 1029 φωτίζει
938 957 1078 1022 μόνος
1112 957 1137 1007 ὁ
1167 954 1459 1021 Μονογενὴς,
1486 957 1586 1007 πῶς
1622 953 1725 1019 οὐχὶ
1744 977 1766 1000 a
1822 966 1876 1001 67
1897 964 1949 999 A.

129 1043 320 1101 μᾶλλον
359 1040 497 1095 αὐτὸς
536 1042 656 1093 κατὰ
696 1042 921 1106 ἀλήθειαν
958 1044 1074 1108 φῶς,
1110 1039 1241 1103 ἡμεῖς
1280 1036 1330 1088 δὲ
1369 1036 1550 1097 οὐκέτις
1601 1038 1637 1085 εἰ
1677 1033 1726 1084 δὲ

129 1125 268 1172 τοῦτο
319 1122 512 1187 ἀληθὲς,
568 1128 670 1178 πῶς
718 1122 775 1174 ἂν
826 1123 894 1186 εἰἠ
947 1120 1119 1173 λοιπὸν
1167 1119 1383 1188 ὁμοφυὴς
1440 1121 1499 1185 τῇ
1555 1117 1722 1179 κτίσει,

130 1208 363 1255 τοσοῦτον
402 1207 544 1270 αὐτῆς
583 1207 939 1273 ὑπερκείμενος·;

206 1305 339 1336 ΑΛΛΟ.
380 1291 438 1338 ΕΞ
461 1293 708 1354 προσεῖναι
735 1288 926 1339 δύναται
954 1290 1011 1355 τῇ
1039 1286 1188 1337 κτίσει
1223 1283 1277 1336 τὸ
1315 1282 1428 1335 εἶναι
1464 1287 1567 1351 φῶς
1602 1284 1725 1346 ἀλη-

65 1379 112 1416 15
134 1368 276 1432 θινὸν,
310 1369 474 1436 ὥσπερ
513 1371 594 1421 οῦν
630 1371 791 1434 ἀμέλει
831 1372 907 1420 καὶ
945 1373 1011 1437 τῷ
1045 1372 1162 1437 Υἱῲ,
1197 1368 1332 1418 ἔσται
1371 1363 1591 1430 δηλονότι
1630 1364 1729 1434 φῶς

133 1449 324 1508 ἀληθινὶν
357 1453 381 1502 ὁ
421 1453 682 1519 ἄνθρωπος,
709 1452 849 1518 μέρος
888 1450 1113 1518 ὑπάρχων
1147 1451 1305 1513 αὐτῆς.
1361 1449 1487 1499 τίσιν
1522 1447 1603 1498 οῦν
1640 1446 1731 1513 ἄρα

135 1531 212 1582 διὰ
246 1537 340 1584 τῶν
376 1535 523 1599 ἁγίων
555 1539 818 1602 προφητῶν
849 1535 873 1585 ὁ
907 1533 1029 1586 Θεός
1064 1534 1139 1583 καὶ
1176 1530 1347 1597 Πατὴρ
1380 1529 1726 1595 ἐπηγγέλλετο,

134 1615 290 1679 λέγων
318 1623 345 1645 “
368 1617 463 1666 Καὶ
498 1619 717 1668 ἀνατελεῖ
748 1618 854 1680 ὑμῖν
883 1619 979 1668 τοῖς
1015 1613 1329 1682 φοβουμένοις
1363 1611 1418 1663 τὸ
1455 1610 1603 1676 ὅνομά
1640 1617 1775 1674 μουῐ)
1794 1617 1875 1693 {1²³¹-
1895 1617 1938 1650 iv.

135 1702 164 1726 ‘⁶
191 1696 324 1761 ἥλιος
351 1699 649 1764 δικαιοσύνης
667 1700 709 1761 ;”
752 1699 800 1749 τί
830 1697 922 1764 γὰρ
959 1696 1017 1748 ἂν
1044 1696 1168 1750 ὅλως
1201 1695 1338 1759 ἡλίου
1372 1699 1455 1745 τοῦ
1489 1692 1727 1759 καταυγά-
1817 1686 1824 1693 ’

68 1794 117 1819 20
137 1777 294 1844 ζοντος
325 1779 379 1830 τὸ
410 1782 509 1831 κατ’
539 1780 764 1845 ἀλήθειαν
791 1779 954 1844 ἐδεήθη
982 1783 1115 1847 φῶς,
1160 1776 1293 1828 ἀλλὰ
1319 1776 1412 1841 μὴν
1439 1778 1501 1829 ὡς
1527 1778 1576 1827 ἐν
1603 1776 1734 1845 χρεία

137 1861 487 1926 καθεστηκόσιν
514 1864 538 1913 ὁ
566 1861 686 1916 Θεὸς
721 1864 798 1913 καὶ
826 1859 996 1927 Πατὴρ
1022 1859 1348 1926 ἐπηγγέλλετο
1374 1858 1545 1910 δώσειν
1571 1856 1730 1919 αὐτὸν,

136 1944 212 1994 καὶ
251 1943 482 2005 λαβόντες
513 1945 874 2014 πεφωτίσμεθα.
929 1943 1081 2009 ἕτερος
1121 1943 1213 2008 ἄρα
1250 1939 1369 2008 πρός
1408 1963 1457 1991 τε
1495 1940 1616 2004 ἡμᾶς
1657 1942 1733 1990 καὶ

136 2024 224 2089 τὴν
259 2025 429 2089 κτίσιν,
457 2026 575 2078 ὅσον
601 2031 663 2081 εὶς
698 2026 960 2091 ταυτότητα
997 2024 1221 2095 φυσικὴν,
1249 2025 1273 2074 ὁ
1311 2021 1605 2089 Μονογενὴς,
1635 2021 1733 2091 φῶς

138 2105 365 2176 ὑπάρχων
390 2107 590 2171 ἀληθινὶν,
621 2110 695 2160 καὶ
723 2108 939 2177 φωτίζειν
965 2106 1175 2177 πεφυκὸς
1201 2105 1261 2157 τὰ
1287 2105 1446 2175 φωτὸς
1474 2102 1684 2166 δεόμενα.

70 2203 118 2238 20
212 2211 345 2241 ΑΛΛο.
386 2195 443 2242 Εἰ
470 2190 535 2256 μὴ
561 2190 704 2254 μόνος
730 2190 889 2245 ὀΥὶὸς
917 2190 1016 2259 φῶς
1041 2191 1172 2240 ε’στιν
1197 2187 1402 2249 ἀληθινὶν,
1425 2187 1517 2254 ἔχει
1544 2185 1592 2237 δὲ
1619 2183 1732 2236 αὐτὸ
1752 2207 1774 2235 0

139 2274 214 2323 καὶ
241 2273 268 2337 ἡ
296 2273 460 2336 κτίσις,
489 2273 623 2324 ἔσται
649 2273 869 2338 δηλονότι
893 2275 968 2324 καὶ
993 2274 1041 2322 ἐν
1066 2271 1190 2335 ἡμῖν.
1239 2275 1373 2324 ποῖος
1400 2270 1481 2320 οῦν
1508 2269 1599 2334 ἄρα
1626 2266 1734 2321 τοὺς

140 2355 298 2420 ἁγίους
333 2356 548 2407 ἀνέπεισε
583 2354 728 2421 λόγος
761 2354 880 2421 πρὸς
916 2354 1042 2405 Θεὸν
1067 2357 1279 2413 ἀναβοᾶν
1306 2350 1734 2420 “Ἐξαπόστειλον
1795 2358 1936 2391 Ps.x1ii.

142 2443 172 2466 “
199 2436 254 2488 τὸ
281 2441 383 2505 φῶς
415 2460 507 2489 σου
542 2439 618 2488 καὶ
651 2436 736 2501 τὴν
761 2434 987 2501 ἀλήθειάν
1012 2436 1164 2497 σου;”
1206 2435 1255 2486 τί
1287 2432 1336 2485 δὲ
1372 2434 1491 2497 ἡμᾶς
1527 2433 1734 2482 ἐντεῦθεν
1797 2411 1826 2442 3-

142 2519 414 2587 ὠφελήσειν
439 2519 640 2583 οἰόμενοι
665 2518 749 2572 τὰς
776 2518 991 2572 τοιαύτας
1018 2515 1255 2570 πολλάκις
1281 2516 1500 2583 ἠφίεσαν,
1520 2513 1623 2564 εἶπέ
1641 2535 1733 2576 μοι,

73 2617 123 2653 30
143 2599 335 2669 φωνάς,
394 2604 432 2651 εὶ
469 2600 553 2664 μὲν
591 2599 683 2666 γὰρ
723 2598 902 2669 ᾔδεσαν
937 2602 985 2651 ἐν
1021 2600 1153 2667 χρείᾳ
1192 2597 1351 2667 φωτὸς
1391 2596 1617 2662 ὑπάρχειν
1652 2593 1736 2645 τὸν

143 2682 406 2747 ἄνθρωπον,
434 2685 510 2733 καὶ
543 2686 626 2746 τῆς
658 2684 768 2749 παρ’
802 2683 959 2749 ἑτέρου
994 2679 1272 2747 προσθήκης
1307 2680 1477 2740 ἐπιδεᾶ,
1510 2680 1610 2730 πῶς
1645 2678 1742 2742 ε’ρεῖ

142 2787 213 2819 τις
239 2764 496 2828 ἀληθεύων,
525 2764 596 2815 ὅτι
623 2764 721 2834 φῶς
746 2764 943 2832 ὑπάρχει
975 2767 1048 2814 καὶ
1079 2762 1216 2816 αὐτὸς
1243 2759 1464 2821 ἀληθινῶς
1505 2763 1542 2810 εἰ
1574 2758 1623 2810 δὲ
1653 2760 1737 2810 οὑκ

191 2882 225 2916 6.
252 2885 327 2918 νοῦς
344 2883 598 2925 κατωνόμασται
614 2882 753 2916 inverso
771 2881 892 2916 ordine
913 2881 954 2915 B.
1072 2892 1124 2925 19.
1151 2879 1190 2914 ἂν
1208 2890 1277 2914 om.
1299 2877 1342 2912 B.
1456 2885 1510 2922 27.
1537 2877 1674 2911 ἔπεισεν
1692 2875 1736 2910 Β.

144 2929 293 2971 ἀναβοᾶν
309 2930 394 2974 πρὸς
412 2930 499 2963 Θεὸν
515 2929 654 2963 inverso
671 2928 792 2963 ordine
813 2928 854 2962 B.

906 2986 930 3014 Ο
956 2987 978 3015 2
