2084 3317
333 185 415 224 252
735 185 785 225 B.
818 185 1091 226 CYRILLI
1133 185 1515 227 ALEXANDR.
1772 182 1829 223 iii.
1849 195 1917 237 34.

111 287 272 353 Effoddv.
335 300 362 322 ‘⁶
389 293 646 358 Αἴγυπτον,
688 299 762 345 καὶ
807 296 920 360 ἐρεῖς
966 293 1084 358 πρὸς
1130 294 1308 360 Φαραώ
1353 293 1479 346 Τάδε
1525 292 1650 359 λέγει
1697 291 1916 357 Κύριος·”

110 380 233 412 Hier.i.
246 388 274 421 7·
334 374 452 440 πρὸς
476 376 701 441 Ἱερεμίαν
727 375 781 426 δέ
806 398 858 441 γε
891 375 973 425 τὸν
999 376 1248 441 ἱερώτατον
1276 383 1301 404 “
1324 376 1410 439 Μὴ
1446 375 1555 441 λέγε
1591 374 1662 425 ὅτι
1699 375 1920 438 νεώτερος·

334 463 361 485 “
385 457 477 522 ἐγώ
528 461 634 519 εἰμι,
688 457 757 507 ὅτι
806 456 926 522 πρὸς
980 456 1160 510 πάντας
1216 457 1295 511 οῦς
1352 457 1432 508 ἐὰν
1480 455 1810 525 ἐξαποστείλω
1859 475 1919 504 σε

332 545 358 567 “
384 537 609 606 πορεύσῃ,
645 540 719 588 καὶ
753 537 872 588 κατὰ
906 538 1063 589 πάντα
1099 537 1193 588 ὅσα
1226 538 1306 589 ε’ἀν
1340 538 1618 602 ἐντείλωμαί
1647 559 1727 588 σοι
1761 534 1917 599 λαλή-

331 626 358 648 “
385 619 514 672 σεις.’
602 619 650 669 τί
694 619 776 669 οῦν
821 619 913 685 ἄρα
954 619 1009 670 τὸ
1053 620 1202 670 πλέον
1244 621 1293 670 ἐν
1332 623 1398 688 τῷ
1442 618 1561 670 κατὰ
1607 619 1756 687 φύσιν
1793 621 1915 686 Υἱῷ,

331 706 560 751 λαλοῦντι
606 699 664 750 τὰ
709 706 791 751 τοῦ
833 704 959 751 Θεοῦ
1001 700 1203 767 ῥήματα,
1249 703 1325 752 διὰ
1369 701 1422 753 τὸ
1465 699 1766 752 ἀπεστάλθαι
1808 699 1917 763 παρ’

329 782 502 844 αὐτοῦ,
557 780 808 849 προφήτης
852 783 976 846 ἡμῖν,
1019 785 1081 836 ὡς
1123 783 1281 846 ἔοικεν,
1320 783 1709 850 ἀναδειχθήσεται
1752 780 1916 843 πάλιν,

329 865 404 914 καὶ
450 864 605 930 ἕτερον
649 864 794 926 οὐδὲν,
841 864 959 916 ὅσον
998 865 1108 929 ἧκεν
1149 869 1291 917 εἰπεῖν
1332 870 1394 920 εἷς
1439 866 1521 916 τὸν
1561 866 1644 928 τῆς
1686 863 1919 916 διακονίας

329 943 523 1011 τρόπον.

107 1038 188 1073 169
206 1037 257 1074 Α.
291 1048 313 1072 a
405 1027 594 1077 Οὐκοῦν
620 1027 673 1078 τό
709 1028 976 1079 Ἀπέστειλε
1014 1028 1199 1092 νοήσεις
1235 1030 1283 1080 ἐν
1309 1029 1503 1091 τούτοις,
1529 1028 1558 1094 ὴ
1585 1027 1704 1080 κατὰ
1728 1027 1811 1079 τὸν
1836 1030 1919 1092 τῆς

330 1108 730 1175 ἐνανθρωπήσεως
775 1109 936 1175 λόγον,
980 1111 1055 1160 καὶ
1099 1108 1186 1173 τὴν
1231 1112 1279 1161 ἐν
1322 1114 1439 1181 τῷδε
1481 1114 1547 1180 τῷ
1591 1109 1758 1179 κόσμῳ
1801 1109 1920 1173 μετὰ

328 1189 508 1256 σαρκὸς
535 1191 852 1259 ἐπιφοίτησιν·
895 1190 924 1255 ἢ
951 1190 1098 1242 πάλιν
1123 1191 1314 1261 ἐκλήψῃ
1341 1192 1743 1259 θεοπρεπέστερόν
1768 1214 1818 1243 τε
1844 1195 1920 1243 καὶ

328 1272 720 1341 ἀξιολογώτερον.
763 1274 817 1323 οὐ
843 1272 935 1339 γὰρ
962 1274 1167 1342 ἔκρυψεν
1192 1275 1240 1325 ἐν
1266 1275 1414 1344 ἑαυτῷ
1439 1273 1522 1325 τὸν
1538 1272 1657 1325 Υἱὸν
1682 1275 1707 1324 ὀ
1737 1273 1919 1339 Πατὴρ,

327 1353 438 1404 ἀλλ’
480 1356 527 1404 ἐκ
567 1357 650 1417 τῆς
689 1355 807 1408 ἰδίας
845 1353 1093 1424 ἐξέλαμψε
1136 1355 1340 1424 φύσεως,
1380 1359 1442 1410 ὡς
1482 1358 1532 1408 ἐκ
1571 1354 1728 1425 φωτὸς
1768 1354 1920 1407 ἀπαύ-

327 1458 509 1501 γασμα,
548 1435 668 1486 κατὰ
711 1435 794 1487 τὸν
832 1435 1087 1506 ἄφραστον
1124 1460 1174 1488 τε
1218 1441 1294 1489 καὶ
1340 1437 1630 1507 ἀνεξήγητον
1667 1440 1749 1502 τῆς
1793 1438 1919 1492 θείας

327 1519 591 1583 γεννήσεως
627 1517 819 1585 τρόπον·
866 1518 891 1569 ὃ
930 1518 986 1583 δὴ
1026 1521 1102 1570 καὶ
1137 1519 1275 1573 αὐτὸς
1313 1520 1424 1584 ἡμῖν
1456 1520 1671 1589 διεσάφει
1706 1519 1861 1585 λέγων
1891 1521 1917 1571 ὁ

103 1599 240 1675 ξζῖξζζὸ.
329 1599 607 1666 Μονογενής
631 1607 658 1630 “
678 1599 809 1666 Ἐγὼ
835 1602 885 1651 ἐκ
912 1607 994 1652 τοῦ
1024 1600 1214 1668 Πατρὸς
1239 1603 1443 1671 ἐξῆλθον
1469 1604 1544 1654 καὶ
1569 1603 1715 1674 ἤκω·”
1754 1602 1919 1677 ἐξελή-

282 1685 307 1727 b
327 1686 438 1732 λυθε
471 1681 564 1747 γὰρ
603 1683 653 1732 ἐκ
686 1688 770 1733 τοῦ
798 1682 991 1750 Πατρὸς
1025 1687 1086 1738 εἷς
1124 1686 1242 1735 ἰδίαν
1269 1685 1473 1753 ὕπαρξιν
1498 1687 1522 1736 ὁ
1548 1683 1675 1748 Υἱὸς,
1703 1688 1738 1736 εἰ
1769 1687 1845 1736 καὶ
1870 1686 1920 1736 ἐν

325 1766 451 1831 αὐτῷ
477 1764 595 1815 κατὰ
621 1764 771 1833 φύσιν
799 1766 916 1816 ε’στί·
958 1768 1034 1816 καὶ
1061 1766 1176 1833 ὅπερ
1204 1767 1313 1831 ἡμῖν
1340 1769 1387 1818 ἐν
1414 1768 1568 1837 ἐκείνῳ
1595 1769 1648 1818 τό
1675 1767 1921 1836 Ἐξῆλθον

1939 626 1962 665 5

1942 1046 1990 1073 10

324 1846 557 1909 σημαίνει,
600 1851 738 1897 τοῦτο
784 1846 935 1897 πάλιν
979 1849 1179 1899 ἐνταῦθα
1223 1849 1277 1900 τὸ
1322 1849 1624 1901 ἀπεστάλθαι
1670 1852 1822 1914 δηλοῖ.
1892 1851 1988 1902 <320

324 1928 492 1990 τοίνυν,
534 1931 700 1994 φησὶν,
742 1930 792 1979 ἐκ
836 1928 1030 1993 Πατρὸς
1073 1930 1297 1999 πεφηνώς
1341 1954 1389 1982 τε
1436 1932 1512 1981 καὶ
1556 1933 1920 2000 ἀπαστραφθεῖς

328 2008 496 2075 Λόγος,
530 2008 610 2060 ἅτε
650 2009 706 2074 δὴ
744 2009 864 2064 Θεὸς
904 2010 1130 2078 ὑπάρχων
1160 2014 1209 2063 ἐκ
1245 2016 1384 2075 Θεοῦ,
1416 2018 1513 2067 τοῖς
1552 2017 1619 2083 τῷ
1653 2017 1763 2083 Θεῷ
1799 2013 1913 2079 πρέ-

324 2114 471 2142 πουσι
511 2091 792 2159 κεχρήσεται
831 2093 1011 2157 λόγοις·
1055 2093 1193 2159 λόγοι
1230 2094 1277 2145 δὲ
1312 2094 1371 2145 ἂν
1405 2092 1492 2146 εἶεν
1523 2099 1631 2165 Θεῷ
1663 2095 1919 2162 πρέποντες

325 2177 368 2224 οἱ
406 2176 612 2238 ἀληθεῖς,
655 2176 730 2225 καὶ
769 2174 855 2238 τὴν
893 2174 987 2226 ἀπὸ
1027 2182 1110 2227 τοῦ
1149 2178 1412 2244 ψεύδεσθαι
1451 2181 1622 2241 κηλῖδα
1663 2177 1918 2244 παραιτού-

326 2278 469 2317 μενοι.
536 2257 702 2306 οὐκοῦν
746 2257 770 2306 ὁ
816 2256 1080 2319 λαμβάνων
1122 2264 1204 2309 τοῦ
1248 2262 1469 2326 Σωτῆρος
1511 2258 1596 2323 τὴν
1635 2260 1913 2326 μαρτυρίαν,

289 2336 638 2404 Οέσφράγισεν,
672 2337 742 2388 ὅτι
777 2337 899 2392 Θεὸς
934 2339 1116 2404 ἀληθής
1149 2342 1297 2391 ἐστιν·
1343 2341 1447 2392 ε”στι
1486 2340 1580 2407 γὰρ
1619 2340 1764 2395 ὅντως
1798 2341 1919 2393 κατὰ

327 2419 476 2487 φύσιν
504 2418 639 2474 Θεός.

371 2604 403 2637 3.
431 2593 676 2636 ἐξαποστέλλω
698 2593 738 2628 Β.
757 2595 911 2628 voluitne
929 2595 1174 2638 ἐξαποστελῶὲ
1195 2596 1239 2630 cf.
1258 2596 1292 2630 in
1311 2597 1357 2630 xii
1376 2596 1506 2642 Proph.
1529 2609 1570 2643 13
1584 2598 1618 2633 b.
1803 2612 1837 2642 4.
1863 2600 1916 2635 ἐν-

323 2638 472 2682 τέλωμαί
492 2640 532 2673 Β.
681 2653 714 2684 5.
739 2641 844 2675 πλέον
865 2641 905 2675 Β.
922 2644 1042 2676 πλεῖον
1062 2642 1127 2676 Ed.
1286 2654 1338 2677 12.
1365 2659 1399 2678 τε
1419 2653 1641 2690 assumptum
1660 2658 1700 2680 ex
1722 2645 1751 2680 B
1773 2645 1915 2692 [supra-

324 2685 526 2732 scriptum]
664 2688 715 2721 18.
741 2690 801 2721 τοῦ
820 2700 890 2721 om.
912 2688 957 2723 Β.
1091 2701 1143 2733 19.
1172 2690 1317 2734 ἐξῆλθον
1338 2690 1377 2724 Β.
1397 2691 1549 2734 ἐξελθεῖν
1568 2692 1634 2726 Ed.
1779 2704 1834 2727 20.
1860 2693 1913 2728 ἐν·

324 2732 445 2778 mireo]
468 2733 503 2767 ἐν
520 2733 627 2780 τούτῳ
647 2733 687 2767 Β.
844 2745 898 2769 21.
925 2736 1036 2780 φησὶν
1053 2747 1124 2769 om.
1146 2736 1187 2770 B.
1343 2737 1397 2772 26.
1424 2737 1493 2783 ὅτι]
1518 2743 1553 2780 -1-
1576 2740 1594 2773 ὁ
1614 2738 1680 2774 Ed.
1699 2739 1808 2774 invito
1828 2739 1856 2773 Β
1876 2746 1916 2775 ut

324 2791 440 2824 supra.
508 2780 602 2813 ἐστὶν
618 2781 683 2826 γὰρ
702 2783 719 2815 ὁ
738 2783 822 2817 Θεὸς
840 2782 923 2816 κατὰ
940 2781 1049 2827 φύσιν
1066 2783 1200 2826 ἀληθῶς
1218 2783 1320 2820 ὅντως
1340 2784 1381 2818 Β.

1938 2281 1986 2320 25
