2084 3317
332 153 417 193 414
736 154 787 195 B.
820 155 1095 196 CYRILLI
1136 155 1519 196 ALEXANDR.
1778 155 1834 196 vi.
1858 168 1920 195 10.

333 260 538 326 λέγοντα
578 264 769 314 δεικνύει
812 263 896 314 τὸν
934 265 1125 328 Ἰησοῦν
1156 262 1223 314 ’ΧΩ
1261 266 1452 329 βραδεῖς
1492 267 1553 318 εἷς
1595 262 1649 315 τὸ
1686 263 1772 328 τὴν
1809 262 1924 328 ἐμὴν

334 343 540 395 συνιέναι
576 345 786 408 δύναμιν,
821 347 897 396 καὶ
929 348 1099 409 νοῆσαι
1133 347 1200 398 τίς
1232 346 1256 396 ὁ
1289 349 1457 396 λαλῶν
1481 344 1792 396 Ἀνακλίνατε
1817 343 1926 398 τοὺς

336 424 522 491 ἄνδρας,
549 426 603 476 ἵν’
633 428 682 476 ἐκ
707 426 904 491 μηδενὸς
931 432 1014 478 τοῦ
1043 428 1153 493 παρ’
1184 427 1291 490 ὑμῖν
1317 426 1527 490 κειμένου
1550 425 1921 494 κατακορεσθέν-

336 529 420 561 τας
464 508 662 573 ὁρῶντες
706 507 982 574 θαυμάζητε.
1054 511 1333 559 ἀνακλίνατε
1378 507 1487 562 τοῦς
1527 508 1716 575 ἄνδρας.
1785 514 1926 559 τοῦτο

337 588 431 655 γὰρ
464 590 620 644 αὐτοῖς
657 590 712 641 τὸ
751 590 916 641 λεῖπον
951 592 1099 641 ἐστιν·
1144 591 1197 641 οὐ
1234 589 1328 656 γὰρ
1365 588 1560 656 δηνάρια
1597 589 1681 654 μὲν
1711 588 1969 643 διακόσια5

337 670 397 721 τὰ
435 669 617 737 ζωαρκῆ
658 676 755 725 τοῖς
789 670 951 740 ὄχλοις
985 677 1242 738 περιποιεῖν
1277 670 1336 722 ἂν
1371 671 1560 739 ἴσχυσε,
1588 671 1843 739 χρημάτων
1880 671 1928 722 δὲ

299 756 434 802 Θτῶν
468 754 516 803 ἐν
551 752 814 819 ἀνθρώποις
852 753 906 804 τὸ
944 759 1073 817 μεῖον
1107 755 1154 804 ἐν
1193 757 1260 823 τῷ
1297 752 1529 804 δύνασθαι
1567 753 1802 820 σώζειν,ή
1841 752 1929 818 ἐμὴ

339 832 614 898 κεκτήσεται
641 834 847 899 δύναμις,
874 836 901 900 ἡ
926 834 1084 887 πάντα
1107 835 1227 902 πρὸς
1260 833 1315 886 rb
1349 833 1464 885 εἶναι
1490 841 1710 886 καλοῦσα
1735 837 1809 886 καὶ
1834 839 1930 886 τῶν

338 915 396 985 ἐξ
436 917 520 967 οὐκ
564 916 713 968 ὅντων
755 917 1056 984 δημιουργός·
1117 918 1220 969 οὐδὲ
1263 917 1439 971 Ἠλίας
1482 916 1568 981 μὲν
1612 918 1637 967 ὁ
1679 917 1930 987 προφήτης

112 1007 245 1090 ἓξὲξ-4
341 999 531 1049 ἀνενδεᾶ
565 998 648 1050 τὸν
672 1000 955 1067 ἐλαιοφόρον
982 1003 1066 1064 τῆς
1097 999 1246 1067 χήρας
1280 999 1416 1050 ἐτίθει
1451 999 1726 1067 καμψάκην,
1752 999 1930 1066 μητέρα
1953 1020 2000 1045 10

185 1074 192 1081 ⁰
249 1075 256 1082 ⁰
339 1103 388 1131 τε
421 1082 724 1133 ἀνεκλείπτου
757 1085 937 1150 τροφῆς
968 1081 1055 1147 τὴν
1081 1082 1242 1149 ὑδρίαν
1269 1079 1499 1143 ἀπετέλει,
1527 1082 1552 1131 ὁ
1579 1080 1628 1132 δὲ
1653 1082 1847 1152 κάκείνῳ
1873 1080 1928 1132 rb

338 1162 571 1214 δύνασθαι
603 1163 770 1227 διδοὺς,
798 1165 880 1214 οὐκ
915 1163 974 1214 ἀν
1000 1164 1228 1233 ἐξίσχυσε
1262 1162 1666 1214 πολυπλασιάσαι
1692 1163 1746 1214 rb
1773 1164 1930 1228 μηδὲν,

339 1247 414 1295 καὶ
445 1245 499 1295 τὸ
535 1245 813 1312 προστυχὸν
840 1247 1006 1299 ἁπλῶς
1044 1249 1128 1310 τῆς
1166 1244 1369 1313 ἀῤῥήτου
1408 1245 1682 1312 φιλοτιμίας
1713 1245 1930 1312 ἐργάσα-

339 1331 455 1377 σθαι
480 1325 651 1393 πηγὴν,
679 1331 754 1378 καὶ
781 1326 1010 1392 ἀδοκήτου
1037 1327 1228 1395 χάριτος
1254 1325 1404 1394 ἀρχήν
1430 1349 1479 1377 τε
1505 1328 1582 1377 καὶ
1607 1325 1766 1394 ῥίζαν,

116 1422 197 1457 281
212 1422 265 1456 A.
300 1432 322 1456 a
414 1412 623 1460 Τοιαῦτα
661 1409 747 1473 μὲν
785 1410 866 1461 οῦν
906 1412 1126 1474 ἐννοῆσαι
1164 1408 1309 1478 τυχὸν
1348 1410 1432 1460 οὐκ
1470 1410 1699 1461 ἀπίθανον
1735 1410 1810 1462 διὰ
1848 1414 1931 1475 τῆς
1954 1431 2000 1470 15

341 1490 594 1561 ἐμφάσεως
638 1494 776 1544 οἱονεὶ
820 1491 1022 1558 λέγοντα
1065 1492 1148 1544 τὸν
1192 1491 1426 1559 Χριστόν·
1483 1492 1836 1556 ἐπισημαίνεται
1881 1492 1932 1544 δὲ

341 1574 588 1642 χρησίμως
622 1575 647 1625 ὃ
681 1573 907 1640 μακάριος
935 1573 1313 1641 Εὐαγγελιστὴς,
1341 1573 1412 1625 ὅτι
1443 1578 1518 1625 καὶ
1550 1572 1706 1644 χίρτος
1740 1571 1782 1636 ἧν
1809 1576 1847 1628 ἐν
1870 1574 1931 1645 rc}

340 1655 462 1727 τὸπῳ
498 1656 654 1721 πολῖις,
681 1657 946 1722 ἐπιτηδείως
979 1655 1149 1725 ἔχοντα
1181 1656 1265 1708 τὸν
1298 1661 1454 1724 χῶρον
1485 1656 1605 1723 πρὸς
1638 1656 1693 1708 τὸ
1729 1659 1804 1708 καὶ
1839 1659 1935 1709 δεῖν

340 1740 681 1791 ἀνακλίνεσθαι
729 1738 838 1794 τοῦς
888 1740 1061 1805 ἄνδρας
1110 1737 1379 1793 ἐπιδεικνύς.
1454 1737 1658 1805 ἐπιτήρει
1710 1739 1758 1790 δὲ
1806 1739 1935 1794 ὅπως

341 1820 713 1887 ἀναμεμιγμένης
748 1826 809 1874 εἰς
845 1821 1012 1886 ἑαυτὴν
1039 1823 1122 1885 τῆς
1155 1825 1250 1872 τῶν
1276 1821 1577 1890 τρεφομένων
1602 1821 1830 1885 πληθύος,
1859 1823 1935 1873 καὶ
1954 1845 2004 1870 20

342 1907 575 1968 γυναικῶν
626 1903 846 1967 δηλονότι
903 1908 1162 1969 παρουσῶν
1217 1901 1309 1954 σῦν
1358 1902 1545 1966 τέκνοις,
1596 1902 1769 1968 μόνους
1825 1903 1935 1957 τοὺς

344 1984 516 2050 ἄνδρας
551 1985 930 2051 ἀπηριθμήσατο,
958 1990 1060 2039 ταῖς
1093 1984 1213 2036 κατὰ
1247 1983 1330 2036 τὸν
1357 1984 1501 2048 νόμον
1528 1987 1589 2039 ὡς
1620 1982 1748 2049 οἶμαι
1780 2008 1929 2050 συνη-

300 2067 486 2121 ὒθείαις
530 2068 820 2118 ἀκολουθῶν.
880 2066 1207 2121 διατάττοντος
1252 2065 1346 2132 γὰρ
1391 2072 1473 2117 τοῦ
1518 2070 1657 2130 Θεοῦ,
1701 2069 1777 2118 καὶ
1817 2065 1937 2134 πρὸς

122 2156 264 2239 {gmi-
345 2147 428 2199 τὸν
467 2147 747 2217 ἱεροφάντην
790 2149 1014 2214 λέγοντος
1051 2148 1267 2200 Μωυσέα
1305 2156 1332 2179 “
1354 2148 1540 2210 Λάβετε
1583 2148 1734 2217 ἀρχὴν
1774 2148 1936 2214 πάσης

146 2224 152 2236 ’
189 2222 197 2230 ’
345 2237 372 2259 “
399 2233 683 2296 συναγωγῆς
728 2233 838 2281 υἱῶν
883 2230 1085 2297 Ἰσραὴλ
1134 2230 1254 2281 κατὰ
1300 2232 1592 2297 συγγενείας,
1637 2232 1736 2282 κατ’
1784 2230 1937 2285 οἴκους
1956 2250 2005 2289 25

345 2319 372 2342 “
397 2317 624 2379 πατριῶν,
652 2311 772 2363 κατὰ
795 2312 994 2379 ἀριθμὸν
1020 2312 1077 2381 ἐξ
1099 2311 1345 2376 ὀνόματος,
1374 2312 1495 2364 κατὰ
1523 2312 1740 2381 κεφαλὴν
1765 2313 1936 2376 αὐτῶν,

345 2402 372 2424 “
398 2399 494 2446 πᾶν
537 2395 685 2461 ἄρσεν
728 2393 822 2446 ἀπὸ
867 2398 1150 2448 εἰκοσαετοῖς
1193 2397 1269 2446 καὶ
1313 2393 1516 2446 ἐπάνω·”
1565 2396 1838 2446 ἀπετελεῖτο
1881 2393 1937 2446 rb

343 2475 665 2545 προσταχθὲν,
690 2479 765 2528 καὶ
791 2475 971 2543 μακρὸν
997 2476 1081 2540 μὲν
1106 2476 1351 2541 ὀνομάτων
1379 2477 1403 2527 ὁ
1428 2476 1678 2546 προφήτης
1705 2477 1938 2529 συνετίθει

396 2653 425 2676 Ι.
442 2641 554 2687 λέγων
571 2642 736 2676 δείκνυται
753 2643 771 2675 ὁ
788 2640 922 2684 Ἰησοῦς
939 2653 968 2675 a.
987 2640 1136 2675 δείκνυσι
1153 2639 1194 2674 Β.
1213 2639 1353 2674 δεικνύει
1370 2639 1476 2675 habet
1489 2639 1595 2675 Cord.
1693 2651 1726 2674 2.
1742 2640 1937 2674 ἀνακλίνετε

345 2687 454 2723 Cord.
582 2699 616 2733 3.
643 2689 671 2722 εἶ
690 2688 771 2731 (sic)
790 2700 851 2733 pro
868 2687 907 2722 ἵν’
930 2688 971 2722 Β.
1098 2686 1131 2721 6.
1158 2686 1298 2732 ἶσχύσει
1319 2687 1360 2721 Β.
1482 2696 1514 2732 7.
1540 2688 1579 2722 τὸ
1596 2686 1657 2730 μὲν
1674 2698 1736 2731 pro
1753 2690 1819 2721 τῶν
1836 2686 1871 2721 ἐν
1892 2686 1934 2721 Β.

349 2763 401 2786 Ιῐ.
427 2751 582 2786 ἀπετέλει
603 2751 643 2785 Β.
662 2752 822 2786 ἀποτελεῖ
841 2750 908 2785 Ed.
1056 2762 1109 2793 14.
1135 2750 1269 2795 πληγὴν
1287 2750 1376 2795 (sic)
1398 2751 1439 2785 B.
1596 2751 1649 2784 18.
1675 2748 1805 2795 χῶρον]
1824 2742 1938 2795 χώρου

345 2798 404 2843 (=
420 2798 567 2844 χόρτον)
588 2798 629 2832 Β.
794 2809 849 2833 20.
876 2798 996 2842 ἑαυτὴν
1014 2797 1061 2831 D.
1079 2797 1181 2841 αὑτὴν
1201 2797 1242 2830 Β.
1262 2798 1380 2832 ἑαυτὸν
1398 2798 1465 2832 Ed.
1626 2808 1683 2831 21.
1709 2797 1774 2832 σὺν
1790 2794 1934 2842 τέκνοις]

345 2855 525 2898 συντέκνῧὲ
544 2862 585 2896 Β.
921 2872 975 2896 22.
1002 2860 1259 2905 ἀπαριθμήσατε
1279 2860 1326 2895 D.
1399 2861 1459 2895 τὸν
1475 2865 1699 2904 assumptum
1717 2871 1760 2893 ex
1778 2859 1821 2894 B.
1841 2858 1936 2893 Catt.

347 2919 402 2951 24.
430 2909 581 2953 Μωυσὴν
597 2908 708 2954 λέγων
727 2909 768 2942 Β.
945 2918 1001 2954 27.
1026 2910 1092 2943 πᾶν
1109 2907 1216 2952 ἄρσεν
1234 2907 1275 2941 Β.
1294 2909 1366 2952 (19.
1384 2907 1445 2951 al.)
1464 2907 1509 2941 cf.
1530 2907 1638 2941 Hom.
1659 2905 1784 2940 Pasch.
1802 2906 1850 2940 ix.
1872 2905 1937 2950 136

346 2955 420 2989 init.
437 2957 502 2991 πᾶς
519 2955 628 3001 ἅρσην
647 2955 713 2990 Ed.
858 2956 912 2989 28.
939 2953 1176 3000 προσταχθέν]
1195 2954 1348 2999 πραχθέν
1368 2954 1413 2988 D.
