2084 3317
126 150 198 192 vii.
218 164 284 204 24.
359 152 434 194 IN
475 153 517 194 S.
551 153 884 196 JOANNEM.
946 155 1071 197 LIB.
1105 156 1183 198 IV.
1246 158 1380 201 CAP.
1404 160 1483 202 VI.
1629 163 1712 205 617

125 262 238 324 θητε
263 258 318 312 τὸ
345 262 684 329 διηγγελμένον
711 263 785 325 Μὴ
815 267 967 335 κρίνετε
997 270 1096 317 κατ’
1126 263 1249 335 ὄψιν,
1276 269 1413 320 ἀλλὰ
1439 268 1507 329 τὴν
1534 267 1713 322 δικαίαν

127 343 262 410 κρίσιν
290 345 468 413 κρίνατε.
519 348 556 395 εἰ.
581 344 666 409 μὲν
691 345 786 413 γὰρ
811 346 903 416 ἔξω
933 353 1018 398 τοῦ
1048 354 1338 414 παρανομεῖν
1363 352 1594 403 τεθείκατε
1629 351 1712 404 τὸν

127 424 354 488 Μωυσέα,
382 428 457 477 καὶ
483 429 565 490 τῆς
597 429 672 478 ἐπὶ
708 428 859 499 τούτῳ
895 429 1238 495 καταγνώσεως
1271 433 1478 497 ἀμοιρεῖν
1503 434 1553 484 εὖ
1578 432 1710 497 μάλα
1729 444 1756 486 d

121 511 363 561 ποιοῦντες
383 508 649 576 λογίζεσθε,
669 511 818 562 καίτοι
842 511 1153 578 παραλύοντα
1179 512 1262 564 τὸν
1281 514 1354 565 ἐπὶ
1381 518 1447 584 τῷ
1471 515 1710 587 σαββάτῳ

78 599 101 639 5
123 587 305 651 θεσμὸν
354 589 430 641 διὰ
480 589 566 656 τὴν
612 593 663 643 ἐκ
712 592 929 661 πατέρων
972 594 1243 661 περιτομὴν,
1289 597 1566 649 ἀπολύσατε
1617 603 1713 650 τῶν

122 668 435 735 ἐγκλημάτων
460 676 536 725 καὶ
562 673 644 726 τὸν
671 673 789 726 Υὶὸν
814 678 872 744 τῇ
904 681 987 727 τοῦ
1013 675 1206 742 Πατρὸς
1241 679 1310 728 ἀεὶ
1348 679 1713 747 συμφερόμενον

119 750 302 821 γνώμῃ,
329 756 404 805 καὶ
430 760 528 810 τοῖς
553 757 724 808 ἐκείνου
756 764 1070 809 συναινοῦντα
1105 759 1361 824 θελήμασι,
1387 763 1463 812 καὶ
1498 761 1618 829 ἅπερ
1654 761 1711 814 ἂν

119 834 384 902 ἐργάζηται,
413 843 561 890 ταῦτα
593 842 669 891 καὶ
704 839 846 891 αὐτὸν
871 842 1042 906 ὁμοίως
1076 849 1225 895 ποιεῖν
1253 847 1533 910 εἰθισμένον.
1590 852 1627 898 εἱ
1662 847 1710 899 δὲ

117 915 266 980 μόνου
300 920 624 988 καταδικάζετε
660 928 744 974 τοῦ
771 926 903 986 Υἱοῦ,
934 925 1150 976 Μωυσέα
1183 926 1250 990 μὴ
1287 928 1534 994 κρίνοντες,
1561 935 1709 981 καίτοι

50 1016 100 1043 10
118 1003 214 1052 τοῖς
244 999 380 1064 ἰ’σοις,
407 1005 572 1070 φησὶν,
599 1003 886 1071 ἐνεχόμενον,
912 1004 1080 1073 οἷσπερ
1117 1006 1177 1058 ἂν
1201 1008 1357 1061 οἴεσθε
1392 1011 1508 1074 κάμὲ
1544 1011 1620 1062 διὰ
1653 1011 1707 1063 τὸ
1726 1033 1748 1059 e

117 1081 386 1147 σάββατον,
435 1089 538 1140 πῶς
589 1087 694 1154 οὐχὶ
744 1086 800 1152 δὴ
851 1087 934 1139 τὸν
980 1091 1105 1140 θεῖον
1149 1097 1406 1147 πατοῦντες
1453 1093 1709 1146 ἁλώσεσθε

117 1162 276 1228 νόμον,
302 1168 378 1217 καὶ
409 1171 505 1221 τοῖς
531 1168 711 1220 ἄνωθεν
737 1170 1052 1238 ἐνυβρίζοντες
1087 1171 1211 1239 ὅροις
1246 1176 1705 1245 καταληφθήσεσθε,

117 1247 244 1297 αἰδοῖ
263 1251 322 1316 τῇ
347 1249 458 1316 περί
478 1273 608 1305 τινας
639 1250 723 1302 τὸν
749 1253 823 1303 ἐπὶ
858 1256 926 1322 τῷ
960 1253 1019 1304 τὰ
1056 1254 1209 1306 δίκαια
1243 1256 1412 1322 κρίνειν
1437 1259 1703 1328 παραφθεί-

114 1350 276 1393 ροντες
310 1330 473 1397 λόγον,
499 1335 574 1384 καὶ
609 1337 705 1384 τῶν
740 1334 877 1385 θείων
909 1335 1218 1400 ἐνταλμάτων
1243 1338 1512 1404 ποιούμενοι
1551 1342 1704 1408 κρείτ-

49 1424 96 1463 Ι5
115 1432 242 1474 τονα,
281 1412 364 1465 τὸν
403 1412 440 1485 ᾧ
483 1414 569 1480 τὴν
606 1417 656 1468 ἐκ
696 1418 1121 1488 προσωποληψίας
1167 1420 1282 1472 αἶδὼ
1325 1429 1707 1489 παρανομοῦντες

114 1492 393 1560 χαρίζεσθε·
382 1537 395 1558 ,

188 1576 496 1645 Ἐπιτηρειτω
533 1579 582 1631 δὲ
616 1579 764 1633 πάλιν
799 1583 824 1633 ὁ
863 1606 1060 1639 συνετος
1098 1586 1331 1652 ἀκροατὴς
1371 1593 1453 1640 τοῦ
1485 1592 1707 1657 Σωτῆρος

112 1656 246 1721 ἡμῶν
289 1663 507 1727 Χριστοῦ
551 1662 638 1728 τὴν
682 1663 982 1734 ἀξιάγαστον
1025 1691 1207 1768 τεχνην.
1279 1670 1425 1734 νόμου
1467 1671 1561 1739 γὰρ
1606 1672 1707 1727 ἑνὸς

112 1739 458 1807 ἐγκαλουμενος
521 1745 681 1809 λύσιν,
741 1746 817 1798 διὰ
879 1754 1081 1801 πολλῶν
1136 1751 1259 1818 ἄγαν
1316 1761 1706 1820 παρανομοῦντας

42 1841 95 1866 20
113 1822 308 1891 ε’λέγχει,
352 1829 604 1896 μονονουχὶ
647 1827 702 1880 τὸ
746 1830 1055 1896 εὐαγγελικὸν
1099 1834 1243 1885 ἐκεῖνο
1289 1841 1456 1887 λαλῶν
1501 1844 1529 1867 “
1553 1838 1619 1889 Τί
1659 1836 1744 1888 &a
1773 1852 1858 1886 422
1874 1852 1928 1887 A.

112 1910 140 1933 ‘⁶
165 1906 361 1966 βλέπεις
387 1907 442 1960 τὸ
467 1908 650 1979 κάρφος
679 1910 732 1962 τὸ
765 1913 813 1963 ἐν
837 1916 904 1983 τῷ
942 1915 1184 1986 ὀφθαλμῷ
1218 1923 1302 1968 τοῦ
1339 1920 1554 1987 ἀδελφοῦ
1589 1943 1700 1984 σου,
1766 1903 1927 1985 ffingtth'

112 1993 140 2016 ‘⁶
167 1988 255 2052 τὴν
287 1988 335 2040 δὲ
370 1991 419 2042 ἐν
449 1995 515 2061 τῷ
552 1996 628 2063 σῷ
665 1994 906 2065 ὀφθαλμῷ
945 1996 1085 2048 δοκὸν
1122 1999 1176 2049 οὐ
1214 2005 1453 2055 κατανοεῖς
1476 2003 1519 2064 ;”
1560 2003 1704 2054 κακὸν

110 2069 194 2119 οῦν
232 2070 324 2137 ἄρα
361 2070 416 2124 τὸ
455 2097 627 2141 κρινειν
665 2077 865 2143 ἑτερους·
926 2085 953 2108 “
978 2079 1064 2130 Ἐν
1103 2079 1140 2150 ᾧ
1185 2079 1279 2148 γάρ
1323 2105 1392 2136 τις
1435 2084 1576 2150 κρίνει
1621 2085 1705 2136 τὸν
1765 2098 1861 2129 Rom.
1880 2099 1912 2129 ii-

109 2157 138 2181 ‘⁶
167 2151 338 2219 ἕτερον,
373 2155 538 2207 ἑαυτου
573 2180 852 2225 κατακρινει,
857 2160 881 2176 ”
910 2161 1030 2213 κατὰ
1067 2162 1122 2213 τὸ
1161 2164 1502 2230 γεγραμμένον.
1555 2166 1702 2219 διάτοι
1768 2151 1795 2172 I·

41 2250 90 2289 25
110 2239 250 2286 τοῦτο
289 2238 364 2287 καὶ
402 2240 511 2305 παρ’
540 2240 682 2291 αὐτοῦ
721 2248 805 2293 τοῦ
845 2247 1066 2310 Σωτῆρος
1105 2245 1294 2312 ἐλέγετο
1329 2254 1355 2276 “
1380 2247 1464 2312 Μὴ
1503 2251 1697 2314 κρίνετε,
1763 2257 1886 2341 *Ji-1⁴3¹?-

112 2321 139 2344 “
165 2318 240 2367 καὶ
276 2318 330 2368 οὐ
363 2318 428 2383 μὴ
463 2325 663 2387 κριθῆτε,
690 2323 756 2388 μὴ
782 2326 1120 2394 καταδικάζετε,
1148 2330 1223 2379 καὶ
1259 2330 1313 2379 οὐ
1343 2329 1409 2394 μὴ
1442 2333 1696 2382 καταδικα-
1798 2327 1803 2333 ’
1868 2326 1873 2332 ’

111 2401 353 2462 “σθῆτε.”
403 2425 477 2452 και
502 2404 651 2455 ταῦτά
677 2409 882 2473 φαμεν’
860 2431 908 2459 εν
934 2414 1030 2463 τοῖς
1056 2411 1166 2461 καθ
1194 2411 1328 2475 ἡμᾶς·
1371 2436 1700 2479 παρανομησει

109 2503 204 2546 γαρ
231 2483 491 2547 οὐδαμῶς
472 2508 496 2536 ο
523 2488 751 2552 Χριστὸς,
777 2489 885 2544 τοῦς
912 2493 1077 2543 ἑαυτοῦ
1103 2496 1363 2556 μετατιθεὶς
1390 2497 1461 2564 ἐφ’
1491 2495 1605 2561 ὅπερ
1642 2497 1699 2547 ἂν

108 2563 342 2629 βούληται
378 2566 560 2631 νόμους,
587 2571 663 2620 καὶ
697 2573 779 2635 τῆς
814 2573 1037 2636 ἀληθείας
1073 2573 1158 2638 τὴν
1185 2577 1400 2643 εὔχροιαν
1425 2583 1526 2632 ταῖς
1561 2602 1689 2639 νομι-
1714 2596 1740 2635 b

38 2660 89 2696 30
108 2651 208 2700 καῖς
242 2647 501 2700 ἐπιτάττων
530 2657 702 2706 σκιαῖς·
758 2654 833 2705 ἵνα
869 2655 926 2720 δὴ
963 2656 1134 2708 λοιπον
1167 2682 1242 2709 και
1281 2664 1343 2713 εἷς
1380 2684 1697 2726 πνευματικην

158 2791 188 2815 Ῑ.
215 2770 347 2825 κρινατε
368 2782 409 2816 Β.
428 2783 555 2827 κρίνετε
576 2786 642 2821 Ed.
795 2802 828 2832 4.
855 2793 901 2836 τῷ
920 2803 990 2825 om.
1012 2792 1053 2826 B.
1213 2805 1265 2828 10.
1293 2794 1332 2828 ἰὶιι
1350 2807 1404 2827 as<
1408 2802 1571 2840 umptum
1591 2809 1631 2830 ex
1655 2797 1695 2831 Β

112 2838 165 2862 11.
191 2828 269 2873 οὐχὶ
287 2829 327 2872 δὴ
348 2829 390 2864 Β.
407 2830 468 2865 οὐκ
486 2832 546 2875 ἤδη
566 2833 634 2869 Ed.
782 2848 834 2882 13.
861 2837 967 2883 αἰδοῖ]
989 2838 1029 2872 δι’
1049 2840 1139 2873 ιιῖδοῖ
1159 2840 1199 2875 Β.
1340 2843 1393 2875 18.
1421 2858 1446 2875 ν(
1451 2845 1524 2885 ἷνμοι
1540 2845 1606 2889 γὰρ
1625 2846 1698 2879 ἑνὸς

107 2873 175 2909 hoc
193 2876 316 2909 ordine
336 2876 378 2910 Β.
397 2878 470 2912 ἑνὸς
487 2880 591 2921 νόμου
608 2882 674 2926 γὰρ
694 2882 760 2917 Ed.
882 2896 937 2919 22.
964 2900 1064 2920 κακον
1081 2885 1157 2931 οῦν]
1178 2890 1300 2921 κακοῦν
1320 2888 1360 2921 Β.
1492 2901 1546 2934 23.
1574 2892 1698 2935 κρίνειν

109 2920 151 2955 Β.
150 2923 378 3001 κὲτακρίνειν
396 2924 462 2959 Ed.
545 2927 887 2975 κρίνεῖ-καττικρίνεῖ
906 2931 986 2975 (sic)
1011 2933 1050 2966 B.
1207 2944 1261 2968 21⁶.
1287 2934 1366 2979 παρ’
1388 2936 1490 2970 αὐτοῦ
1508 2936 1585 2983 του]
1605 2940 1697 2984 παρὰ

105 2982 165 3001 του
220 2995 227 3002 .

162 3036 254 3065 voL.
278 3038 308 3065 Ι.
872 3047 899 3084 4
923 3047 947 3073 K
