2073 3296
140 510 234 560 Inssra

138 564 204 586 Χνι.
221 562 270 595 15.

138 671 191 702 Ib.
207 671 285 704 xvii.

142 724 191 747 10.

323 1998 345 2026 e
362 1979 466 2029 ἔστι
501 1978 550 2030 δὲ
584 1981 632 2031 ἐν
660 1982 815 2046 Πατρὶ
850 1980 904 2032 τὸ
938 1981 1129 2044 τέλειον,
1156 1983 1329 2035 τέλειος
1361 1982 1494 2033 ἔσται
1523 1982 1599 2031 καὶ
1624 1981 1649 2030 ὁ
1675 1978 1789 2032 Υἱὸς
1815 1979 1840 2029 ὃ
1865 1984 1948 2030 τοῦ

361 151 416 190 42
764 151 813 191 B.
847 151 1124 192 CYRILLI
1163 151 1542 194 ALEXANDR.
1860 151 1942 191 i.1.

360 262 497 309 τοῦτο
523 258 713 310 ἄτοπον·
755 261 921 311 οὐκοῦν
946 262 1028 311 οὐκ
1055 259 1265 311 ἐλάττων
1292 263 1317 312 ὁ
1343 261 1471 324 Υἱὸς,
1497 263 1546 312 ἐν
1571 259 1698 330 ᾧπερ
1720 259 1940 329 ἐξεικονί-

361 339 482 406 ζεται
508 340 682 395 τέλειος
709 340 774 391 ὧν
800 342 825 392 ὁ
855 342 1039 409 Πατήρ.

1368 422 1386 441 ,Χ

435 442 567 472 ΑΛΛο.
624 425 718 473 Καὶ
762 427 862 476 πῶς
905 421 963 472 ἂν
1006 422 1061 474 τὸ
1105 422 1319 486 ἐ’λαττον,
1363 448 1392 487 η
1438 425 1485 474 ἐν
1530 421 1698 487 οἷσπέρ
1741 423 1873 472 ἐστιν
1917 421 1943 471 ὃ

485 502 497 518 ἱ
594 502 612 523 ὦ
689 505 699 519 (
789 504 819 520 QX
903 505 914 520 5
1010 504 1022 520 Ι
1248 504 1261 521 Ι
1408 506 1419 521 ’
1583 502 1595 519 l
1842 501 1855 516 Ι

364 506 547 570 Πατήρ,
578 527 641 554 ων
680 527 704 554 ο
739 508 853 557 Υιος
892 504 1169 572 επιδεξηται,
1200 511 1356 571 λεγων
1393 510 1690 570 ανεγκλητως
1728 506 1944 553 “Havra

415 584 438 603 el
541 585 563 602 Ἰ
658 586 668 600 ε

363 591 390 614 ς(
822 583 834 599 ἱ
909 587 919 601 9
965 584 978 601 Χ
1022 588 1032 601 5
1106 586 1117 603 Ι
1133 586 1157 602 ’9
1258 588 1272 604 χ
1354 584 1368 600 Ι
1502 587 1514 601 e
1643 584 1656 599 ἱ
1747 583 1762 599 Χ
1893 581 1907 598 Χ

322 601 346 629 0
413 608 507 636 οσα
533 606 623 652 εχει
649 608 674 636 ο
701 589 871 651 Πατήρ
897 608 985 647 εμα
1010 605 1127 637 εστι·
1198 608 1274 636 και
1298 591 1459 648 παλιν,
1486 609 1548 639 ως
1572 606 1689 650 προς
1715 606 1799 634 τον
1818 587 1943 634 Θεον
1963 597 1985 636 5

1916 665 1941 681 9)

362 667 437 716 καὶ
465 666 672 733 Πατέρα,
697 666 767 717 ὅτι
795 673 822 695 “
840 665 997 718 πάντα
1021 666 1081 717 τὰ
1103 666 1192 731 ἐμὰ
1225 666 1294 718 σά
1329 669 1472 729 ἐστιν,
1499 668 1574 717 καὶ
1605 664 1664 716 τὰ
1696 663 1764 716 σὰ
1792 662 1881 729 ἐμά
1897 686 1911 727 3

361 750 400 798 εἰ
425 747 519 813 γὰρ
544 746 690 801 ὅντως
715 749 817 798 ἐστὶ
847 746 967 799 κατὰ
995 747 1081 812 τὴν
1105 753 1246 800 τινῶν
1271 749 1502 810 ἀβουλίαν
1526 746 1737 799 ἐλάττων
1763 747 1788 797 ὁ
1814 743 1944 808 Υἱὸς,

359 828 606 896 ἐπειδήπερ
645 829 862 893 ἀληθεύει
900 829 1057 894 λέγων
1090 829 1209 897 πρὸς
1246 829 1329 882 τὸν
1361 830 1553 897 Πατέρα
1585 836 1610 859 “
1635 827 1712 880 Τὰ
1749 827 1837 893 ἐμὰ
1875 825 1945 877 σοί

360 916 388 939 “
414 911 517 961 ε’στι
559 912 635 962 καὶ
675 909 735 962 τὰ
773 910 842 961 σὰ
878 910 1005 974 ἐμὰ,”
1045 912 1255 978 χωρήσει
1298 913 1374 963 καὶ
1415 913 1489 962 ἐπὶ
1532 909 1616 962 τὸν
1654 909 1848 975 Πατέρα
1888 906 1943 960 τὸ

360 988 573 1054 ἔλαττον,
605 994 680 1043 καὶ
718 991 772 1043 τὸ
810 992 964 1059 μεῖζον
995 993 1164 1056 ὁμοίως
1201 994 1275 1044 ἐπὶ
1313 992 1396 1043 τὸν
1427 990 1560 1055 Υἱὸν,
1591 989 1944 1059 ἀδιαφορούσης
1966 1015 2014 1040 10

359 1074 443 1136 τῆς
480 1077 575 1124 τῶν
607 1072 901 1140 πραγμάτων
935 1073 1127 1142 τάξεως,
1163 1074 1290 1141 ε’ίπερ
1329 1076 1376 1124 ἐν
1410 1073 1610 1142 ἑκατερῳ
1647 1071 1708 1123 τὰ
1745 1070 1944 1140 ἑκατέρῳ

360 1152 607 1219 προσόντα
635 1156 864 1222 φαίνεται,
895 1157 969 1205 καὶ
1005 1154 1120 1221 ὅπερ
1155 1154 1212 1206 ἂν
1235 1155 1302 1219 εἵη
1333 1160 1415 1206 τοῦ
1444 1153 1650 1219 Πατρὸς,
1676 1150 1814 1203 τοῦτό
1841 1153 1944 1202 ἐστι

317 1245 344 1286 d
361 1235 437 1284 καὶ
463 1240 546 1286 τοῦ
572 1239 704 1299 Υἱοῦ,
725 1238 800 1286 καὶ
825 1234 987 1298 πάλιν,
1011 1235 1127 1302 ὅπερ
1153 1235 1212 1287 ἂν
1234 1236 1444 1303 ὑπάρχον
1470 1236 1585 1286 ἴδιον
1612 1234 1835 1302 φαίνηται
1860 1237 1945 1283 τοῦ

361 1318 491 1378 Υὶοῦ,
517 1317 653 1368 τοῦτό
685 1318 788 1367 ἐστι
815 1320 890 1368 καὶ
920 1323 1002 1368 τοῦ
1031 1318 1237 1384 Πατρός.
1291 1317 1422 1368 οὐδὲν
1449 1317 1529 1368 οὖν
1556 1314 1763 1366 κωλύσει
1789 1313 1945 1379 λέγειν

360 1395 590 1448 ἐλάττονα
613 1404 695 1449 τοῦ
721 1401 838 1448 Υἱοῦ
863 1397 945 1449 τὸν
974 1399 1182 1465 Πατέρα,
1210 1400 1284 1449 καὶ
1311 1398 1496 1465 μείζονα
1527 1402 1610 1448 τοῦ
1641 1393 1832 1462 Πατρὸς
1863 1394 1945 1445 τὸν
1969 1412 2015 1450 15

360 1477 490 1531 Υἱόν.
558 1479 669 1529 ἀλλ’
717 1479 819 1530 ἔστι
863 1483 958 1530 τῶν
1004 1479 1335 1543 ἀτοπωτάτων,
1381 1481 1457 1530 καὶ
1502 1477 1647 1542 μόνον
1689 1478 1860 1527 ἐννοεῖν
1901 1498 1946 1527 τι

359 1565 587 1611 τοιοῦτον·
649 1560 753 1614 ἰ’σος
803 1560 894 1626 ἄρα
943 1563 1019 1612 καὶ
1070 1561 1152 1612 οὐκ
1203 1560 1414 1612 ἐλάττων
1459 1561 1484 1610 ὁ
1529 1557 1659 1610 κοινὰ
1701 1556 1820 1624 πρὸς
1863 1556 1946 1608 τὸν

363 1641 556 1708 Πατέρα
586 1641 645 1692 τὰ
677 1645 760 1706 τῆς
795 1643 958 1697 οὐσίας
994 1643 1115 1710 ἔχων
1144 1642 1542 1707 πλεονεκτήματα.
1801 1641 1805 1644 ”

918 1792 1051 1833 ’Άλλο
1084 1794 1125 1833 ἐκ
1156 1796 1223 1833 τοῦ
1255 1793 1384 1834 αὐτοῦ.

436 1901 496 1949 Εἰ
521 1897 676 1950 πάντα
703 1898 798 1950 ὅσα
823 1900 917 1967 ἔχει
943 1902 967 1951 ὁ
997 1900 1181 1968 Πατὴρ,
1201 1906 1349 1952 ταῦτα
1373 1899 1562 1953 πάντως
1585 1900 1687 1949 ἐστὶ
1713 1903 1795 1948 τοῦ
1815 1900 1946 1959 Υἱοῦ,
1969 1922 2018 1947 20
2065 1869 2073 1935 ’ἕ

364 2060 556 2128 Πατρὸς
595 2062 716 2129 ἔχων
753 2061 813 2113 τὰ
850 2062 942 2113 ἰ’δια
980 2065 1056 2114 καὶ
1093 2064 1323 2133 ἐξαίρετα.
1397 2064 1563 2114 οὐκοῦν
1601 2063 1684 2113 οὐκ
1723 2059 1947 2124 ἐλάττων,
2064 2009 2070 2121 Ι

362 2140 482 2194 κατὰ
507 2142 594 2207 τὴν
618 2148 713 2195 τῶν
738 2147 978 2211 αἱρετικῶν
1003 2145 1304 2206 δυσσέβειαν.

408 2296 542 2339 ’Άλλο
563 2300 626 2340 διὰ
646 2301 712 2350 τῆς
734 2302 788 2343 εἷς
810 2302 956 2343 ἄτοπον
979 2303 1203 2356 ἀπαγωγῆς,
1225 2304 1324 2354 μετὰ
1346 2303 1574 2353 συμπλοκῆς
1595 2303 1880 2353 συλλογισμοῦ.

437 2403 724 2470 Λεγέτωσαν
768 2405 877 2468 ἡμῖν
924 2409 966 2456 οἱ
1014 2405 1102 2470 τὴν
1146 2406 1392 2468 ἄσβεστον
1435 2406 1601 2473 φλόγα
1645 2407 1728 2468 τῆς
1773 2405 1949 2456 ἑαυτῶν
1971 2424 2018 2462 25

362 2486 668 2554 καταχέοντες
706 2489 932 2555 κεφαλῆς,
967 2489 1040 2538 καὶ
1080 2488 1165 2551 τὴν
1203 2487 1287 2551 μὲν
1320 2490 1369 2538 ἐν
1403 2492 1499 2540 τοῖς
1537 2487 1672 2539 θείοις
1710 2485 1948 2552 δόγμασιν

361 2567 594 2633 ὀρθότητα
631 2567 1010 2634 παραιτούμενοι,
1047 2567 1266 2636 στροφὰς
1306 2567 1354 2619 δὲ
1392 2568 1621 2619 ποικίλων
1658 2569 1948 2622 ἐπινοοῦντες

412 2718 442 2742 1.
469 2707 701 2751 ἐξεικονίζεται
719 2707 761 2743 Β.
779 2707 889 2742 Euth.
907 2708 1099 2750 εἶκονίζεται
1117 2707 1184 2742 Ed.
1376 2719 1407 2743 2.
1433 2709 1452 2741 ὁ
1472 2708 1590 2754 Πατὴρ
1607 2708 1652 2743 ὢν
1669 2708 1808 2742 inverso
1824 2707 1948 2742 ordine

362 2753 472 2787 Euth.
603 2766 636 2799 3.
662 2754 681 2798 ἢ
700 2766 770 2789 om.
789 2754 897 2789 Euth.
1018 2767 1050 2797 4.
1076 2755 1122 2789 ὢν
1138 2759 1360 2799 assumptum
1379 2767 1420 2789 ex
1439 2755 1548 2789 Euth.
1613 2754 1786 2798 ἐπιδέξετο
1804 2754 1816 2797 (
1826 2770 1856 2781 =
1875 2754 1946 2789 ἐπι-

361 2800 511 2844 δέξαιτο)
531 2800 573 2834 Β.
761 2810 794 2846 5.
821 2802 880 2835 τὸν
896 2812 967 2836 om.
985 2801 1028 2835 B.
1219 2812 1272 2835 11.
1299 2803 1357 2845 τῆς
1374 2813 1445 2835 om.
1465 2802 1507 2835 E.
1700 2812 1753 2846 13.
1778 2801 1832 2835 καὶ
1848 2801 1946 2845 prius

362 2853 585 2891 assumptum
603 2859 645 2881 ex
663 2847 706 2882 B.
726 2847 833 2882 Euth.
1003 2858 1056 2890 14.
1083 2847 1136 2881 καὶ
1154 2854 1377 2892 assumptum
1394 2860 1435 2882 ex
1455 2847 1564 2884 Euth.
1734 2858 1789 2882 20.
1815 2848 1946 2882 πάντως

363 2891 452 2927 Β.Ε.
469 2893 578 2927 πάντα
596 2893 662 2928 Ed.
854 2905 908 2939 23.
936 2893 1160 2939 δυσσέβειαν]
1180 2894 1409 2934 δυσβούλειαν
1428 2894 1469 2929 Β.
1667 2902 1721 2940 25.
1746 2895 1804 2938 τῆς
1821 2894 1947 2928 ἑαυτῶν

362 2938 580 2983 καταχέοντες
598 2939 662 2974 hoc
682 2939 800 2975 ordine
822 2941 862 2975 Β.
