2084 3317
358 171 442 211 538
760 172 809 213 Β.
842 170 1114 211 CYRILLI
1156 168 1534 209 ALEXANDR.
1799 166 1855 207 vi.
1875 175 1942 220 57.

357 280 542 347 γέγονα,
583 282 719 349 φησὶ,
758 279 904 349 σάρξ·
965 285 1103 331 τοῦτο
1142 277 1235 345 γὰρ
1273 277 1327 329 τὸ
1367 276 1669 329 ἀπεστάλθαι
1707 276 1941 340 σημαίνει·

358 362 421 432 ζῶ
451 361 599 414 πάλιν
626 359 702 414 διὰ
735 362 802 414 τὶν
836 362 987 428 ζῶντα
1022 361 1216 428 Πατέρα,
1244 360 1473 423 τουτέστι,
1498 359 1583 424 τὴν
1615 364 1698 409 τοῦ
1733 356 1947 409 τεκόντος

356 444 552 512 εὐφυΐαν
590 446 638 495 ἐν
676 446 859 513 ἐμαυτῷ
904 443 1162 508 διασώζων,
1206 444 1328 493 οὕτω
1372 443 1446 492 καὶ
1489 442 1514 491 ὁ
1563 440 1638 492 διὰ
1681 443 1764 504 τῆς
1807 462 1947 503 μετα-

358 525 552 593 λήψεως
585 529 667 589 τῆς
700 528 811 590 ἐμῆς
850 525 1030 591 σαρκὸς
1069 523 1147 588 ἐμὲ
1187 524 1438 591 δεχόμενος
1476 525 1525 574 ἐν
1559 523 1707 592 ἐαυτῷ
1747 523 1944 592 ζήσεται,

317 606 545 661 επάντως
597 607 709 660 ὅλος
760 611 823 661 εἷς
876 606 954 669 ἐμὲ
1009 606 1520 673 μεταστοιχειούμενος,
1571 605 1655 656 τὸν
1704 604 1992 671 ζωογονεῖνὸ

358 689 587 757 ἰσχύοντα
627 688 702 739 διὰ
741 687 795 739 τὸ
834 690 896 742 ὡς
935 690 985 739 ἐκ
1023 689 1149 755 ῥίζης
1187 686 1301 738 εἶναι
1339 691 1422 751 τῆς
1458 687 1700 754 ζωοποιοῦ,
1733 684 1951 736 τουτέστι

356 776 439 821 τοῦ
479 775 604 822 Θεοῦ
650 772 725 821 καὶ
768 770 976 836 Πατρός.
1048 773 1393 836 σεσαρκῶσθαι
1440 768 1489 819 δὲ
1533 768 1661 834 λέγει
1699 766 1830 834 παρὰ
1867 771 1951 817 τοῦ

134 849 161 879 P
165 859 233 879 rov.
250 848 295 879 ix.
360 851 565 919 Πατρὸς,
605 852 755 904 καίτοι
798 858 882 904 τοῦ
926 851 1012 916 μὲν
1051 855 1339 915 Σολομῶνος
1378 851 1604 918 λέγοντος
1644 851 1757 901 “Ἡ
1797 849 1952 917 σοφία

358 941 386 965 “
410 934 716 1003 ᾠκοδόμησεν
751 936 893 1003 ἑαυτῇ
934 932 1112 986 οἶκον·”
1152 939 1237 985 τοῦ
1276 933 1324 985 δὲ
1364 934 1596 1000 μακαρίου
1634 930 1855 998 Γαβριὴλ
1892 934 1951 998 τῇ

357 1023 441 1068 τοῦ
469 1017 747 1080 Πνεύματος
781 1018 987 1086 ἐνεργείᾳ
1022 1016 1108 1081 τὴν
1133 1021 1216 1067 τοῦ
1248 1016 1373 1068 θείου
1404 1015 1628 1079 σώματος
1654 1013 1950 1067 ἀνατιθέντος
1975 1031 2023 1057 10

134 1102 258 1134 S.Luc.
272 1102 292 1133 i.

135 1155 174 1184 3=
358 1101 568 1163 ποίησιν,
596 1099 672 1151 ὅτε
705 1103 762 1168 τῇ
798 1100 912 1168 ἁγίᾳ
947 1098 1245 1164 προσελάλει
1276 1098 1496 1167 παρθένῳ
1527 1104 1554 1127 “
1578 1096 1805 1160 Πνεῦμα”
1833 1094 1946 1161 γὰρ,

359 1183 525 1249 φησὶν,
565 1189 593 1211 “
619 1179 755 1247 ἅγιον
795 1181 1102 1232 ἐπελεύσεται
1146 1183 1219 1232 ἐπὶ
1263 1179 1335 1242 σὲ,
1376 1182 1452 1231 καὶ
1498 1179 1692 1242 δύναμις
1740 1177 1952 1246 ὑψίστου

357 1270 385 1292 “
412 1263 681 1314 ἐπισκιάσει
719 1262 848 1314 σοι·”
901 1264 976 1314 ἵνα
1016 1262 1165 1314 πάλιν
1204 1264 1379 1330 ἐννοῇς,
1418 1261 1490 1313 ὅτι
1530 1265 1639 1325 μιᾶς
1680 1261 1828 1324 οὔσης
1869 1261 1952 1322 τῆς

134 1362 217 1396 367
232 1361 284 1396 A.
319 1344 478 1396 εικατὰ
519 1344 669 1414 φύσιν
701 1344 934 1410 θεότητος,
967 1346 1043 1395 καὶ
1077 1346 1126 1395 ἐν
1153 1346 1309 1411 Πατρὶ
1345 1345 1422 1394 καὶ
1453 1346 1555 1412 Υὶῷ
1589 1341 1840 1406 νοουμένης
1875 1341 1952 1391 καὶ

357 1429 406 1479 ἐν
432 1431 499 1498 τῷ
529 1428 680 1498 Ἀγίῳ
713 1426 970 1490 Πνεύματι,
998 1427 1052 1477 οὐ
1087 1425 1441 1492 μεμερισμένως
1475 1425 1676 1479 ἕκαστος
1708 1422 1951 1490 ἐνεργήσει
1974 1441 2021 1478 15

357 1511 469 1577 περί
503 1533 547 1561 τι
585 1514 680 1561 τῶν
712 1508 876 1572 ὅντων,
904 1510 1015 1559 ἀλλ’
1045 1508 1161 1574 ὅπερ
1200 1507 1258 1560 ἂν
1289 1508 1478 1574 λέγοιτο
1516 1507 1739 1573 γενέσθαι
1777 1508 1854 1558 καὶ
1893 1505 1948 1556 δι’

358 1592 474 1655 ἐνὸς,
513 1598 652 1644 τοῦτο
694 1591 884 1645 πάντως
926 1592 1058 1642 ἐστὶν
1097 1591 1213 1655 ὅλης
1258 1590 1399 1657 ἔργον
1437 1592 1521 1654 τῆς
1565 1590 1692 1644 θείας
1738 1588 1947 1657 φύσεως.

359 1679 467 1739 μιᾶς
494 1673 588 1741 γὰρ
615 1675 764 1739 οὔσης
792 1676 875 1738 τῆς
899 1673 1036 1739 ἁγίας
1062 1672 1268 1740 Τριάδος
1305 1670 1426 1723 κατά
1459 1695 1514 1738 γε
1548 1670 1631 1723 τὸν
1657 1674 1739 1736 τῆς
1775 1666 1947 1734 ὀμοου-

359 1757 580 1821 σιότητος
608 1755 771 1822 λόγον,
797 1757 883 1819 μία
919 1754 1071 1820 δήπου
1106 1755 1295 1809 πάντως
1331 1756 1406 1805 καὶ
1441 1755 1470 1820 ἡ
1507 1755 1579 1824 ἐφ’
1607 1752 1790 1806 ἅπασιν
1815 1752 1952 1804 ἔσται

359 1839 571 1902 δύναμις.
627 1838 785 1890 πάντα
817 1837 910 1904 γὰρ
944 1839 994 1889 ἐκ
1021 1836 1216 1904 Πατρὸς
1242 1838 1297 1888 δι’
1326 1840 1445 1889 Υἱοῦ
1471 1839 1518 1889 ἐν
1547 1836 1806 1900 Πνεύματι·
1851 1833 1876 1886 ὃ
1903 1833 1952 1886 δὲ
1974 1856 2024 1881 20

138 1924 224 1955 Phil.
241 1924 286 1955 iii.

143 1978 153 1998 Ι
359 1919 598 1974 πολλάκις
644 1919 905 1986 εἰρήκαμεν,
949 1926 1088 1971 τοῦτο
1133 1919 1283 1971 πάλιν
1323 1921 1533 1987 ἐροῦμεν·
1591 1918 1651 1970 τὰ
1695 1917 1814 1970 αὐτὰ
1857 1917 1953 1984 γὰρ

361 2003 517 2069 λέγειν
542 2006 580 2053 εὶ
606 2001 682 2053 καὶ
716 2002 957 2070 φορτικὸν,
984 2002 1097 2052 ἀλλ’
1127 2002 1209 2052 οὖν
1235 2001 1327 2069 ἔχει
1353 2001 1407 2053 τὸ
1435 2000 1672 2071 ἀσφαλές.
1728 2001 1832 2054 ἔθος
1859 1999 1953 2066 γὰρ

315 2089 429 2155 1)τῷ
472 2088 657 2151 Σωτῆρι
702 2088 904 2153 Χριστῷ
945 2082 1004 2134 τὰ
1048 2083 1234 2150 ὅσαπέρ
1276 2085 1380 2135 ἐστι
1422 2083 1507 2148 τὴν
1551 2082 1788 2153 ἀνθρώπῳ
1832 2082 1947 2149 πρέ·

360 2190 552 2218 πουσαν
605 2168 920 2230 ἀναπηδῶντα
977 2165 1189 2228 δύναμιν,
1239 2169 1297 2234 τῇ
1357 2171 1441 2217 τοῦ
1501 2165 1692 2231 Πατρὸς
1745 2165 1953 2234 ἐνεργείᾳ

360 2249 607 2317 χρησίμως
652 2247 934 2300 ἀνατιθέναι.
1000 2248 1308 2298 τεταπείνωκε
1357 2247 1451 2314 γὰρ
1495 2246 1661 2299 ἑαυτὸν
1705 2247 1953 2313 ἄνθρωπος
1975 2267 2024 2306 25

361 2332 587 2397 γεγονώς·
628 2333 704 2382 καὶ
739 2330 927 2396 ἐπείπερ
962 2328 1049 2394 τὴν
1083 2335 1166 2380 τοῦ
1205 2330 1380 2382 δούλου
1417 2329 1611 2398 μορφὴν
1645 2329 1949 2399 κατεδέξατο,

360 2413 415 2466 τὸ
442 2412 762 2481 δουλοπρεπὲς
790 2414 871 2464 οὐκ
899 2412 1107 2479 ἀτιμάζει
1133 2412 1319 2478 μέτρον,
1345 2411 1476 2476 πλὴν
1501 2413 1585 2464 οὐκ
1620 2412 1712 2481 ἔξω
1748 2413 1955 2463 κείσεται

362 2503 446 2547 τοῦ
471 2495 629 2547 πάντα
653 2500 803 2547 ποιεῖν
827 2493 944 2560 μετὰ
972 2493 1180 2560 Πατρός·
1223 2496 1403 2561 ἐνεργεῖ
1424 2494 1471 2546 δὲ
1499 2495 1523 2545 ὁ
1550 2494 1787 2561 γεννήσας
1812 2494 1955 2546 αὑτὸν

363 2579 419 2629 δι’
459 2579 603 2629 αὐτοῦ
640 2577 700 2629 τὰ
737 2576 910 2640 πάντα,
943 2575 1063 2628 κατὰ
1102 2574 1188 2640 τὴν
1227 2577 1371 2628 αὐτοῦ
1409 2582 1493 2628 τοῦ
1533 2580 1754 2643 Σωτῆρος
1790 2575 1956 2647 φωνήν

142 2662 234 2692 Infra

143 2706 206 2735 xiv.
222 2714 268 2735 10.

363 2668 389 2690 “
415 2662 478 2711 ‘O
525 2659 696 2727 Πατὴρ
745 2659 854 2726 γὰρ,
900 2660 1069 2728 φησὶν,
1112 2659 1161 2709 ἐν
1212 2660 1313 2721 ἐμοὶ
1363 2658 1516 2722 μένων
1561 2664 1688 2710 ποιεῖ
1728 2658 1789 2710 τὰ
1838 2659 1954 2726 ἔργα
1975 2677 2027 2714 30

410 2795 443 2828 3.
462 2784 516 2818 διὰ
534 2795 605 2817 om.
627 2783 669 2817 B.
766 2792 799 2828 5.
819 2782 900 2818 ὅλος
918 2781 1026 2816 Cord.
1043 2780 1101 2816 Cr.
1121 2784 1144 2799 ‘³
1157 2782 1200 2816 al.
1219 2781 1332 2818 ὅλος”
1348 2781 1414 2817 Ed.
1432 2794 1505 2828 mg.
1523 2781 1612 2818 ὅλως
1630 2755 1760 2816 D.*Ed.
1857 2781 1891 2817 6.
1910 2782 1955 2818 ὦς

366 2831 407 2864 Β.
427 2832 544 2875 ὥσπερ
568 2829 633 2864 Ed.
653 2836 818 2864 neutrum
842 2829 948 2863 habet
971 2827 1078 2862 Cord.
1097 2827 1155 2862 Cr.
1252 2830 1305 2863 καὶ
1328 2841 1392 2874 pro
1416 2829 1575 2863 τουτέστι
1597 2832 1657 2863 τοῦ
1679 2829 1722 2863 Β.
1739 2830 1800 2863 τοῦ
1822 2828 1954 2864 habent

366 2877 471 2910 Cord.
493 2877 564 2917 Cr„
583 2877 784 2911 omittentes
802 2876 971 2911 τουτέστι.
1100 2885 1153 2917 14.
1179 2874 1265 2921 Υἶῷ]
1286 2876 1321 2909 ἐν
1337 2878 1478 2921 Χριστῷ
1498 2876 1540 2910 Β.
1559 2875 1595 2910 ἐν
1611 2876 1798 2921 praemittit
1817 2875 1953 2920 Migne.

369 2935 419 2966 19.
443 2924 575 2958 πάντως
592 2938 658 2957 που
676 2923 746 2956 inv.
766 2922 842 2956 ord.
863 2923 905 2957 B.
995 2932 1051 2956 22.
1069 2922 1135 2967 γὰρ
1153 2933 1220 2956 ass,
1238 2934 1279 2956 ex
1301 2922 1342 2956 B.
1443 2932 1498 2965 25.
1513 2922 1580 2967 γὰρ
1598 2934 1669 2957 om.
1689 2921 1731 2956 B.
1818 2922 1874 2956 28.
1891 2924 1952 2956 τοῦ

363 2970 486 3014 πάντῃ]
507 2973 606 3003 τοῦτο
626 2970 666 3004 Β.
733 2969 834 3014 μετὰ]
859 2975 895 3010 -f-
916 2972 976 3003 τοῦ
995 2968 1061 3003 Ed.
1080 2968 1190 3002 invito
1212 2968 1251 3002 B.
1349 2980 1406 3014 30.
1433 2967 1561 3014 φησὶν]
1585 2974 1622 3009 -4-
1643 2970 1662 3002 ὁ
1681 2967 1748 3003 Ed.
1764 2968 1874 3003 invito
1893 2968 1935 3003 Β.
