2084 3317
99 155 342 211 vii-50,51-
387 157 461 198 IN
503 157 545 198 s,
580 156 916 198 JOANNEM.
978 158 1177 198 ΜΒΝ.
1242 157 1376 198 CAP.
1411 157 1472 197 11.
1605 157 1685 197 707

99 270 290 316 τοιαῦτα
323 270 497 329 σημεῖα
528 271 691 329 ποιεῖν,
718 271 754 317 εἰ
790 265 855 330 μὴ
884 264 1009 317 Θεὸν
1036 266 1131 333 ε”χοι
1156 267 1260 328 μεθ’
1290 266 1475 326 ἑαυτοῦ,
1505 263 1684 317 πάντας
1703 286 1725 308 a
1754 276 1841 309 482
1855 275 1906 308 A·

99 342 225 408 οἶμαι
250 351 429 409 μαθεῖν,
455 353 594 398 τοῦτο
629 353 801 416 σαφῶς
837 346 1072 414 εἰρηκότος
1107 349 1154 398 ἐν
1182 349 1306 414 ἀρχῇ
1341 351 1424 396 τοῦ
1458 345 1687 410 μακαρίου

100 428 480 493 Εὐαγγελιστοῦ.
537 429 931 493 συντεθαυμακώς
971 434 1221 495 τοιγαροῦν
1259 432 1353 480 τοῖς
1398 427 1560 494 ὄχλοις
1604 426 1688 477 τὸν

99 509 302 573 Ἰησοῦν,
345 510 700 575 ὑποπλήττεταῖ
735 535 836 565 πως
876 510 1106 578 ἐπάρατος
1150 509 1242 561 σῦν
1283 510 1470 563 ἐκείνοις
1511 510 1682 559 ἀποκε-

57 598 78 636 5
100 591 342 655 κλημένος.
393 592 542 643 δεινὸν
576 592 668 658 γὰρ
707 594 958 644 α’ναπεῖσαι
997 592 1050 643 τὸ
1090 591 1299 645 συνειδὸς
1339 593 1386 641 ἐν
1425 596 1520 643 τοῖς
1558 588 1688 655 παρὰ

99 674 293 737 γνώμην
318 675 517 738 ἠρεμεῖν.
575 677 637 728 ὡς
669 676 750 725 οῦν
777 677 850 726 ἐπὶ
885 675 1035 743 τούτῳ
1073 674 1410 737 λελυπημένος,
1439 671 1688 736 άντεπάγει

99 753 185 817 τὴν
211 754 323 819 ἰ’σην
349 756 486 821 ὕβριν
512 757 681 819 αὐτοῖς,
709 759 931 824 ἐμφανῶς
956 755 1041 819 μὲν
1068 757 1213 818 οὔπω,
1241 755 1403 821 λόγοις
1431 753 1479 804 δὲ
1506 758 1602 806 τοῖς
1638 753 1688 802 ε’κ

101 835 245 900 νόμου
270 837 323 888 τὸ
349 837 549 889 πιθανὸν
569 838 789 906 ἔχουσαν,
812 839 886 889 καὶ
913 839 968 889 οὐ
995 838 1189 906 σφόδρα
1214 836 1396 902 γυμνὴν
1416 835 1689 904 ἀντεξάγων

100 917 185 982 τὴν
224 918 564 984 ἀγανάκτησιν.
618 927 701 971 τοῦ
740 921 834 986 γὰρ
874 919 1030 984 νόμου,
1065 921 1230 988 φησὶν,
1263 920 1336 987 ἐφ’
1372 918 1557 986 ἑκάστῳ
1594 921 1688 967 τῶν
1705 923 1732 963 b

34 1016 81 1041 10
101 999 390 1065 ζητουμένων
429 1002 723 1068 πραγμάτων
762 1002 816 1053 τό
852 1010 878 1032 “
907 1003 1001 1053 Καὶ
1040 1001 1335 1068 ἐκζητήσεις”
1369 1003 1572 1066 ἀκριβῶς
1615 1000 1689 1048 καὶ
1751 989 1879 1072 Ξῗῇιῗζ,

100 1088 288 1152 σαφῶς,
319 1086 355 1134 εἱ
380 1083 545 1149 γε’γονε
571 1083 625 1134 τὸ
652 1089 851 1150 πρᾶγμα
877 1090 1029 1145 τοῦτο,
1056 1088 1150 1137 τοῖς
1177 1081 1416 1148 δικάζουσι
1444 1082 1687 1146 λέγοντος,

100 1170 324 1231 προαλῶς
350 1165 646 1231 κατεκρίνατε
673 1164 780 1220 τοὺς
816 1167 946 1217 οὔπω
984 1164 1293 1230 κεκλημένους
1328 1168 1390 1217 εἰς
1417 1163 1587 1229 κρίσιν,
1615 1163 1691 1212 καὶ

100 1247 212 1312 πρίν
246 1270 290 1297 τι
329 1251 424 1298 τῶν
457 1249 566 1313 παρ’
602 1248 786 1298 ἐκείνων
821 1250 1023 1298 ἀκοῦσαι
1060 1246 1297 1314 ῥημάτων,
1322 1244 1692 1312 προχειροτάτην

102 1329 223 1378 οὕτω
257 1328 343 1393 τὴν
369 1332 539 1398 ψῆφον
571 1329 781 1395 ἐπάγετε.
840 1331 965 1393 ὑμεῖς
1001 1330 1082 1380 οὖν
1110 1328 1215 1395 ἄρα,
1243 1330 1407 1397 φησὶν,
1436 1330 1477 1378 οὶ
1512 1326 1685 1391 ἀληθέ-

36 1429 83 1468 15
101 1431 273 1475 στερον
300 1410 522 1477 ε’πάρατοι
549 1417 953 1478 καταφρονοῦντες
984 1417 1067 1462 τοῦ
1099 1410 1256 1475 νόμου.
1308 1410 1571 1475 γέγραπται
1597 1407 1691 1474 γάρ

102 1498 129 1520 “
152 1492 528 1559 Ἐπικατάρατος
555 1498 647 1547 πᾶς
675 1492 725 1547 ὃς
752 1494 835 1544 οὐκ
862 1492 1044 1556 ἐμμένει
1069 1497 1192 1544 πᾶσι
1223 1497 1319 1546 τοῖς
1351 1492 1690 1557 γεγραμμένοις
1752 1484 1890 1558 50214111.

102 1580 130 1603 ‘⁶
155 1575 203 1624 ἐν
227 1579 294 1644 τῷ
320 1576 498 1644 βιβλίῳ
525 1581 607 1625 τοῦ
634 1573 779 1638 νόμου
804 1574 972 1625 τούτου
997 1580 1080 1625 τοῦ
1106 1577 1302 1638 ποιῆσαι
1329 1573 1490 1624 αὑτά.”
1545 1573 1600 1622 δι’
1627 1570 1690 1622 ῶν
1752 1571 1855 1602 Dent.

1751 1615 1913 1645 xxvii.26.

103 1654 153 1706 δὲ
191 1655 339 1707 πάλιν
377 1659 633 1721 ἀγανακτεῖ
669 1655 1067 1721 καταδικαζόντων
1105 1661 1188 1707 τοῦ
1228 1655 1376 1720 δήμου
1413 1659 1507 1706 τῶν
1535 1658 1686 1720 Φαρι-
1708 1672 1730 1699 0

104 1739 256 1790 σαίων
282 1737 358 1789 διὰ
383 1737 529 1802 μόνον
552 1737 606 1789 τὸ
633 1736 877 1803 θαυμάσαι
902 1737 985 1789 τὸν
1008 1739 1213 1802 Ἰησοῦν,
1241 1739 1385 1801 δῆλος
1419 1737 1476 1788 ἂν
1501 1737 1567 1801 εἴη
1595 1741 1691 1790 τοῖς

36 1844 85 1869 20
103 1820 385 1872 πιστεύουσι
422 1824 672 1871 συναινῶν.
732 1819 846 1871 αἶδὼ
884 1817 967 1883 μὲν
1002 1819 1094 1886 γὰρ
1134 1820 1198 1870 ε”τι
1238 1824 1395 1870 νοσῶν
1429 1819 1688 1886 ἐπιζήμιον,

105 1903 235 1954 οὔπω
282 1925 332 1953 τε
383 1901 587 1967 κεράσας
638 1907 704 1972 τῷ
754 1901 881 1971 ζήλῳ
933 1902 1019 1965 τὴν
1062 1902 1346 1969 παῤῥησίαν,
1385 1900 1569 1967 γυμνὴν
1607 1901 1695 1968 οὐχ

105 1986 309 2050 ὁρᾶσθαι
359 1984 444 2049 τὴν
492 1986 693 2035 ἐνοῦσαν
746 1985 871 2054 αὐτῷ
919 1984 1086 2034 πίστιν
1133 1984 1313 2051 ἐφίησι,
1366 1987 1594 2052 σκοτεινῷ
1647 1981 1695 2033 δὲ

104 2065 269 2134 ὥσπερ
307 2067 469 2137 ἀμφίῳ
508 2070 565 2134 τῇ
605 2067 850 2132 ὑποκρίσει
888 2065 1176 2132 περιβαλὼν,
1217 2065 1438 2116 λανθάνει
1483 2088 1582 2118 πως
1627 2065 1692 2115 ε”τι

106 2149 439 2215 συναγορεύων
464 2152 684 2216 Χριστῷ·
726 2147 938 2215 χαλεπὸν
971 2148 1014 2198 δ’
1044 2148 1126 2198 οὖν
1157 2147 1283 2211 ὅμως
1318 2146 1508 2211 νόσημα
1543 2151 1688 2197 νοσεῖ.

37 2253 85 2292 25
106 2231 197 2298 χρὴ
231 2230 325 2297 γὰρ
359 2229 597 2282 πιστεύειν
622 2228 977 2293 ἀνυποστόλως,
1005 2229 1330 2297 καυχωμένους
1356 2233 1547 2291 μᾶλλον
1572 2227 1693 2294 ἥπερ

106 2312 486 2380 αἰσχυνομένους,
526 2314 599 2362 καὶ
641 2314 845 2380 διαφανῆ
884 2311 968 2375 μὲν
1005 2312 1277 2378 παῤῥησιάν
1316 2310 1689 2375 ἐπιτηδεύοντας,

159 2503 186 2526 1.
215 2492 288 2537 ἔχοι
308 2491 349 2525 Β.
367 2491 438 2536 ἔχει
458 2490 576 2525 Holst.
596 2489 663 2524 Ed.
819 2490 852 2525 6.
876 2489 1010 2534 ἠρεμεῖν
1028 2489 1226 2523 emendavit
1244 2500 1261 2522 e
1281 2488 1356 2523 Cat.
1375 2494 1413 2521 ut
1431 2486 1500 2520 vid.
1520 2486 1614 2520 Aub.
1633 2487 1692 2520 οὐκ

108 2537 242 2583 ἠρεμεῖν
259 2538 302 2572 B.
324 2538 386 2572 Ht.
518 2546 549 2582 7.
576 2540 667 2572 οὔπω
683 2536 744 2579 μὲν
761 2536 918 2582 ἐμφανῶς
936 2538 1074 2571 inverso
1093 2536 1214 2570 ordine
1232 2547 1262 2569 a.
1389 2535 1422 2569 8.
1448 2534 1596 2578 ἔχουσαν
1616 2533 1692 2567 B.a.

110 2586 174 2620 Ht.
192 2586 332 2630 ἔχουσιν
350 2584 416 2619 Ed.
481 2583 671 2629 ἀντεξάγων
688 2596 706 2617 e
725 2583 800 2618 Cat.
819 2584 908 2618 Aub.
927 2583 1121 2628 ἀντεπάγων
1140 2582 1182 2616 Β.
1205 2583 1268 2617 Ht.
1415 2593 1446 2624 9.
1473 2579 1527 2624 ἐφ’
1547 2581 1693 2613 ἑκάστου

110 2632 154 2667 Β.
174 2631 237 2666 Ηῒ.
255 2631 452 2665 emendavit
470 2643 488 2665 e
508 2630 583 2664 Cat.
601 2636 640 2664 ut
657 2630 726 2665 vid.
745 2630 839 2665 Aub.
1110 2640 1162 2663 10.
1188 2629 1242 2662 καὶ
1259 2628 1450 2671 ἐκζητήσεις
1466 2626 1597 2660 habent
1616 2626 1692 2659 B.a.

108 2679 256 2723 ἀκριβῶς
273 2679 396 2722 σαφῶς
415 2677 494 2722 (Sic)
517 2677 557 2711 B.
579 2676 641 2710 Ht.
659 2677 805 2721 ἀκριβῶς
823 2689 852 2711 a.
871 2677 923 2710 καὶ
940 2675 1087 2709 inseruit
1105 2675 1199 2709 Aub.
1403 2684 1455 2707 12.
1483 2673 1694 2717 κατεκρίνατε

109 2725 203 2760 edidi
220 2737 238 2758 e
257 2724 333 2759 Cat.
355 2724 455 2758 Harl.
475 2730 561 2757 teste
579 2723 672 2757 Aub.
690 2724 906 2768 κατακρίνατε
919 2723 964 2765 (ἶ)
983 2734 1013 2755 a.
1032 2721 1201 2766 κατέκρινε
1224 2721 1265 2755 Β.
1286 2720 1349 2754 Ht.
1369 2720 1579 2763 κατακρίνετε
1598 2719 1692 2752 Aub.

111 2771 238 2806 Statim
255 2772 314 2805 τὸν
331 2773 422 2805 οὔπω
440 2769 641 2813 κεκλημένον
658 2769 753 2804 haud
770 2771 859 2804 male
877 2782 906 2803 a.
927 2768 1003 2802 Cat.
1024 2768 1124 2802 Harl.
1341 2778 1394 2811 13.
1420 2765 1497 2808 παρ’
1517 2765 1643 2799 ἐκείνου
1662 2777 1692 2798 a.

113 2817 167 2852 16.
192 2816 340 2862 ἐμμένει]
365 2821 401 2857 -4-
424 2817 458 2850 ἐν
476 2817 517 2850 Β.
537 2817 572 2850 ἐν
589 2816 685 2850 deest
704 2817 741 2850 in
763 2828 793 2851 a.
820 2817 864 2850 cf,
882 2816 973 2850 infra
994 2824 1079 2860 1057
1099 2827 1128 2849 c.
1154 2815 1190 2849 in
1210 2814 1269 2848 Es.
1289 2825 1356 2858 903
1375 2812 1409 2847 d.
1438 2812 1546 2846 Hom.
1567 2811 1693 2845 Pasch.

110 2865 204 2898 xxix.
223 2875 292 2908 340
309 2875 339 2903 a,
357 2863 401 2897 ab
422 2863 604 2897 Holmesio
622 2862 679 2897 cit.
745 2863 870 2897 Statim
888 2864 974 2896 πᾶσι
992 2866 1216 2907 assumptum
1235 2873 1276 2894 ex
1297 2861 1372 2894 B.a.
1522 2869 1576 2892 21.
1603 2860 1695 2892 οὔπω

109 2926 146 2945 τε
163 2910 326 2944 emendat
347 2909 474 2956 Heyse.
495 2912 616 2944 οὔποτε
636 2909 677 2943 Β.
697 2909 762 2944 Ed.
1223 2918 1276 2942 22.
1303 2908 1464 2951 σκοτεινῷ
1485 2905 1526 2939 Β.
1546 2906 1696 2952 συντόνῳ

112 2958 175 2992 Ht.
195 2957 261 2991 Ed.

851 3025 877 3061 4
898 3023 925 3049 x
950 3023 972 3052 2
