2084 3317
364 146 441 184 122
763 147 812 186 B.
845 147 1122 187 CYRILLI
1162 148 1543 189 ALEXANDR.
1775 149 1798 187 i.
1818 162 1858 201 9,
1882 159 1942 187 ιο.

359 254 468 320 δίχα
500 259 679 320 πικρῶν
709 261 1040 321 παραιτεῖσθαι
1071 256 1155 318 μὲν
1186 257 1268 307 τὸν
1302 261 1383 321 τῆς
1417 256 1596 324 σαρκὸς
1628 256 1843 317 θάνατον,
1871 256 1946 305 καὶ

359 336 697 387 ἀποδύσασθαι
724 336 778 387 τὸ
805 338 1005 403 κολάζον
1031 339 1194 400 ὀκνεῖν,
1223 340 1339 389 ἐτῶν
1365 340 1414 390 δὲ
1438 338 1691 406 προσθήκῃ
1718 340 1946 400 τιμᾶσθαι

357 423 665 483 παρακαλεῖν,
698 419 847 469 καίτοι
887 420 996 468 λίαν
1031 421 1187 486 ἐχρῆν,
1222 420 1348 486 ε’ίπερ
1387 419 1446 484 ἦν
1480 420 1626 473 ὅντως
1664 419 1858 485 ἀγαθὸς,
1892 419 1945 469 οὐ

357 498 412 549 τὸ
445 497 661 549 τεθνάναι
697 504 1029 565 παραιτεῖσθαι
1066 505 1272 564 μᾶλλον,
1299 502 1518 567 ἡγεῖσθαι
1553 501 1602 552 δὲ
1639 499 1865 570 φορτικὸν
1890 497 1945 550 τὸ

357 579 726 647 συμπεπλέχθαι
760 581 961 643 σώματι,
995 584 1071 632 καὶ
1110 584 1183 632 ἐπὶ
1224 582 1374 652 τούτῳ
1409 582 1548 650 χάριν
1582 582 1701 649 ἤπερ
1740 583 1813 633 ἐπὶ
1850 585 1987 634 τοῖς5

135 675 192 710 83
208 674 257 709 A.
316 663 578 715 ειέναντίοις
623 663 890 727 ὁμολογεῖν.
964 667 1065 716 πῶς
1117 663 1164 714 δὲ
1216 666 1277 717 ὡς
1324 666 1373 714 ἐν
1414 663 1603 732 χάριτος
1653 664 1778 728 με’ρει
1824 661 1946 716 Θεὸς

133 743 260 817 {gviii
355 744 681 809 ἐπηγγέλλετο
708 744 863 810 λε’γων
889 745 1015 814 αὐτῷ
1042 752 1069 774 “
1089 744 1211 796 Ἰδοὺ
1243 746 1535 812 προστίθημι
1569 751 1631 799 εἱς
1665 744 1749 795 τὸν
1775 743 1946 811 χρόνον

132 839 162 869 5·
356 834 383 855 “
409 848 501 876 σου
539 825 618 890 ε”τη
658 825 955 888 δεκαπέντε,”
984 827 1133 877 καίτοι
1172 827 1426 894 προσθήκη
1465 827 1724 889 κολάσεως,
1753 827 1836 876 οὐκ
1872 826 1945 876 εὑ-

353 907 509 961 ποιΐας
543 906 731 972 τρόπος,
762 908 789 971 ἡ
826 907 1090 975 ὑπόσχεσις
1128 907 1198 972 ἦν,
1232 909 1359 974 ε’ίπερ
1398 911 1557 960 ἐκεῖνοι
1594 907 1944 975 πρεσβεύουσιν

353 991 541 1053 ἀληθῆ,
597 987 728 1039 ἀλλὰ
768 988 862 1053 μὴν
902 993 1052 1057 δῶρον
1092 991 1272 1042 ἄνωθεν
1311 992 1337 1055 ἡ
1382 991 1647 1058 ὑπόσχεσις
1690 988 1762 1054 ἧν,
1802 990 1877 1039 καὶ
1916 989 1943 1052 ἡ

351 1070 605 1137 προσθήκη
650 1070 802 1138 χάρις·
864 1073 947 1123 οὐκ
1000 1073 1091 1138 ἄρα
1140 1071 1340 1127 κόλασις
1391 1078 1490 1127 ταῖς
1543 1075 1722 1140 ψυχαῖς
1766 1071 1793 1135 ἡ
1837 1093 1940 1121 σω-

350 1152 578 1216 μάτωσις.

427 1237 486 1285 ιδ.
530 1255 662 1284 ΑΛΛΟ.
705 1239 761 1286 Ei
789 1237 837 1286 ἐν
863 1235 994 1305 τάξει
1022 1235 1268 1290 κολάσεως
1295 1237 1477 1289 δέδοται
1502 1236 1557 1288 τὸ
1589 1240 1732 1299 σῶμα
1767 1239 1825 1301 τῇ
1860 1239 1943 1285 τοῦ

351 1316 602 1382 ἀνθρώπου
629 1319 781 1386 ψυχῇ,
806 1318 946 1368 ποίαν
972 1320 1221 1377 ἀντεδίδου,
1238 1318 1377 1386 χάριν
1401 1323 1468 1388 τῷ
1498 1318 1703 1386 εὐνούχῳ
1731 1316 1853 1370 Θεὸς
1878 1317 1944 1385 τῷ

126 1398 271 1473 gig-²18·
305 1397 646 1463 bo'cveveytcdvn
680 1398 762 1450 τὸν
787 1399 1013 1465 Ἰερεμίαν
1051 1402 1100 1451 ἐκ
1135 1406 1218 1451 τοῦ
1258 1399 1451 1463 λάκκου,
1484 1401 1638 1466 λέγων
1667 1400 1761 1450 Καὶ
1800 1398 1943 1449 δώσω

350 1478 436 1543 τὴν
469 1480 635 1548 ψυχήν
671 1504 763 1532 σου
801 1485 864 1536 εἷς
903 1483 1087 1548 εὕρεμα,
1116 1485 1190 1533 καὶ
1230 1482 1458 1534 διασώσω
1499 1505 1558 1533 σε
1597 1484 1646 1533 ἐκ
1683 1485 1778 1531 τῶν
1805 1482 1944 1531 Χαλ-

348 1562 506 1612 δαίων.
569 1563 657 1613 ε”δει
695 1561 790 1629 γὰρ
828 1568 1020 1626 μᾶλλον
1056 1563 1374 1629 ἀποθνήσκειν
1409 1566 1502 1626 ἐᾶν,
1527 1564 1603 1614 ἵνα
1639 1565 1714 1614 καὶ
1751 1560 1941 1630 τιμήσῃ,

348 1647 526 1707 δεσμοῦ
563 1646 639 1695 καὶ
673 1643 919 1698 κολάσεως
953 1645 1179 1697 ἀπολύων
1206 1646 1361 1697 αὐτόν.
1416 1647 1465 1697 τί
1496 1645 1558 1708 δὲ,
1590 1646 1694 1697 εἰπέ
1722 1668 1816 1708 μοι,
1847 1649 1943 1697 τοῖς

126 1736 213 1767 Dan.
230 1736 274 1767 iii·
346 1725 404 1794 ἐξ
431 1726 634 1791 Ἰσραὴλ
670 1728 868 1781 νεανίαις
899 1728 1147 1795 ἐχαρίζετο,
1176 1727 1419 1794 διασώζων
1447 1727 1615 1781 αὐτοὺς
1647 1730 1695 1778 ἐκ
1731 1727 1938 1795 φλογὸς,

347 1809 422 1858 καὶ
457 1810 539 1871 τῆς
574 1812 669 1859 τῶν
696 1811 1022 1869 Βαβυλωνίων
1049 1810 1420 1875 ἀπανθρωπίας,
1465 1810 1575 1861 ὅτου
1611 1809 1659 1860 δὲ
1697 1807 1834 1877 χάριν
1860 1811 1941 1872 τῆς

123 1910 175 1941 Ib.
197 1911 237 1941 vi.
346 1894 441 1940 τῶν
467 1889 674 1941 λεόντων
700 1891 942 1956 ὠμότητος
977 1891 1060 1943 τὸν
1092 1891 1253 1960 σοφὸν
1287 1892 1514 1961 ἐξήρπαξε
1545 1890 1766 1955 Δανιήλ,
1809 1889 1942 1941 ἀλλὰ

346 1970 440 2035 μὴν
475 1977 623 2022 ταῦτα
658 1972 881 2039 πράττων
913 1975 1153 2040 εὐεργετεῖ,
1188 1976 1262 2025 καὶ
1298 1975 1351 2025 δι’
1382 1973 1501 2025 αὐτὰ
1536 1973 1796 2043 δοξάζεται.
1857 1973 1941 2023 οὐκ

307 2053 438 2118 οὸίρα
483 2053 657 2119 τρόπος
701 2055 923 2121 τιμωρίας
969 2057 1072 2106 ἐστὶ
1117 2055 1171 2107 τὸ
1216 2058 1405 2107 ἐνοικεῖν
1450 2059 1507 2124 τῇ
1554 2057 1713 2122 σαρκὶ,
1757 2055 1833 2105 ἵνα
1874 2053 1939 2118 μὴ

345 2134 517 2186 ταύτὸν
543 2135 610 2200 ε’ίη
636 2135 766 2202 παρὰ
793 2140 900 2206 Θεῷ
926 2137 1037 2201 τιμὴ
1066 2140 1142 2188 καὶ
1173 2137 1390 2191 κόλασις.

419 2240 469 2270 ιε.
511 2238 643 2267 ΑΛΛΟ.
676 2217 792 2269 ’Ότι
835 2223 930 2269 τῶν
970 2218 1158 2289 ἑκάστῳ
1200 2220 1504 2282 βεβιωμένων
1541 2219 1759 2288 ἐξέτασις
1804 2218 1938 2271 ἔσται

342 2298 462 2350 κατὰ
501 2300 661 2368 καιρὸν
696 2301 771 2351 ἐπὶ
810 2306 893 2351 τοῦ
933 2302 1058 2352 θείου
1096 2300 1310 2366 βήματος
1347 2300 1636 2352 ἐκδιδάσκων
1675 2303 1700 2351 ὁ
1741 2301 1939 2356 Παῦλός

125 2391 231 2462 ξΟΟΟΓ·
252 2400 282 2420 V·
343 2385 468 2450 φησι
506 2390 533 2412 “
553 2381 679 2436 Τοὺς
704 2381 797 2448 γὰρ
827 2381 1010 2437 πάντας
1047 2383 1169 2446 ἡμᾶς
1203 2386 1528 2451 φανερωθῆναι
1565 2385 1636 2434 δεῖ
1669 2383 1938 2449 ἔμπροσθεν

344 2471 370 2493 “
396 2469 480 2514 τοῦ
515 2463 729 2528 βήματος
764 2469 847 2514 τοῦ
874 2467 1106 2530 Χριστοῦ,
1132 2464 1207 2515 ἵνα
1242 2465 1493 2528 κομίσηται
1531 2466 1730 2519 ἕκαστος
1765 2464 1824 2515 τὰ
1861 2466 1937 2517 διὰ

345 2552 372 2574 “
396 2551 480 2596 τοῦ
515 2546 754 2610 σώματος,
781 2543 900 2611 πρὸς
939 2544 969 2596 ἂ
1004 2546 1220 2615 ἔπραξεν,
1246 2546 1334 2597 ε’ίτε
1369 2546 1550 2611 ἀγαθὸν
1575 2547 1661 2598 ε’ίτε
1697 2549 1933 2615 φαῦλον·”

1967 1013 2015 1038 10

1967 1414 2013 1452 15

1963 1830 2012 1855 20

342 2630 379 2676 εὶ
406 2625 454 2676 δὲ
480 2628 553 2678 ἐπὶ
579 2625 739 2691 μόνοις
765 2631 862 2680 τοῖς
888 2626 963 2677 διὰ
989 2633 1072 2678 τοῦ
1099 2627 1320 2690 σώματος
1355 2625 1383 2691 ὴ
1420 2628 1670 2694 κολάζεταί
1702 2651 1771 2682 τις
1804 2629 1934 2696 παρὰ
1955 2645 2007 2682 30

341 2714 425 2759 τοῦ
461 2708 712 2774 κρίνοντος,
739 2709 887 2775 ἤγουν
911 2711 992 2773 τῆς
1030 2710 1228 2774 δεούσης
1263 2709 1476 2778 ἀξιοῦται
1513 2713 1661 2774 τιμῆς,
1688 2710 1848 2776 μνήμη
1884 2711 1934 2763 δὲ

394 2864 422 2887 1.
449 2854 486 2887 τὸ
503 2865 567 2898 pro
585 2853 727 2888 θάνατον
744 2854 797 2888 καὶ
817 2854 859 2888 Β.
972 2865 1006 2899 3.
1031 2855 1219 2899 παρακαλεῖ
1239 2854 1279 2887 Β.
1344 2855 1470 2900 ἀγαθὸς
1486 2862 1708 2900 assumptum
1727 2868 1768 2890 ex
1789 2856 1930 2892 B.D.E.

342 2912 374 2941 4.
392 2900 431 2933 τὸ
448 2900 545 2944 prius
563 2907 785 2945 assumptum
804 2912 846 2934 ex
865 2900 907 2934 Β.
987 2911 1038 2935 10.
1058 2900 1077 2943 ἡ
1095 2900 1173 2946 alt.]
1194 2899 1242 2944 εἵη
1266 2901 1305 2934 Β.
1387 2913 1439 2945 19.
1456 2901 1617 2947 Ἰσραὴλ]
1637 2901 1866 2947 Ἰερουσαλὴμ
1887 2903 1930 2939 Β.

343 2956 398 2980 22.
425 2945 465 2979 δι’
484 2947 566 2981 αὐτὰ
587 2946 629 2982 Β.
648 2947 702 2981 διὰ
719 2950 823 2982 ταῦτα
842 2947 909 2982 Ed.
1052 2958 1109 2991 30.
1135 2948 1225 2992 παρὰ
1243 2950 1302 2982 τοῦ
1320 2948 1489 2992 κρίνοντος
1506 2955 1688 2994 assumpta
1706 2961 1747 2983 ex
1767 2948 1809 2983 B.
