<?xml version="1.0" encoding="UTF-8"?>
<!DOCTYPE html PUBLIC "-//W3C//DTD XHTML 1.0 Transitional//EN"
    "http://www.w3.org/TR/xhtml1/DTD/xhtml1-transitional.dtd">
<html xmlns="http://www.w3.org/1999/xhtml" xml:lang="en" lang="en">
 <head>
  <title>
</title>
<meta http-equiv="Content-Type" content="text/html;charset=utf-8" />
  <meta name='ocr-system' content='tesseract 3.04.00' />
  <meta name='ocr-capabilities' content='ocr_page ocr_carea ocr_par ocr_line ocrx_word'/>
</head>
<body>
  <div class='ocr_page' id='page_1' title='image "./operacyrilli03cyriuoft_0627.png"; bbox 0 0 2084 3317; ppageno 0'>
   <div class='ocr_carea' id='block_1_1' title="bbox 128 138 1709 196">
    <p class='ocr_par' dir='ltr' id='par_1_1' title="bbox 128 138 1709 196">
     <span class='ocr_line' id='line_1_1' title="bbox 128 138 1709 196; baseline -0.003 -13"><span class='ocrx_word' id='word_1_1' title='bbox 128 141 183 182; x_wconf 89' lang='lat' dir='ltr'>vi.</span> <span class='ocrx_word' id='word_1_2' title='bbox 201 152 270 196; x_wconf 85' lang='lat'>57.</span> <span class='ocrx_word' id='word_1_3' title='bbox 349 141 422 182; x_wconf 93' lang='lat' dir='ltr'>IN</span> <span class='ocrx_word' id='word_1_4' title='bbox 464 141 506 182; x_wconf 87' lang='lat' dir='ltr'>S.</span> <span class='ocrx_word' id='word_1_5' title='bbox 541 141 879 183; x_wconf 86' lang='lat' dir='ltr'><strong>JOANNEM.</strong></span> <span class='ocrx_word' id='word_1_6' title='bbox 941 140 1066 182; x_wconf 90' lang='lat' dir='ltr'><strong>LIB.</strong></span> <span class='ocrx_word' id='word_1_7' title='bbox 1098 140 1178 181; x_wconf 80' lang='lat' dir='ltr'>IV.</span> <span class='ocrx_word' id='word_1_8' title='bbox 1239 139 1372 180; x_wconf 90' lang='lat' dir='ltr'><strong>CAP.</strong></span> <span class='ocrx_word' id='word_1_9' title='bbox 1406 138 1494 180; x_wconf 91' lang='lat' dir='ltr'>III.</span> <span class='ocrx_word' id='word_1_10' title='bbox 1630 140 1709 178; x_wconf 74' lang='lat'>541</span> 
     </span>
    </p>
   </div>
   <div class='ocr_carea' id='block_1_2' title="bbox 58 246 1935 2895">
    <p class='ocr_par' dir='ltr' id='par_1_2' title="bbox 126 246 1752 482">
     <span class='ocr_line' id='line_1_2' title="bbox 128 246 1706 320; baseline -0.002 -19"><span class='ocrx_word' id='word_1_11' title='bbox 128 249 359 314; x_wconf 87' lang='grc' dir='ltr'>δεόμενος,</span> <span class='ocrx_word' id='word_1_12' title='bbox 383 253 458 303; x_wconf 83' lang='grc' dir='ltr'>καὶ</span> <span class='ocrx_word' id='word_1_13' title='bbox 485 253 588 320; x_wconf 79' lang='grc' dir='ltr'>οὐχὶ</span> <span class='ocrx_word' id='word_1_14' title='bbox 613 257 805 316; x_wconf 81' lang='grc' dir='ltr'>μᾶλλον</span> <span class='ocrx_word' id='word_1_15' title='bbox 831 250 1059 319; x_wconf 81' lang='grc' dir='ltr'>ὑπάρχων</span> <span class='ocrx_word' id='word_1_16' title='bbox 1084 249 1223 304; x_wconf 83' lang='grc' dir='ltr'>αὐτὸς</span> <span class='ocrx_word' id='word_1_17' title='bbox 1249 248 1368 300; x_wconf 82' lang='grc' dir='ltr'>κατὰ</span> <span class='ocrx_word' id='word_1_18' title='bbox 1401 248 1552 317; x_wconf 86' lang='grc' dir='ltr'>φύσιν</span> <span class='ocrx_word' id='word_1_19' title='bbox 1578 246 1669 313; x_wconf 79' lang='grc' dir='ltr'>ζωή</span> <span class='ocrx_word' id='word_1_20' title='bbox 1694 269 1706 309; x_wconf 86' lang='grc'>;</span> 
     </span>
     <span class='ocr_line' id='line_1_3' title="bbox 126 330 1752 401; baseline -0.001 -17"><span class='ocrx_word' id='word_1_21' title='bbox 126 330 156 396; x_wconf 81' lang='grc' dir='ltr'>ἢ</span> <span class='ocrx_word' id='word_1_22' title='bbox 182 337 283 387; x_wconf 79' lang='grc' dir='ltr'>πῶς</span> <span class='ocrx_word' id='word_1_23' title='bbox 310 331 368 385; x_wconf 79' lang='grc' dir='ltr'>ἂν</span> <span class='ocrx_word' id='word_1_24' title='bbox 392 334 582 400; x_wconf 83' lang='grc' dir='ltr'>λέγοιτο</span> <span class='ocrx_word' id='word_1_25' title='bbox 608 335 726 401; x_wconf 76' lang='grc' dir='ltr'>ζωῆς</span> <span class='ocrx_word' id='word_1_26' title='bbox 752 334 818 385; x_wconf 79' lang='grc' dir='ltr'>ἔτι</span> <span class='ocrx_word' id='word_1_27' title='bbox 843 333 989 400; x_wconf 91' lang='grc' dir='ltr'>πηγὴ,</span> <span class='ocrx_word' id='word_1_28' title='bbox 1015 337 1115 387; x_wconf 90' lang='grc' dir='ltr'>ταῖς</span> <span class='ocrx_word' id='word_1_29' title='bbox 1141 331 1250 399; x_wconf 83' lang='grc' dir='ltr'>παρ’</span> <span class='ocrx_word' id='word_1_30' title='bbox 1279 331 1437 397; x_wconf 67' lang='grc' dir='ltr'>ἑτερου</span> <span class='ocrx_word' id='word_1_31' title='bbox 1468 330 1711 398; x_wconf 78' lang='grc' dir='ltr'>χορηγίαις</span> <span class='ocrx_word' id='word_1_32' title='bbox 1730 346 1752 373; x_wconf 79' lang='lat'><em>0</em></span> 
     </span>
     <span class='ocr_line' id='line_1_4' title="bbox 126 412 1016 482; baseline 0.007 -18"><span class='ocrx_word' id='word_1_33' title='bbox 126 417 190 468; x_wconf 79' lang='grc' dir='ltr'>εἷς</span> <span class='ocrx_word' id='word_1_34' title='bbox 213 412 268 466; x_wconf 75' lang='grc' dir='ltr'>τὸ</span> <span class='ocrx_word' id='word_1_35' title='bbox 293 414 527 468; x_wconf 84' lang='grc' dir='ltr'>δύνασθαι</span> <span class='ocrx_word' id='word_1_36' title='bbox 554 415 642 482; x_wconf 76' lang='grc' dir='ltr'>ζῆν</span> <span class='ocrx_word' id='word_1_37' title='bbox 666 415 1016 482; x_wconf 81' lang='grc' dir='ltr'>βοηθούμενος;</span> 
     </span>
    </p>

    <p class='ocr_par' dir='ltr' id='par_1_3' title="bbox 199 491 1713 567">
     <span class='ocr_line' id='line_1_5' title="bbox 199 491 1713 567; baseline -0.002 -20"><span class='ocrx_word' id='word_1_38' title='bbox 199 496 363 548; x_wconf 80' lang='grc' dir='ltr'>Ἀλλὰ</span> <span class='ocrx_word' id='word_1_39' title='bbox 401 501 490 562; x_wconf 80' lang='grc' dir='ltr'>ναὶ,</span> <span class='ocrx_word' id='word_1_40' title='bbox 523 501 676 567; x_wconf 80' lang='grc' dir='ltr'>φησὶν</span> <span class='ocrx_word' id='word_1_41' title='bbox 710 500 735 550; x_wconf 85' lang='grc' dir='ltr'><strong>ὁ</strong></span> <span class='ocrx_word' id='word_1_42' title='bbox 771 499 827 550; x_wconf 87' lang='grc' dir='ltr'>δι’</span> <span class='ocrx_word' id='word_1_43' title='bbox 855 497 1079 561; x_wconf 76' lang='grc' dir='ltr'>ἐναντίας,</span> <span class='ocrx_word' id='word_1_44' title='bbox 1109 495 1229 548; x_wconf 81' lang='grc' dir='ltr'>κατὰ</span> <span class='ocrx_word' id='word_1_45' title='bbox 1266 501 1404 547; x_wconf 89' lang='grc' dir='ltr'>τοῦτο</span> <span class='ocrx_word' id='word_1_46' title='bbox 1442 493 1564 562; x_wconf 77' lang='grc' dir='ltr'>ζωὴν</span> <span class='ocrx_word' id='word_1_47' title='bbox 1599 491 1713 544; x_wconf 79' lang='grc' dir='ltr'>εἶναι</span> 
     </span>
    </p>

    <p class='ocr_par' dir='ltr' id='par_1_4' title="bbox 84 578 1714 733">
     <span class='ocr_line' id='line_1_6' title="bbox 84 578 1714 646; baseline 0.001 -17"><span class='ocrx_word' id='word_1_48' title='bbox 84 590 106 629; x_wconf 88' lang='grc'>5</span> <span class='ocrx_word' id='word_1_49' title='bbox 127 578 344 644; x_wconf 84' lang='grc' dir='ltr'>δώσομεν</span> <span class='ocrx_word' id='word_1_50' title='bbox 381 579 465 632; x_wconf 82' lang='grc' dir='ltr'>τὸν</span> <span class='ocrx_word' id='word_1_51' title='bbox 501 581 631 645; x_wconf 80' lang='grc' dir='ltr'>Υἱὸν,</span> <span class='ocrx_word' id='word_1_52' title='bbox 670 581 788 633; x_wconf 82' lang='grc' dir='ltr'>καθὸ</span> <span class='ocrx_word' id='word_1_53' title='bbox 827 583 903 632; x_wconf 80' lang='grc' dir='ltr'>καὶ</span> <span class='ocrx_word' id='word_1_54' title='bbox 942 581 1082 635; x_wconf 76' lang='grc' dir='ltr'>αὐτὸς</span> <span class='ocrx_word' id='word_1_55' title='bbox 1120 579 1313 632; x_wconf 85' lang='grc' dir='ltr'>δύναται</span> <span class='ocrx_word' id='word_1_56' title='bbox 1357 578 1609 646; x_wconf 78' lang='grc' dir='ltr'>ζωοποιεῖν,</span> <span class='ocrx_word' id='word_1_57' title='bbox 1650 578 1714 630; x_wconf 85' lang='grc' dir='ltr'>ὡς</span> 
     </span>
     <span class='ocr_line' id='line_1_7' title="bbox 125 661 1013 733; baseline 0.003 -21"><span class='ocrx_word' id='word_1_58' title='bbox 125 661 246 730; x_wconf 76' lang='grc' dir='ltr'>ἔχων</span> <span class='ocrx_word' id='word_1_59' title='bbox 272 664 321 713; x_wconf 86' lang='grc' dir='ltr'>ἐν</span> <span class='ocrx_word' id='word_1_60' title='bbox 346 663 495 733; x_wconf 76' lang='grc' dir='ltr'>ἑαυτῷ</span> <span class='ocrx_word' id='word_1_61' title='bbox 520 662 603 715; x_wconf 81' lang='grc' dir='ltr'>τὸν</span> <span class='ocrx_word' id='word_1_62' title='bbox 628 664 778 731; x_wconf 77' lang='grc' dir='ltr'>ζῶντα</span> <span class='ocrx_word' id='word_1_63' title='bbox 803 663 1013 731; x_wconf 89' lang='grc' dir='ltr'>Πατέρα.</span> 
     </span>
    </p>

    <p class='ocr_par' dir='ltr' id='par_1_5' title="bbox 126 739 1714 978">
     <span class='ocr_line' id='line_1_8' title="bbox 199 739 1709 812; baseline -0.002 -17"><span class='ocrx_word' id='word_1_64' title='bbox 199 745 342 796; x_wconf 90' lang='grc' dir='ltr'>Ἀλλ’</span> <span class='ocrx_word' id='word_1_65' title='bbox 370 746 454 797; x_wconf 85' lang='grc' dir='ltr'>οὐκ</span> <span class='ocrx_word' id='word_1_66' title='bbox 492 745 679 812; x_wconf 82' lang='grc' dir='ltr'>ἀρκέσει</span> <span class='ocrx_word' id='word_1_67' title='bbox 717 752 867 797; x_wconf 87' lang='grc' dir='ltr'>ταῦτα</span> <span class='ocrx_word' id='word_1_68' title='bbox 906 745 1024 812; x_wconf 81' lang='grc' dir='ltr'>πρὸς</span> <span class='ocrx_word' id='word_1_69' title='bbox 1062 744 1332 810; x_wconf 84' lang='grc' dir='ltr'>ἀπολογίαν</span> <span class='ocrx_word' id='word_1_70' title='bbox 1366 744 1487 808; x_wconf 84' lang='grc' dir='ltr'>ὑμῖν,</span> <span class='ocrx_word' id='word_1_71' title='bbox 1514 739 1551 793; x_wconf 73' lang='grc' dir='ltr'><em>ὦ</em></span> <span class='ocrx_word' id='word_1_72' title='bbox 1589 740 1709 803; x_wconf 70' lang='grc' dir='ltr'>βέλ-</span> 
     </span>
     <span class='ocr_line' id='line_1_9' title="bbox 126 822 1714 897; baseline -0.002 -20"><span class='ocrx_word' id='word_1_73' title='bbox 126 848 296 890; x_wconf 87' lang='grc' dir='ltr'>τιστοι,</span> <span class='ocrx_word' id='word_1_74' title='bbox 323 829 406 891; x_wconf 88' lang='grc' dir='ltr'>τῆς</span> <span class='ocrx_word' id='word_1_75' title='bbox 432 827 553 879; x_wconf 80' lang='grc' dir='ltr'>κατὰ</span> <span class='ocrx_word' id='word_1_76' title='bbox 579 834 662 879; x_wconf 86' lang='grc' dir='ltr'>τοῦ</span> <span class='ocrx_word' id='word_1_77' title='bbox 691 832 998 894; x_wconf 82' lang='grc' dir='ltr'>Μονογενοῦς</span> <span class='ocrx_word' id='word_1_78' title='bbox 1023 827 1315 897; x_wconf 81' lang='grc' dir='ltr'>δυσφημίας·</span> <span class='ocrx_word' id='word_1_79' title='bbox 1360 826 1638 878; x_wconf 84' lang='grc' dir='ltr'>ἀπαίδευτος</span> <span class='ocrx_word' id='word_1_80' title='bbox 1664 822 1714 874; x_wconf 77' lang='grc' dir='ltr'>δὲ</span> 
     </span>
     <span class='ocr_line' id='line_1_10' title="bbox 127 905 1714 978; baseline -0.001 -20"><span class='ocrx_word' id='word_1_81' title='bbox 127 910 202 959; x_wconf 76' lang='grc' dir='ltr'>καὶ</span> <span class='ocrx_word' id='word_1_82' title='bbox 227 912 448 976; x_wconf 90' lang='grc' dir='ltr'>πανταχῆ</span> <span class='ocrx_word' id='word_1_83' title='bbox 476 910 740 961; x_wconf 82' lang='grc' dir='ltr'>διαπίπτων</span> <span class='ocrx_word' id='word_1_84' title='bbox 767 911 792 961; x_wconf 84' lang='grc' dir='ltr'>ὁ</span> <span class='ocrx_word' id='word_1_85' title='bbox 819 909 965 976; x_wconf 80' lang='grc' dir='ltr'>λόγος·</span> <span class='ocrx_word' id='word_1_86' title='bbox 991 911 1099 973; x_wconf 84' lang='grc' dir='ltr'>ὑμῖν</span> <span class='ocrx_word' id='word_1_87' title='bbox 1125 911 1211 960; x_wconf 84' lang='grc' dir='ltr'>κάν</span> <span class='ocrx_word' id='word_1_88' title='bbox 1235 908 1386 978; x_wconf 81' lang='grc' dir='ltr'>τούτῳ</span> <span class='ocrx_word' id='word_1_89' title='bbox 1411 906 1559 959; x_wconf 80' lang='grc' dir='ltr'>πάλιν</span> <span class='ocrx_word' id='word_1_90' title='bbox 1586 905 1714 957; x_wconf 83' lang='grc' dir='ltr'>ἁλώ-</span> 
     </span>
    </p>

    <p class='ocr_par' dir='ltr' id='par_1_6' title="bbox 59 988 1935 1389">
     <span class='ocr_line' id='line_1_11' title="bbox 59 988 1710 1059; baseline -0.001 -19"><span class='ocrx_word' id='word_1_91' title='bbox 59 1014 107 1041; x_wconf 86' lang='lat'>10</span> <span class='ocrx_word' id='word_1_92' title='bbox 126 1012 277 1043; x_wconf 86' lang='grc' dir='ltr'>σεται.</span> <span class='ocrx_word' id='word_1_93' title='bbox 329 990 384 1042; x_wconf 85' lang='grc' dir='ltr'>τὸ</span> <span class='ocrx_word' id='word_1_94' title='bbox 418 990 511 1058; x_wconf 76' lang='grc' dir='ltr'>γὰρ</span> <span class='ocrx_word' id='word_1_95' title='bbox 547 994 717 1059; x_wconf 88' lang='grc' dir='ltr'>χρῆναι</span> <span class='ocrx_word' id='word_1_96' title='bbox 751 991 908 1057; x_wconf 86' lang='grc' dir='ltr'>λέγειν</span> <span class='ocrx_word' id='word_1_97' title='bbox 934 990 1056 1058; x_wconf 75' lang='grc' dir='ltr'>ζωὴν</span> <span class='ocrx_word' id='word_1_98' title='bbox 1083 993 1432 1043; x_wconf 80' lang='grc' dir='ltr'>ἀποκαλεῖσθαι</span> <span class='ocrx_word' id='word_1_99' title='bbox 1464 988 1547 1040; x_wconf 81' lang='grc' dir='ltr'>τὸν</span> <span class='ocrx_word' id='word_1_100' title='bbox 1572 988 1710 1049; x_wconf 80' lang='grc' dir='ltr'>Υὶὸν,</span> 
     </span>
     <span class='ocr_line' id='line_1_12' title="bbox 125 1071 1935 1140; baseline -0.002 -17"><span class='ocrx_word' id='word_1_101' title='bbox 125 1073 311 1140; x_wconf 83' lang='grc' dir='ltr'>ἐπείπερ</span> <span class='ocrx_word' id='word_1_102' title='bbox 353 1071 448 1125; x_wconf 78' lang='grc' dir='ltr'>οἶδε</span> <span class='ocrx_word' id='word_1_103' title='bbox 494 1072 740 1140; x_wconf 73' lang='grc' dir='ltr'>ζωογονεῖν</span> <span class='ocrx_word' id='word_1_104' title='bbox 778 1072 839 1125; x_wconf 79' lang='grc' dir='ltr'>τὰ</span> <span class='ocrx_word' id='word_1_105' title='bbox 884 1072 1000 1140; x_wconf 66' lang='grc' dir='ltr'>ζωῆς</span> <span class='ocrx_word' id='word_1_106' title='bbox 1046 1071 1246 1136; x_wconf 81' lang='grc' dir='ltr'>δεκτικὰ,</span> <span class='ocrx_word' id='word_1_107' title='bbox 1286 1071 1362 1124; x_wconf 78' lang='grc' dir='ltr'>διὰ</span> <span class='ocrx_word' id='word_1_108' title='bbox 1405 1072 1460 1123; x_wconf 85' lang='grc' dir='ltr'>τὸ</span> <span class='ocrx_word' id='word_1_109' title='bbox 1505 1071 1627 1139; x_wconf 74' lang='grc' dir='ltr'>ε”χειν</span> <span class='ocrx_word' id='word_1_110' title='bbox 1667 1072 1754 1121; x_wconf 65' lang='grc' dir='ltr'>ἐνει</span> <span class='ocrx_word' id='word_1_111' title='bbox 1782 1084 1868 1118; x_wconf 87' lang='grc'>369</span> <span class='ocrx_word' id='word_1_112' title='bbox 1886 1083 1935 1117; x_wconf 89' lang='grc' dir='ltr'><strong>Α.</strong></span> 
     </span>
     <span class='ocr_line' id='line_1_13' title="bbox 126 1153 1715 1225; baseline -0.001 -20"><span class='ocrx_word' id='word_1_113' title='bbox 126 1155 275 1225; x_wconf 75' lang='grc' dir='ltr'>ἑαυτῷ</span> <span class='ocrx_word' id='word_1_114' title='bbox 319 1154 403 1207; x_wconf 83' lang='grc' dir='ltr'>τὸν</span> <span class='ocrx_word' id='word_1_115' title='bbox 445 1157 653 1223; x_wconf 78' lang='grc' dir='ltr'>Πατέρα,</span> <span class='ocrx_word' id='word_1_116' title='bbox 698 1161 800 1211; x_wconf 78' lang='grc' dir='ltr'>πῶς</span> <span class='ocrx_word' id='word_1_117' title='bbox 848 1157 931 1207; x_wconf 82' lang='grc' dir='ltr'>οὐκ</span> <span class='ocrx_word' id='word_1_118' title='bbox 983 1154 1186 1222; x_wconf 77' lang='grc' dir='ltr'>ἄμετρόν</span> <span class='ocrx_word' id='word_1_119' title='bbox 1230 1177 1335 1206; x_wconf 89' lang='grc' dir='ltr'>τινα</span> <span class='ocrx_word' id='word_1_120' title='bbox 1378 1153 1464 1219; x_wconf 91' lang='grc' dir='ltr'>τὴν</span> <span class='ocrx_word' id='word_1_121' title='bbox 1508 1153 1715 1217; x_wconf 79' lang='grc' dir='ltr'>ἀμαθίαν</span> 
     </span>
     <span class='ocr_line' id='line_1_14' title="bbox 127 1234 1714 1305; baseline -0.001 -18"><span class='ocrx_word' id='word_1_122' title='bbox 127 1236 311 1300; x_wconf 74' lang='grc' dir='ltr'>ὠδίνας</span> <span class='ocrx_word' id='word_1_123' title='bbox 356 1239 410 1289; x_wconf 82' lang='grc' dir='ltr'>οὐ</span> <span class='ocrx_word' id='word_1_124' title='bbox 448 1237 541 1305; x_wconf 79' lang='grc' dir='ltr'>γὰρ</span> <span class='ocrx_word' id='word_1_125' title='bbox 580 1239 683 1290; x_wconf 77' lang='grc' dir='ltr'>’ίστε</span> <span class='ocrx_word' id='word_1_126' title='bbox 723 1239 876 1304; x_wconf 87' lang='grc' dir='ltr'>δήπου</span> <span class='ocrx_word' id='word_1_127' title='bbox 914 1237 1034 1290; x_wconf 77' lang='grc' dir='ltr'>κατὰ</span> <span class='ocrx_word' id='word_1_128' title='bbox 1071 1237 1125 1289; x_wconf 81' lang='grc' dir='ltr'>τὸ</span> <span class='ocrx_word' id='word_1_129' title='bbox 1165 1237 1299 1300; x_wconf 81' lang='grc' dir='ltr'>εἰκὸς,</span> <span class='ocrx_word' id='word_1_130' title='bbox 1329 1237 1378 1288; x_wconf 91' lang='grc' dir='ltr'>τί</span> <span class='ocrx_word' id='word_1_131' title='bbox 1408 1236 1493 1301; x_wconf 83' lang='grc' dir='ltr'>μέν</span> <span class='ocrx_word' id='word_1_132' title='bbox 1523 1237 1626 1287; x_wconf 88' lang='grc' dir='ltr'>ἐστι</span> <span class='ocrx_word' id='word_1_133' title='bbox 1659 1234 1714 1286; x_wconf 80' lang='grc' dir='ltr'>τὸ</span> 
     </span>
     <span class='ocr_line' id='line_1_15' title="bbox 127 1317 1709 1389; baseline -0.001 -19"><span class='ocrx_word' id='word_1_134' title='bbox 127 1318 247 1370; x_wconf 82' lang='grc' dir='ltr'>κατὰ</span> <span class='ocrx_word' id='word_1_135' title='bbox 274 1319 438 1389; x_wconf 87' lang='grc' dir='ltr'>φύσιν,</span> <span class='ocrx_word' id='word_1_136' title='bbox 463 1321 512 1371; x_wconf 89' lang='grc' dir='ltr'>τί</span> <span class='ocrx_word' id='word_1_137' title='bbox 544 1320 592 1372; x_wconf 82' lang='grc' dir='ltr'>δὲ</span> <span class='ocrx_word' id='word_1_138' title='bbox 626 1321 681 1372; x_wconf 85' lang='grc' dir='ltr'>τὸ</span> <span class='ocrx_word' id='word_1_139' title='bbox 716 1323 768 1372; x_wconf 89' lang='grc' dir='ltr'>ἐκ</span> <span class='ocrx_word' id='word_1_140' title='bbox 802 1326 885 1373; x_wconf 87' lang='grc' dir='ltr'>τοῦ</span> <span class='ocrx_word' id='word_1_141' title='bbox 921 1319 1042 1372; x_wconf 79' lang='grc' dir='ltr'>κατὰ</span> <span class='ocrx_word' id='word_1_142' title='bbox 1069 1319 1233 1388; x_wconf 84' lang='grc' dir='ltr'>φύσιν,</span> <span class='ocrx_word' id='word_1_143' title='bbox 1261 1322 1323 1374; x_wconf 87' lang='grc' dir='ltr'>ὡς</span> <span class='ocrx_word' id='word_1_144' title='bbox 1350 1317 1463 1370; x_wconf 82' lang='grc' dir='ltr'>αὐτὸ</span> <span class='ocrx_word' id='word_1_145' title='bbox 1490 1317 1709 1369; x_wconf 87' lang='grc' dir='ltr'>συντιθέ-</span> 
     </span>
    </p>

    <p class='ocr_par' dir='ltr' id='par_1_7' title="bbox 58 1400 1715 1801">
     <span class='ocr_line' id='line_1_16' title="bbox 58 1400 1715 1470; baseline 0 -18"><span class='ocrx_word' id='word_1_146' title='bbox 58 1425 106 1464; x_wconf 91' lang='lat'>15</span> <span class='ocrx_word' id='word_1_147' title='bbox 125 1424 281 1465; x_wconf 86' lang='grc' dir='ltr'>μενον,</span> <span class='ocrx_word' id='word_1_148' title='bbox 308 1401 422 1469; x_wconf 80' lang='grc' dir='ltr'>ὅπερ</span> <span class='ocrx_word' id='word_1_149' title='bbox 457 1404 561 1454; x_wconf 78' lang='grc' dir='ltr'>ἐστὶ</span> <span class='ocrx_word' id='word_1_150' title='bbox 596 1403 650 1455; x_wconf 77' lang='grc' dir='ltr'>τὸ</span> <span class='ocrx_word' id='word_1_151' title='bbox 685 1403 807 1455; x_wconf 80' lang='grc' dir='ltr'>κατὰ</span> <span class='ocrx_word' id='word_1_152' title='bbox 842 1404 991 1455; x_wconf 81' lang='grc' dir='ltr'>θέσιν.</span> <span class='ocrx_word' id='word_1_153' title='bbox 1049 1401 1146 1454; x_wconf 75' lang='grc' dir='ltr'>οἷον</span> <span class='ocrx_word' id='word_1_154' title='bbox 1173 1401 1347 1468; x_wconf 85' lang='grc' dir='ltr'>θερμὸν</span> <span class='ocrx_word' id='word_1_155' title='bbox 1370 1400 1453 1466; x_wconf 80' lang='grc' dir='ltr'>μὲν</span> <span class='ocrx_word' id='word_1_156' title='bbox 1479 1406 1537 1469; x_wconf 83' lang='grc' dir='ltr'>τῇ</span> <span class='ocrx_word' id='word_1_157' title='bbox 1570 1401 1715 1470; x_wconf 84' lang='grc' dir='ltr'>φύσει</span> 
     </span>
     <span class='ocr_line' id='line_1_17' title="bbox 125 1484 1715 1553; baseline -0.001 -17"><span class='ocrx_word' id='word_1_158' title='bbox 125 1485 180 1536; x_wconf 81' lang='grc' dir='ltr'>τὸ</span> <span class='ocrx_word' id='word_1_159' title='bbox 214 1491 323 1551; x_wconf 86' lang='grc' dir='ltr'>πῦρ,</span> <span class='ocrx_word' id='word_1_160' title='bbox 351 1485 502 1552; x_wconf 77' lang='grc' dir='ltr'>θερμὰ</span> <span class='ocrx_word' id='word_1_161' title='bbox 538 1485 586 1537; x_wconf 77' lang='grc' dir='ltr'>δὲ</span> <span class='ocrx_word' id='word_1_162' title='bbox 620 1488 697 1537; x_wconf 77' lang='grc' dir='ltr'>καὶ</span> <span class='ocrx_word' id='word_1_163' title='bbox 732 1487 879 1553; x_wconf 81' lang='grc' dir='ltr'>ἕτερα,</span> <span class='ocrx_word' id='word_1_164' title='bbox 912 1489 994 1550; x_wconf 85' lang='grc' dir='ltr'>τῆς</span> <span class='ocrx_word' id='word_1_165' title='bbox 1030 1486 1259 1552; x_wconf 85' lang='grc' dir='ltr'>ἐνεργείας</span> <span class='ocrx_word' id='word_1_166' title='bbox 1294 1484 1600 1551; x_wconf 85' lang='grc' dir='ltr'>μετασχόντα</span> <span class='ocrx_word' id='word_1_167' title='bbox 1632 1486 1715 1547; x_wconf 82' lang='grc' dir='ltr'>τῆς</span> 
     </span>
     <span class='ocr_line' id='line_1_18' title="bbox 126 1567 1709 1638; baseline -0.001 -20"><span class='ocrx_word' id='word_1_168' title='bbox 126 1568 205 1619; x_wconf 83' lang='grc' dir='ltr'>ἀπ’</span> <span class='ocrx_word' id='word_1_169' title='bbox 234 1568 391 1631; x_wconf 80' lang='grc' dir='ltr'>αὐτοῦ,</span> <span class='ocrx_word' id='word_1_170' title='bbox 416 1570 611 1636; x_wconf 86' lang='grc' dir='ltr'>σίδηρος</span> <span class='ocrx_word' id='word_1_171' title='bbox 645 1568 790 1637; x_wconf 82' lang='grc' dir='ltr'>τυχὸν</span> <span class='ocrx_word' id='word_1_172' title='bbox 825 1567 854 1634; x_wconf 87' lang='grc' dir='ltr'>ὴ</span> <span class='ocrx_word' id='word_1_173' title='bbox 890 1568 1055 1638; x_wconf 76' lang='grc' dir='ltr'>ξύλον·</span> <span class='ocrx_word' id='word_1_174' title='bbox 1099 1567 1212 1619; x_wconf 85' lang='grc' dir='ltr'>ἀλλ’</span> <span class='ocrx_word' id='word_1_175' title='bbox 1241 1568 1324 1618; x_wconf 81' lang='grc' dir='ltr'>οὐκ</span> <span class='ocrx_word' id='word_1_176' title='bbox 1358 1567 1545 1633; x_wconf 87' lang='grc' dir='ltr'>ἐπείπερ</span> <span class='ocrx_word' id='word_1_177' title='bbox 1580 1568 1709 1633; x_wconf 86' lang='grc' dir='ltr'>ἐθερ-</span> 
     </span>
     <span class='ocr_line' id='line_1_19' title="bbox 125 1647 1715 1717; baseline 0 -17"><span class='ocrx_word' id='word_1_178' title='bbox 125 1647 296 1715; x_wconf 77' lang='grc' dir='ltr'>μάνθη,</span> <span class='ocrx_word' id='word_1_179' title='bbox 323 1649 400 1701; x_wconf 79' lang='grc' dir='ltr'>διὰ</span> <span class='ocrx_word' id='word_1_180' title='bbox 434 1657 572 1703; x_wconf 83' lang='grc' dir='ltr'>τοῦτο</span> <span class='ocrx_word' id='word_1_181' title='bbox 607 1651 808 1717; x_wconf 84' lang='grc' dir='ltr'>λέγοιντ’</span> <span class='ocrx_word' id='word_1_182' title='bbox 837 1650 894 1702; x_wconf 80' lang='grc' dir='ltr'>ἂν</span> <span class='ocrx_word' id='word_1_183' title='bbox 920 1648 1034 1701; x_wconf 75' lang='grc' dir='ltr'>εἶναι</span> <span class='ocrx_word' id='word_1_184' title='bbox 1068 1652 1144 1701; x_wconf 77' lang='grc' dir='ltr'>καὶ</span> <span class='ocrx_word' id='word_1_185' title='bbox 1178 1655 1290 1717; x_wconf 83' lang='grc' dir='ltr'>πῦρ“</span> <span class='ocrx_word' id='word_1_186' title='bbox 1332 1650 1596 1716; x_wconf 83' lang='grc' dir='ltr'>ἀλλοτρίαν</span> <span class='ocrx_word' id='word_1_187' title='bbox 1620 1648 1715 1715; x_wconf 77' lang='grc' dir='ltr'>γὰρ</span> 
     </span>
     <span class='ocr_line' id='line_1_20' title="bbox 126 1731 1714 1801; baseline 0 -19"><span class='ocrx_word' id='word_1_188' title='bbox 126 1734 202 1783; x_wconf 84' lang='grc' dir='ltr'>καὶ</span> <span class='ocrx_word' id='word_1_189' title='bbox 242 1733 296 1783; x_wconf 85' lang='grc' dir='ltr'>οὐ</span> <span class='ocrx_word' id='word_1_190' title='bbox 335 1733 545 1801; x_wconf 87' lang='grc' dir='ltr'>φυσικὴν</span> <span class='ocrx_word' id='word_1_191' title='bbox 577 1734 626 1784; x_wconf 86' lang='grc' dir='ltr'>ἐν</span> <span class='ocrx_word' id='word_1_192' title='bbox 659 1736 836 1787; x_wconf 88' lang='grc' dir='ltr'>ἑαυτοῖς</span> <span class='ocrx_word' id='word_1_193' title='bbox 875 1732 961 1796; x_wconf 87' lang='grc' dir='ltr'>τὴν</span> <span class='ocrx_word' id='word_1_194' title='bbox 992 1733 1225 1799; x_wconf 87' lang='grc' dir='ltr'>ἐνέργειαν</span> <span class='ocrx_word' id='word_1_195' title='bbox 1257 1732 1364 1800; x_wconf 78' lang='grc' dir='ltr'>ἔχει.</span> <span class='ocrx_word' id='word_1_196' title='bbox 1413 1732 1512 1800; x_wconf 74' lang='grc' dir='ltr'>ἥξει</span> <span class='ocrx_word' id='word_1_197' title='bbox 1551 1731 1599 1783; x_wconf 79' lang='grc' dir='ltr'>δὲ</span> <span class='ocrx_word' id='word_1_198' title='bbox 1638 1733 1714 1782; x_wconf 75' lang='grc' dir='ltr'>καὶ</span> 
     </span>
    </p>

    <p class='ocr_par' dir='ltr' id='par_1_8' title="bbox 59 1812 1759 2216">
     <span class='ocr_line' id='line_1_21' title="bbox 59 1812 1759 1883; baseline -0.001 -17"><span class='ocrx_word' id='word_1_199' title='bbox 59 1841 110 1867; x_wconf 90' lang='lat'>20</span> <span class='ocrx_word' id='word_1_200' title='bbox 127 1814 201 1883; x_wconf 86' lang='grc' dir='ltr'>ἐφ’</span> <span class='ocrx_word' id='word_1_201' title='bbox 229 1815 350 1879; x_wconf 81' lang='grc' dir='ltr'>ἡμᾶς</span> <span class='ocrx_word' id='word_1_202' title='bbox 382 1814 549 1870; x_wconf 76' lang='grc' dir='ltr'>αὐτοὺς</span> <span class='ocrx_word' id='word_1_203' title='bbox 582 1819 678 1867; x_wconf 82' lang='grc' dir='ltr'>τῶν</span> <span class='ocrx_word' id='word_1_204' title='bbox 712 1814 1106 1882; x_wconf 84' lang='grc' dir='ltr'>παραδειγμάτων</span> <span class='ocrx_word' id='word_1_205' title='bbox 1136 1816 1161 1865; x_wconf 85' lang='grc' dir='ltr'><strong>ὁ</strong></span> <span class='ocrx_word' id='word_1_206' title='bbox 1198 1812 1360 1880; x_wconf 88' lang='grc' dir='ltr'>λόγος·</span> <span class='ocrx_word' id='word_1_207' title='bbox 1419 1814 1446 1877; x_wconf 87' lang='grc' dir='ltr'>ἡ</span> <span class='ocrx_word' id='word_1_208' title='bbox 1485 1836 1710 1880; x_wconf 87' lang='grc' dir='ltr'>γραμμα·</span> <span class='ocrx_word' id='word_1_209' title='bbox 1732 1827 1759 1869; x_wconf 90' lang='lat' dir='ltr'>b</span> 
     </span>
     <span class='ocr_line' id='line_1_22' title="bbox 126 1895 1714 1966; baseline -0.003 -17"><span class='ocrx_word' id='word_1_210' title='bbox 126 1896 231 1962; x_wconf 83' lang='grc' dir='ltr'>τικὴ</span> <span class='ocrx_word' id='word_1_211' title='bbox 275 1896 420 1966; x_wconf 80' lang='grc' dir='ltr'>τυχὸν</span> <span class='ocrx_word' id='word_1_212' title='bbox 458 1897 560 1962; x_wconf 74' lang='grc' dir='ltr'>ἤτοι</span> <span class='ocrx_word' id='word_1_213' title='bbox 604 1897 908 1965; x_wconf 87' lang='grc' dir='ltr'>γεωμετρικὴ,</span> <span class='ocrx_word' id='word_1_214' title='bbox 947 1900 1144 1964; x_wconf 82' lang='grc' dir='ltr'>λογικῆς</span> <span class='ocrx_word' id='word_1_215' title='bbox 1185 1896 1270 1960; x_wconf 78' lang='grc' dir='ltr'>μὲν</span> <span class='ocrx_word' id='word_1_216' title='bbox 1310 1895 1576 1961; x_wconf 83' lang='grc' dir='ltr'>ἐπιστήμης</span> <span class='ocrx_word' id='word_1_217' title='bbox 1616 1896 1714 1960; x_wconf 77' lang='grc' dir='ltr'>ε’ίδη</span> 
     </span>
     <span class='ocr_line' id='line_1_23' title="bbox 125 1978 1716 2047; baseline -0.001 -16"><span class='ocrx_word' id='word_1_218' title='bbox 125 1979 412 2043; x_wconf 83' lang='grc' dir='ltr'>πιστεύεται,</span> <span class='ocrx_word' id='word_1_219' title='bbox 453 1981 564 2031; x_wconf 84' lang='grc' dir='ltr'>ἀλλ’</span> <span class='ocrx_word' id='word_1_220' title='bbox 605 1980 719 2032; x_wconf 78' lang='grc' dir='ltr'>ὅταν</span> <span class='ocrx_word' id='word_1_221' title='bbox 756 2004 826 2035; x_wconf 85' lang='grc' dir='ltr'>τις</span> <span class='ocrx_word' id='word_1_222' title='bbox 864 1980 980 2047; x_wconf 84' lang='grc' dir='ltr'>ἰ’δρις</span> <span class='ocrx_word' id='word_1_223' title='bbox 1017 1981 1208 2046; x_wconf 90' lang='grc' dir='ltr'>γένηται</span> <span class='ocrx_word' id='word_1_224' title='bbox 1245 1982 1575 2046; x_wconf 82' lang='grc' dir='ltr'>γραμματικῆς</span> <span class='ocrx_word' id='word_1_225' title='bbox 1613 1978 1716 2043; x_wconf 71' lang='grc' dir='ltr'>ἤτοι</span> 
     </span>
     <span class='ocr_line' id='line_1_24' title="bbox 127 2061 1716 2130; baseline -0.001 -16"><span class='ocrx_word' id='word_1_226' title='bbox 127 2065 209 2127; x_wconf 90' lang='grc' dir='ltr'>τῆς</span> <span class='ocrx_word' id='word_1_227' title='bbox 247 2063 419 2130; x_wconf 85' lang='grc' dir='ltr'>ἑτέρας,</span> <span class='ocrx_word' id='word_1_228' title='bbox 459 2063 542 2114; x_wconf 81' lang='grc' dir='ltr'>οὐκ</span> <span class='ocrx_word' id='word_1_229' title='bbox 581 2062 695 2114; x_wconf 82' lang='grc' dir='ltr'>αὐτὸ</span> <span class='ocrx_word' id='word_1_230' title='bbox 733 2063 1036 2130; x_wconf 87' lang='grc' dir='ltr'>γραμματικὴ</span> <span class='ocrx_word' id='word_1_231' title='bbox 1083 2061 1365 2127; x_wconf 87' lang='grc' dir='ltr'>νοηθήσεται</span> <span class='ocrx_word' id='word_1_232' title='bbox 1408 2061 1571 2129; x_wconf 80' lang='grc' dir='ltr'>τυχὸν,</span> <span class='ocrx_word' id='word_1_233' title='bbox 1614 2061 1716 2126; x_wconf 79' lang='grc' dir='ltr'>η’τοι</span> 
     </span>
     <span class='ocr_line' id='line_1_25' title="bbox 126 2145 1716 2216; baseline 0.001 -19"><span class='ocrx_word' id='word_1_234' title='bbox 126 2145 428 2212; x_wconf 86' lang='grc' dir='ltr'>γεωμετρικὴ,</span> <span class='ocrx_word' id='word_1_235' title='bbox 467 2147 578 2197; x_wconf 84' lang='grc' dir='ltr'>ἀλλ’</span> <span class='ocrx_word' id='word_1_236' title='bbox 619 2148 669 2197; x_wconf 88' lang='grc' dir='ltr'>ἐκ</span> <span class='ocrx_word' id='word_1_237' title='bbox 707 2149 791 2210; x_wconf 83' lang='grc' dir='ltr'>τῆς</span> <span class='ocrx_word' id='word_1_238' title='bbox 830 2147 878 2197; x_wconf 90' lang='grc' dir='ltr'>ἐν</span> <span class='ocrx_word' id='word_1_239' title='bbox 917 2147 1043 2216; x_wconf 78' lang='grc' dir='ltr'>αὐτῷ</span> <span class='ocrx_word' id='word_1_240' title='bbox 1081 2145 1334 2210; x_wconf 82' lang='grc' dir='ltr'>γενομένης</span> <span class='ocrx_word' id='word_1_241' title='bbox 1373 2146 1716 2210; x_wconf 77' lang='grc' dir='ltr'>γραμματικῆς,</span> 
     </span>
    </p>

    <p class='ocr_par' dir='ltr' id='par_1_9' title="bbox 60 2226 1757 2626">
     <span class='ocr_line' id='line_1_26' title="bbox 60 2226 1716 2295; baseline -0.002 -16"><span class='ocrx_word' id='word_1_242' title='bbox 60 2251 108 2290; x_wconf 87' lang='lat'>25</span> <span class='ocrx_word' id='word_1_243' title='bbox 127 2228 454 2294; x_wconf 83' lang='grc' dir='ltr'>γραμματικὸς</span> <span class='ocrx_word' id='word_1_244' title='bbox 485 2227 770 2295; x_wconf 76' lang='grc' dir='ltr'>ὀνομάζεται,</span> <span class='ocrx_word' id='word_1_245' title='bbox 797 2230 874 2279; x_wconf 77' lang='grc' dir='ltr'>καὶ</span> <span class='ocrx_word' id='word_1_246' title='bbox 907 2228 1055 2280; x_wconf 82' lang='grc' dir='ltr'>πάλιν</span> <span class='ocrx_word' id='word_1_247' title='bbox 1082 2228 1251 2290; x_wconf 86' lang='grc' dir='ltr'>ὁμοίως</span> <span class='ocrx_word' id='word_1_248' title='bbox 1285 2226 1340 2278; x_wconf 85' lang='grc' dir='ltr'>τὸ</span> <span class='ocrx_word' id='word_1_249' title='bbox 1376 2227 1550 2293; x_wconf 82' lang='grc' dir='ltr'>ἕτερον·</span> <span class='ocrx_word' id='word_1_250' title='bbox 1593 2227 1716 2276; x_wconf 77' lang='grc' dir='ltr'>οὕτω</span> 
     </span>
     <span class='ocr_line' id='line_1_27' title="bbox 127 2307 1716 2379; baseline -0.002 -18"><span class='ocrx_word' id='word_1_251' title='bbox 127 2312 203 2361; x_wconf 81' lang='grc' dir='ltr'>καὶ</span> <span class='ocrx_word' id='word_1_252' title='bbox 237 2311 265 2374; x_wconf 87' lang='grc' dir='ltr'>ἡ</span> <span class='ocrx_word' id='word_1_253' title='bbox 300 2310 420 2362; x_wconf 78' lang='grc' dir='ltr'>κατὰ</span> <span class='ocrx_word' id='word_1_254' title='bbox 456 2311 606 2379; x_wconf 87' lang='grc' dir='ltr'>φύσιν</span> <span class='ocrx_word' id='word_1_255' title='bbox 632 2310 738 2377; x_wconf 76' lang='grc' dir='ltr'>ζωὴ,</span> <span class='ocrx_word' id='word_1_256' title='bbox 765 2309 923 2378; x_wconf 79' lang='grc' dir='ltr'>ἕτερόν</span> <span class='ocrx_word' id='word_1_257' title='bbox 954 2334 998 2362; x_wconf 90' lang='grc' dir='ltr'>τι</span> <span class='ocrx_word' id='word_1_258' title='bbox 1030 2309 1221 2364; x_wconf 81' lang='grc' dir='ltr'>πάντως</span> <span class='ocrx_word' id='word_1_259' title='bbox 1260 2311 1363 2360; x_wconf 82' lang='grc' dir='ltr'>ἐστὶ</span> <span class='ocrx_word' id='word_1_260' title='bbox 1401 2307 1532 2375; x_wconf 79' lang='grc' dir='ltr'>παρὰ</span> <span class='ocrx_word' id='word_1_261' title='bbox 1571 2307 1630 2358; x_wconf 79' lang='grc' dir='ltr'>τὰ</span> <span class='ocrx_word' id='word_1_262' title='bbox 1667 2309 1716 2359; x_wconf 86' lang='grc' dir='ltr'>ἐν</span> 
     </span>
     <span class='ocr_line' id='line_1_28' title="bbox 129 2389 1717 2460; baseline -0.001 -18"><span class='ocrx_word' id='word_1_263' title='bbox 129 2390 196 2445; x_wconf 74' lang='grc' dir='ltr'>οἷς</span> <span class='ocrx_word' id='word_1_264' title='bbox 247 2393 438 2458; x_wconf 87' lang='grc' dir='ltr'>γίνεται,</span> <span class='ocrx_word' id='word_1_265' title='bbox 488 2392 907 2460; x_wconf 75' lang='grc' dir='ltr'>μετασκευάζουσα</span> <span class='ocrx_word' id='word_1_266' title='bbox 956 2392 1076 2460; x_wconf 81' lang='grc' dir='ltr'>πρὸς</span> <span class='ocrx_word' id='word_1_267' title='bbox 1129 2391 1298 2456; x_wconf 83' lang='grc' dir='ltr'>ἑαυτὴν</span> <span class='ocrx_word' id='word_1_268' title='bbox 1349 2390 1403 2442; x_wconf 79' lang='grc' dir='ltr'>τὸ</span> <span class='ocrx_word' id='word_1_269' title='bbox 1454 2389 1519 2455; x_wconf 87' lang='grc' dir='ltr'>μὴ</span> <span class='ocrx_word' id='word_1_270' title='bbox 1572 2389 1717 2459; x_wconf 83' lang='grc' dir='ltr'>φύσει</span> 
     </span>
     <span class='ocr_line' id='line_1_29' title="bbox 127 2471 1757 2545; baseline 0.001 -21"><span class='ocrx_word' id='word_1_271' title='bbox 127 2479 354 2526; x_wconf 84' lang='grc' dir='ltr'>τοιοῦτον.</span> <span class='ocrx_word' id='word_1_272' title='bbox 429 2475 597 2526; x_wconf 83' lang='grc' dir='ltr'>οὐκοῦν</span> <span class='ocrx_word' id='word_1_273' title='bbox 636 2474 749 2526; x_wconf 79' lang='grc' dir='ltr'>ὅταν</span> <span class='ocrx_word' id='word_1_274' title='bbox 788 2478 836 2527; x_wconf 88' lang='grc' dir='ltr'>ἐν</span> <span class='ocrx_word' id='word_1_275' title='bbox 870 2477 973 2545; x_wconf 77' lang='grc' dir='ltr'>Υἱῷ</span> <span class='ocrx_word' id='word_1_276' title='bbox 1012 2475 1179 2541; x_wconf 91' lang='grc' dir='ltr'>λέγητε</span> <span class='ocrx_word' id='word_1_277' title='bbox 1218 2473 1301 2525; x_wconf 77' lang='grc' dir='ltr'>τὸν</span> <span class='ocrx_word' id='word_1_278' title='bbox 1335 2472 1528 2539; x_wconf 84' lang='grc' dir='ltr'>Πατέρα</span> <span class='ocrx_word' id='word_1_279' title='bbox 1568 2471 1757 2539; x_wconf 70' lang='grc' dir='ltr'>ῦπαρ-ο</span> 
     </span>
     <span class='ocr_line' id='line_1_30' title="bbox 128 2553 1717 2626; baseline -0.001 -19"><span class='ocrx_word' id='word_1_280' title='bbox 128 2579 242 2624; x_wconf 89' lang='grc' dir='ltr'>χειν,</span> <span class='ocrx_word' id='word_1_281' title='bbox 262 2556 426 2624; x_wconf 82' lang='grc' dir='ltr'>ὥσπερ</span> <span class='ocrx_word' id='word_1_282' title='bbox 454 2558 503 2608; x_wconf 86' lang='grc' dir='ltr'>ἐν</span> <span class='ocrx_word' id='word_1_283' title='bbox 530 2559 622 2626; x_wconf 78' lang='grc' dir='ltr'>ὕλῃ</span> <span class='ocrx_word' id='word_1_284' title='bbox 649 2557 808 2626; x_wconf 81' lang='grc' dir='ltr'>τυχὸν,</span> <span class='ocrx_word' id='word_1_285' title='bbox 835 2558 924 2620; x_wconf 80' lang='grc' dir='ltr'>ἵνα,</span> <span class='ocrx_word' id='word_1_286' title='bbox 947 2558 1132 2624; x_wconf 89' lang='grc' dir='ltr'>ἐπείπερ</span> <span class='ocrx_word' id='word_1_287' title='bbox 1157 2558 1260 2607; x_wconf 79' lang='grc' dir='ltr'>ἐστὶ</span> <span class='ocrx_word' id='word_1_288' title='bbox 1288 2554 1379 2621; x_wconf 74' lang='grc' dir='ltr'>ζωὴ</span> <span class='ocrx_word' id='word_1_289' title='bbox 1406 2553 1525 2606; x_wconf 81' lang='grc' dir='ltr'>κατὰ</span> <span class='ocrx_word' id='word_1_290' title='bbox 1553 2554 1717 2623; x_wconf 83' lang='grc' dir='ltr'>φύσιν,</span> 
     </span>
    </p>

    <p class='ocr_par' dir='ltr' id='par_1_10' title="bbox 129 2706 1718 2895">
     <span class='ocr_line' id='line_1_31' title="bbox 181 2706 1715 2756; baseline -0.001 -14"><span class='ocrx_word' id='word_1_291' title='bbox 181 2719 210 2742; x_wconf 87' lang='lat'>1.</span> <span class='ocrx_word' id='word_1_292' title='bbox 238 2708 337 2744; x_wconf 79' lang='grc' dir='ltr'>αὐτὸς</span> <span class='ocrx_word' id='word_1_293' title='bbox 354 2710 437 2743; x_wconf 87' lang='grc' dir='ltr'>κατὰ</span> <span class='ocrx_word' id='word_1_294' title='bbox 453 2708 563 2754; x_wconf 84' lang='grc' dir='ltr'>φυσιν</span> <span class='ocrx_word' id='word_1_295' title='bbox 580 2708 663 2756; x_wconf 79' lang='grc' dir='ltr'>ζωή]</span> <span class='ocrx_word' id='word_1_296' title='bbox 683 2710 772 2756; x_wconf 78' lang='grc' dir='ltr'>αὐτῷ</span> <span class='ocrx_word' id='word_1_297' title='bbox 791 2710 855 2754; x_wconf 81' lang='grc' dir='ltr'>ζωὴ</span> <span class='ocrx_word' id='word_1_298' title='bbox 876 2709 993 2755; x_wconf 83' lang='lat' dir='ltr'>[quasi</span> <span class='ocrx_word' id='word_1_299' title='bbox 1010 2707 1177 2753; x_wconf 80' lang='grc' dir='ltr'>αιτοζωη]</span> <span class='ocrx_word' id='word_1_300' title='bbox 1199 2707 1281 2741; x_wconf 81' lang='grc' dir='ltr'>κατὰ</span> <span class='ocrx_word' id='word_1_301' title='bbox 1298 2706 1408 2752; x_wconf 78' lang='grc' dir='ltr'>φύσιν</span> <span class='ocrx_word' id='word_1_302' title='bbox 1429 2706 1469 2741; x_wconf 83' lang='grc' dir='ltr'><em>Β</em></span> <span class='ocrx_word' id='word_1_303' title='bbox 1545 2715 1575 2751; x_wconf 92' lang='lat'>7.</span> <span class='ocrx_word' id='word_1_304' title='bbox 1594 2706 1715 2752; x_wconf 80' lang='grc' dir='ltr'>ταυτα]</span> 
     </span>
     <span class='ocr_line' id='line_1_32' title="bbox 129 2752 1718 2802; baseline -0.001 -13"><span class='ocrx_word' id='word_1_305' title='bbox 129 2757 230 2790; x_wconf 83' lang='grc' dir='ltr'>τοῦτο</span> <span class='ocrx_word' id='word_1_306' title='bbox 250 2755 292 2790; x_wconf 88' lang='grc' dir='ltr'>Β.</span> <span class='ocrx_word' id='word_1_307' title='bbox 418 2767 450 2801; x_wconf 89' lang='grc'>9.</span> <span class='ocrx_word' id='word_1_308' title='bbox 477 2756 569 2800; x_wconf 79' lang='grc' dir='ltr'>ὑμῶν</span> <span class='ocrx_word' id='word_1_309' title='bbox 588 2756 629 2791; x_wconf 90' lang='grc' dir='ltr'>Β.</span> <span class='ocrx_word' id='word_1_310' title='bbox 757 2768 810 2791; x_wconf 92' lang='lat'>11.</span> <span class='ocrx_word' id='word_1_311' title='bbox 835 2756 893 2802; x_wconf 87' lang='grc' dir='ltr'>τὰ]</span> <span class='ocrx_word' id='word_1_312' title='bbox 914 2771 964 2790; x_wconf 85' lang='grc' dir='ltr'>και</span> <span class='ocrx_word' id='word_1_313' title='bbox 985 2756 1025 2789; x_wconf 84' lang='grc' dir='ltr'>τὰ</span> <span class='ocrx_word' id='word_1_314' title='bbox 1046 2756 1087 2790; x_wconf 84' lang='grc' dir='ltr'>Β.</span> <span class='ocrx_word' id='word_1_315' title='bbox 1211 2765 1263 2788; x_wconf 90' lang='lat'>12.</span> <span class='ocrx_word' id='word_1_316' title='bbox 1290 2768 1362 2787; x_wconf 86' lang='grc' dir='ltr'>τινα</span> <span class='ocrx_word' id='word_1_317' title='bbox 1379 2752 1455 2798; x_wconf 87' lang='grc' dir='ltr'>τὴν]</span> <span class='ocrx_word' id='word_1_318' title='bbox 1475 2753 1534 2798; x_wconf 84' lang='grc' dir='ltr'>τὴν</span> <span class='ocrx_word' id='word_1_319' title='bbox 1551 2754 1654 2797; x_wconf 78' lang='grc' dir='ltr'>αὐτὴν</span> <span class='ocrx_word' id='word_1_320' title='bbox 1673 2754 1718 2789; x_wconf 87' lang='grc' dir='ltr'>Β.</span> 
     </span>
     <span class='ocr_line' id='line_1_33' title="bbox 134 2800 1717 2848; baseline -0.001 -12"><span class='ocrx_word' id='word_1_321' title='bbox 134 2802 188 2836; x_wconf 91' lang='lat'>16.</span> <span class='ocrx_word' id='word_1_322' title='bbox 214 2803 433 2847; x_wconf 86' lang='grc' dir='ltr'>μετασχόντα</span> <span class='ocrx_word' id='word_1_323' title='bbox 452 2802 494 2837; x_wconf 86' lang='grc' dir='ltr'>Β.</span> <span class='ocrx_word' id='word_1_324' title='bbox 512 2803 719 2848; x_wconf 84' lang='grc' dir='ltr'>μετίσχοντα</span> <span class='ocrx_word' id='word_1_325' title='bbox 738 2803 785 2838; x_wconf 85' lang='lat' dir='ltr'>D.</span> <span class='ocrx_word' id='word_1_326' title='bbox 803 2804 988 2848; x_wconf 84' lang='grc' dir='ltr'>μετέχοντα</span> <span class='ocrx_word' id='word_1_327' title='bbox 1008 2802 1075 2836; x_wconf 84' lang='lat' dir='ltr'>Ed.</span> <span class='ocrx_word' id='word_1_328' title='bbox 1192 2802 1245 2835; x_wconf 84' lang='lat'>18.</span> <span class='ocrx_word' id='word_1_329' title='bbox 1272 2800 1400 2845; x_wconf 80' lang='grc' dir='ltr'>λέγοιτ’</span> <span class='ocrx_word' id='word_1_330' title='bbox 1421 2800 1464 2834; x_wconf 87' lang='grc' dir='ltr'>Β.</span> <span class='ocrx_word' id='word_1_331' title='bbox 1578 2811 1634 2835; x_wconf 87' lang='grc'>20.</span> <span class='ocrx_word' id='word_1_332' title='bbox 1660 2800 1717 2845; x_wconf 77' lang='grc' dir='ltr'>ἐφ’</span> 
     </span>
     <span class='ocr_line' id='line_1_34' title="bbox 130 2847 1718 2895; baseline -0.001 -12"><span class='ocrx_word' id='word_1_333' title='bbox 130 2848 222 2892; x_wconf 84' lang='grc' dir='ltr'>ἡμῶν</span> <span class='ocrx_word' id='word_1_334' title='bbox 239 2850 348 2883; x_wconf 84' lang='grc' dir='ltr'>αὐτῶν</span> <span class='ocrx_word' id='word_1_335' title='bbox 367 2849 410 2883; x_wconf 89' lang='grc' dir='ltr'>Β.</span> <span class='ocrx_word' id='word_1_336' title='bbox 509 2861 564 2885; x_wconf 83' lang='grc'>21.</span> <span class='ocrx_word' id='word_1_337' title='bbox 589 2850 659 2892; x_wconf 76' lang='grc' dir='ltr'>εἴδη</span> <span class='ocrx_word' id='word_1_338' title='bbox 680 2849 760 2884; x_wconf 88' lang='lat' dir='ltr'>B.D</span> <span class='ocrx_word' id='word_1_339' title='bbox 775 2862 847 2895; x_wconf 86' lang='lat' dir='ltr'>mg.</span> <span class='ocrx_word' id='word_1_340' title='bbox 864 2849 993 2893; x_wconf 78' lang='grc' dir='ltr'>εἴδησις</span> <span class='ocrx_word' id='word_1_341' title='bbox 1012 2850 1058 2884; x_wconf 90' lang='lat' dir='ltr'>D.</span> <span class='ocrx_word' id='word_1_342' title='bbox 1079 2848 1146 2883; x_wconf 83' lang='lat' dir='ltr'>Ed.</span> <span class='ocrx_word' id='word_1_343' title='bbox 1243 2858 1297 2892; x_wconf 83' lang='lat'>23.</span> <span class='ocrx_word' id='word_1_344' title='bbox 1320 2847 1402 2881; x_wconf 76' lang='grc' dir='ltr'>αὐτὸ</span> <span class='ocrx_word' id='word_1_345' title='bbox 1422 2847 1516 2881; x_wconf 86' lang='lat' dir='ltr'><strong>B.D.</strong></span> <span class='ocrx_word' id='word_1_346' title='bbox 1534 2847 1632 2882; x_wconf 76' lang='grc' dir='ltr'>αὐτὸς</span> <span class='ocrx_word' id='word_1_347' title='bbox 1650 2847 1718 2882; x_wconf 88' lang='lat' dir='ltr'>Ed.</span> 
     </span>
    </p>
   </div>
   <div class='ocr_carea' id='block_1_3' title="bbox 132 2892 1716 2988">
    <p class='ocr_par' dir='ltr' id='par_1_11' title="bbox 132 2892 1716 2988">
     <span class='ocr_line' id='line_1_35' title="bbox 133 2892 1716 2988; baseline 0.001 -59"><span class='ocrx_word' id='word_1_348' title='bbox 133 2907 188 2939; x_wconf 85' lang='lat'>24.</span> <span class='ocrx_word' id='word_1_349' title='bbox 213 2895 401 2988; x_wconf 50' lang='grc' dir='ltr'>γεαῗιμξτρῐίὲι</span> <span class='ocrx_word' id='word_1_350' title='bbox 422 2896 463 2931; x_wconf 89' lang='grc' dir='ltr'><strong>Β.</strong></span> <span class='ocrx_word' id='word_1_351' title='bbox 631 2906 686 2939; x_wconf 87' lang='lat'>25.</span> <span class='ocrx_word' id='word_1_352' title='bbox 711 2898 924 2942; x_wconf 82' lang='grc' dir='ltr'>γραμματικὴ</span> <span class='ocrx_word' id='word_1_353' title='bbox 944 2897 990 2932; x_wconf 78' lang='grc' dir='ltr'><strong>Ι).</strong></span> <span class='ocrx_word' id='word_1_354' title='bbox 1159 2904 1215 2940; x_wconf 82' lang='grc'>27.</span> <span class='ocrx_word' id='word_1_355' title='bbox 1241 2895 1326 2939; x_wconf 86' lang='grc' dir='ltr'>πρὸς</span> <span class='ocrx_word' id='word_1_356' title='bbox 1344 2892 1482 2940; x_wconf 81' lang='grc' dir='ltr'>ἑαυτὴν]</span> <span class='ocrx_word' id='word_1_357' title='bbox 1501 2894 1536 2928; x_wconf 84' lang='grc' dir='ltr'>ἐν</span> <span class='ocrx_word' id='word_1_358' title='bbox 1553 2895 1653 2939; x_wconf 85' lang='grc' dir='ltr'>ἑαυτῇ</span> <span class='ocrx_word' id='word_1_359' title='bbox 1673 2894 1716 2930; x_wconf 80' lang='grc' dir='ltr'><strong>Β.</strong></span> 
     </span>
     <span class='ocr_line' id='line_1_36' title="bbox 132 2953 403 2988; baseline 0 -11"><span class='ocrx_word' id='word_1_360' title='bbox 132 2953 187 2988; x_wconf 86' lang='grc'>29.</span> <span class='ocrx_word' id='word_1_361' title='bbox 214 2957 266 2977; x_wconf 87' lang='grc' dir='ltr'>ινα</span> <span class='ocrx_word' id='word_1_362' title='bbox 304 2958 343 2987; x_wconf 88' lang='grc' dir='ltr'>ην</span> <span class='ocrx_word' id='word_1_363' title='bbox 396 2969 403 2977; x_wconf 93' lang='grc'>.</span> 
     </span>
    </p>
   </div>
  </div>
 </body>
</html>
