2084 3317
148 165 271 195 v.20.
387 156 463 197 IN
505 158 545 201 S.
581 159 916 204 JOANNEM.
978 165 1101 206 LIB.
1136 167 1196 208 ΙΙ.
1259 169 1392 210 CAP.
1418 170 1496 211 VI.
1652 174 1736 213 329

145 259 283 316 αὐτὸς
318 264 513 335 ὑπάρχει
550 272 624 320 καὶ
657 271 884 338 φαίνεται,
911 274 1124 329 ποταπός
1159 299 1207 327 τε
1243 279 1318 328 καὶ
1343 279 1411 332 τίς
1437 279 1557 330 κατὰ
1584 282 1734 349 φύσιν

143 342 275 394 ἐστιν
300 347 436 412 εἰδείη
461 348 544 400 τὸν
569 352 839 419 γεννήτορα.
887 354 962 405 διὰ
988 356 1081 422 γὰρ
1106 358 1245 410 τοῦτό
1272 363 1471 428 φησιν’
1451 385 1476 412 ο
1503 362 1731 428 Χριστος,

239 431 267 455 “
288 428 457 484 Οὑδεις
490 433 712 497 γινώσκει
737 436 806 489 τίς
832 438 963 488 ἐστιν
990 439 1015 489 ὁ
1043 438 1157 494 Υἱος
1190 445 1228 492 εἰ
1262 439 1328 505 μὴ
1363 442 1387 492 ὁ
1413 443 1599 510 Πατὴρ,
1626 446 1729 497 οὐδὲ
1748 469 1770 494 a
1804 462 1885 496 223
1903 463 1955 500 A.

156 507 270 558 ίτὸν
292 512 483 578 Πατέρα
509 537 579 568 τις
605 517 903 582 ἐπιγινώσκει
930 521 1000 574 τίς
1025 522 1157 572 ἐστιν
1183 527 1219 574 εἷ
1243 523 1308 589 μὴ
1336 526 1361 575 ὁ
1379 524 1543 579 Υἱόςῗ
1582 531 1728 579 κεῖται
1790 512 1952 596 {iM2a7tth'

95 604 117 642 5
138 586 231 654 γὰρ
274 592 323 641 ἐν
362 594 542 663 ἀμφοῖν
582 598 610 661 ἡ
655 599 873 666 ἑκατέρου
917 607 1095 668 γνῶσις
1134 606 1345 672 ἀκριβὴς,
1386 609 1440 658 οὐ
1481 610 1723 673 διδακτῶς,

136 671 269 722 ἀλλὰ
313 678 545 742 φυσικῶς·
587 703 661 731 και
702 683 791 750 ὁρᾷ
827 707 913 746 μεν
952 686 976 735 ὁ
1011 685 1134 740 Θεὸς
1175 691 1249 738 καὶ
1285 689 1453 786 Πατὴρ
1492 692 1540 741 ἐν
1578 694 1727 762 ἑαυτῷ

134 775 218 804 τον
243 756 372 820 Υὶὸν,
409 760 498 828 ὁρᾷ
534 761 583 812 δε
621 763 679 813 αὖ
715 763 864 816 πάλιν
902 767 927 816 ὁ
968 767 1082 821 Υὶος
1119 770 1168 819 ἐν
1206 772 1354 840 ἑαυτῷ
1391 771 1475 823 τὸν
1513 775 1719 841 Πατερα·

134 834 282 887 διάτοι
320 840 460 892 τοῦτό
501 847 654 910 φησιν
683 852 709 874 “
730 845 860 912 Ἐγὼ
899 850 947 899 ἐν
980 853 1047 917 τῷ
1088 853 1244 917 Πατρὶ
1283 855 1358 904 καὶ
1397 855 1422 904 ὁ
1464 855 1635 953 Πατὴρ
1673 858 1721 908 ἐν
1784 857 1875 888 Infra

1783 910 1915 933 xlv.11.

148 918 290 978 (ἐμοί
322 922 457 972 ἐστι]
524 923 578 975 τὸ
614 925 664 976 δὲ
699 928 813 993 ὁρᾶν
843 952 893 980 τε
932 933 1007 981 καὶ
1046 933 1264 997 ὁρᾶσθαι,
1293 934 1441 986 πάλιν
1467 938 1516 987 ἐν
1540 939 1721 994 τούτοις

63 1019 110 1045 10
131 1000 328 1052 νοείσθω
356 1007 638 1071 θεοπρεπῶς.

171 1140 243 1183 Καὶ
281 1144 448 1203 μείζονα
486 1150 650 1192 τούτων
688 1153 790 1210 ἕρποι
829 1154 958 1198 δείξει
996 1157 1125 1212 αὐτῷ,
1164 1159 1232 1200 ἵνα
1270 1159 1388 1209 ὑμεῖς
1427 1164 1678 1221 ΘαυμάζΗτε

1736 1214 1762 1255 b

200 1251 286 1302 Ἐν
324 1259 418 1308 τοῖς
459 1258 676 1325 ἀνωτερω
716 1263 867 1329 φησιν
906 1265 931 1314 ὁ
976 1289 1202 1333 μακαριος
1242 1270 1606 1371 Εὐαγγελιστης
1655 1277 1715 1329 ὡς

126 1338 153 1361 “
179 1333 404 1400 Ἐζήτουν
431 1342 472 1390 οἱ
500 1341 716 1394 Ἰουδαῖοι
741 1366 824 1395 τον
849 1346 1092 1410 Ἰησοῦν’
1066 1357 1348 1415 αποκτεῖναι,
1376 1353 1448 1404 ὅτι
1483 1356 1536 1406 οὐ
1569 1356 1715 1419 μόνον
1778 1369 1900 1444 ἓέιιπῗὸ

124 1413 286 1467 “ἒλυε
336 1441 390 1470 το
440 1420 710 1488 σαββατον,
755 1427 887 1478 ἀλλὰ
935 1452 1010 1480 και
1057 1432 1249 1499 Πατερα
1292 1435 1407 1486 ι’διον
1449 1435 1586 1503 ἔλεγε
1631 1439 1714 1491 τὸν
1838 1438 1843 1444 ’
1906 1438 1912 1444 ’

54 1506 100 1544 I5
124 1504 150 1527 ‘⁶
177 1499 363 1562 Θεὸν,”
343 1524 451 1554 ισον
484 1505 650 1557 ἑαυτὸν
681 1513 830 1560 ποιῶν
860 1514 927 1579 τῷ
963 1514 1118 1564 Θεῶῗ
1179 1515 1265 1580 τὴν
1296 1541 1383 1580 μεν
1420 1520 1502 1570 οὖν
1534 1522 1608 1572 ε’πὶ
1647 1527 1714 1592 τῷ

120 1581 360 1653 σαββάτω
410 1608 697 1655 κατηγοριαν
748 1593 1101 1662 ἀπεσκευάζετο,
1149 1600 1223 1649 καὶ
1274 1599 1417 1651 αὐτὸν
1458 1575 1712 1660 ἐπιδεικνυις

119 1663 310 1730 ἐνεργὸν
350 1669 399 1718 ἐν
438 1670 678 1742 σαββατω
722 1696 806 1724 τον
847 1677 1054 1743 Πατερα,
1097 1702 1171 1729 και
1216 1704 1398 1747 μακρον
1442 1686 1515 1735 ἐπι
1559 1686 1710 1738 τούτω

117 1749 507 1810 προσαναλώσας
533 1752 698 1818 λόγον·
743 1755 814 1806 ὅτι
845 1757 900 1807 δε
929 1759 1060 1810 ἐστιν
1086 1763 1134 1812 ἐν
1161 1762 1345 1828 ισότητι
1380 1769 1439 1834 τῇ
1473 1789 1592 1833 προς
1626 1767 1709 1820 τὸν

117 1828 323 1895 Πατέρα,
352 1853 426 1882 και
454 1832 701 1901 ἄνθρωπος
728 1839 934 1904 γεγονὼς
959 1843 1014 1892 δι’
1042 1843 1176 1906 ἡμᾶς,
1202 1851 1416 1911 πειρᾶται
1448 1848 1702 1902 διδασκειν.

46 1932 95 1958 20
115 1915 253 1962 τοῦτο
280 1912 373 1979 γὰρ
399 1913 457 1978 ἦν
483 1916 548 1967 ἐτι
575 1922 641 1968 τῶ
670 1918 803 1990 λόγω
840 1944 894 1973 το
931 1929 1112 1975 λεῖπον·
1156 1932 1230 1978 καὶ
1267 1927 1343 1979 δια
1376 1932 1515 1983 τοῦτό
1553 1937 1705 1999 φησιν
1724 1956 1746 1983 c

113 2014 184 2042 Οτι
214 1999 300 2045 Καὶ
326 1997 506 2067 μείζονα
539 2024 691 2053 TOUTOE)
718 1999 846 2073 δείξει
879 2009 998 2075 αυτῷ
1031 2032 1140 2077 ἔργα
1174 2034 1241 2061 ‘Vde
1276 2036 1398 2078 υμέἰς
1433 2012 1700 2086 θῶυμάζηῖεο

111 2076 187 2125 καὶ
213 2076 263 2126 τί
282 2077 431 2130 πάλιν
457 2080 565 2144 ἡμῖν
591 2083 816 2144 βούλεται
843 2087 919 2138 διὰ
945 2090 1112 2142 τούτου
1139 2094 1343 2156 δηλουν·
1332 2135 1344 2156 ,

184 2159 544 2226 Τεθεράπευται,
578 2168 797 2234 φησιν,
777 2191 802 2219 ο
834 2170 1109 2237 παράλυτος
1135 2181 1162 2204 “
1182 2198 1432 2242 τριακοντα
1467 2182 1543 2230 καὶ
1578 2181 1701 2233 ὀκτὼ
1763 2185 1830 2260 ἓξ]
1833 2198 1876 2270 1'2

110 2239 298 2305 “ε”τη”
268 2265 388 2309 εχων
414 2246 462 2296 ἐν
487 2250 545 2315 τῇ
573 2250 793 2301 ἀσθενειά
820 2254 989 2306 αὑτοῦῖ
1057 2279 1133 2307 και
1159 2260 1412 2325 θαυμαστὴ
1442 2285 1529 2325 μεν
1554 2262 1699 2319 ὅντως

39 2335 87 2374 25
107 2320 135 2385 ἦ
160 2328 243 2373 τοῦ
270 2326 649 2390 θεραπεύσαντος
676 2331 882 2397 δύναμις,
909 2339 1173 2403 θεοπρεπής
1208 2363 1257 2390 τε
1293 2343 1403 2393 λιαν
1429 2345 1455 2407 ἡ
1482 2344 1693 2412 ἐξουσιἭα

105 2402 189 2454 τὸν
227 2405 276 2456 δε
321 2430 443 2459 ουτω
489 2414 862 2481 θαυματουργον,
902 2420 984 2469 οὐκ
1029 2420 1087 2470 ἄν
1126 2444 1208 2484 τις,
1248 2421 1388 2487 οἶμαι,
1427 2430 1695 2494 σωφρονῶν

104 2485 370 2540 αιτιάσαιτο
412 2491 538 2543 Θεον
579 2495 744 2548 ἑαυτὸν
789 2496 903 2550 εἶναι
948 2503 1164 2567 λέγοντα,
1211 2527 1286 2555 και
1332 2508 1516 2573 ἔπειπερ
1562 2509 1694 2560 ἐστιν

104 2567 232 2632 Υιὸς,
274 2570 382 2622 ἰ’σον
426 2574 546 2626 κατὰ
589 2600 746 2630 παντα
790 2585 855 2650 τῷ
899 2588 1214 2649 γεγεννηκότι·
1272 2587 1428 2653 ἐπειδη
1473 2589 1523 2640 δε
1568 2594 1688 2659 φρο-

102 2656 299 2714 νοῦντες,
332 2657 469 2723 φησι,
502 2681 705 2711 κακιστα
743 2684 793 2713 τε
832 2667 907 2715 καὶ
945 2667 1241 2733 ἀλογώτατα,
1273 2669 1349 2720 διὰ
1382 2671 1436 2721 τὸ
1472 2672 1691 2738 ἐπικηρον
1710 2681 1735 2722 d

148 2787 180 2812 2.
200 2779 218 2811 ὁ
236 2782 386 2823 Χριστός
402 2783 534 2827 φησιν
526 2797 665 2822 mverso
682 2789 805 2826 ordine
824 2791 916 2827 Catt.
1082 2808 1115 2836 4.
1140 2797 1189 2832 τίς
1209 2796 1303 2831 ἐστιν
1320 2809 1390 2832 om.
1410 2811 1439 2832 a.
1459 2799 1563 2834 habet
1583 2801 1689 2838 C01d.

100 2833 134 2866 5.
152 2824 292 2868 ἀκριβὴς
308 2836 531 2875 assumptum
549 2844 589 2866 ex
610 2834 651 2869 B.
672 2835 764 2872 Catt.
864 2850 916 2884 13.
936 2841 967 2873 οἱ
985 2852 1055 2876 om.
1076 2842 1117 2876 B.
1220 2853 1272 2888 17
1291 2846 1419 2889 μακρὸν
1438 2846 1479 2880 Β.
1488 2847 1531 2904 D.
1553 2848 1687 2893 Migne.

98 2871 230 2915 μακρὰν
247 2872 314 2907 Ed.
462 2878 514 2912 18.
541 2882 580 2923 τῇ
599 2892 668 2916 orn.
686 2882 726 2917 Β.
747 2884 876 2919 habent
896 2886 988 2922 Catt.
1121 2900 1175 2923 20
1203 2891 1251 2924 ἔτι
1270 2890 1310 2924 B.
1316 2903 1345 2924 a.
1367 2891 1472 2926 Cord.
1493 2893 1546 2928 ἐπὶ
1565 2895 1598 2928 b.
1620 2896 1686 2930 Ed„

101 2927 157 2951 21
186 2919 250 2953 Καὶ
267 2928 489 2977 assumptum
508 2936 546 2959 ex
568 2925 609 2961 Β
616 2927 660 2963 D.
879 2944 934 2968 22.
960 2934 1014 2968 διὰ
1032 2934 1152 2970 τούτου
1168 2936 1355 2977 βούλεται’
1349 2950 1446 2973 luvel
1449 2952 1487 2974 βο
1505 2941 1625 2977 01d111e
1646 2943 1686 2979 B.

100 2963 156 2998 28.
181 2963 310 3011 ἰ’σον]”
297 2982 380 3004 ισως
399 2969 439 3004 Β.

156 3031 298 3062 VOL.1.
862 3046 886 3072 U
910 3049 935 3073 U
