2084 3317
359 156 442 195 586
760 156 810 196 B.
844 155 1116 196 CYRILLI
1159 155 1538 196 ALEXANDR.
1814 154 1940 206 vii.7.

137 279 290 314 400A.
320 268 656 329 επροσλαλεῖν
701 264 760 315 τὰ
803 264 1127 333 συμφέροντα,
1175 266 1464 330 περιστολῆς
1508 260 1699 327 ἁπάσης
1743 265 1827 325 τῆς
1868 264 1943 313 ἐπὶ

134 1815 234 1845 PrOV.
252 1815 295 1845 ix.

135 1859 164 1889 8.

136 1981 198 2012 Sir.
215 1991 291 2012 xxv.

135 2035 166 2066 9.

358 346 509 415 τούτῳ
535 346 881 414 παρῃρημένης·
909 352 1005 399 τοῖς
1032 346 1079 396 δὲ
1106 343 1220 396 εἶναι
1247 348 1470 396 δοκοῦσιν
1490 347 1729 413 ἀδελφοῖς,
1749 343 1815 408 μὴ
1842 345 1944 411 οὐχὶ

358 432 532 496 πολλῷ
558 432 632 478 καὶ
658 429 841 479 πλείονι
868 427 1143 494 χαρίζεσθαι
1169 427 1338 496 μέτρῳ,
1365 425 1425 478 τὰ
1459 428 1531 495 ἐφ’
1559 425 1625 480 οῖς
1660 426 1864 490 ἔμελλον
1891 426 1945 475 οὐ

358 509 556 575 μετρίως
589 508 911 577 ὠφελούμενοι
945 508 1199 570 μανθάνειν
1226 509 1411 576 ἔχοντες
1437 507 1526 572 ἤδη
1552 511 1633 571 τῆς
1660 507 1837 576 σοφίας
1862 504 1946 557 τὸν

359 590 582 657 χορηγόν.
651 590 754 643 ε”θος
789 590 838 640 δὲ
878 596 1016 641 τοῦτο
1053 593 1120 659 τῷ
1159 593 1345 656 Σωτῆρι
1383 593 1601 658 Χριστῷ·
1656 587 1945 657 δραξάμενος

357 670 450 736 γὰρ
477 671 689 738 εὐκαίρου
713 670 1005 739 προφάσεως
1040 672 1143 722 ἔσθ’
1173 671 1262 734 ὅτε,
1290 671 1470 737 μακρὰς
1506 676 1602 724 τοῖς
1637 666 1946 737 ἀκροωμένοις

356 753 594 820 ἐξυφαίνει
645 752 729 806 τὰς
780 753 1082 821 κατηχήσεις.
1162 755 1233 804 ἀεὶ
1283 758 1552 820 τοιγαροῦν,
1607 754 1748 820 φησὶ,
1801 751 1947 819 φίλον

356 833 543 903 ἑκάστω
578 834 631 884 τὸ
669 834 912 900 συγγενὲς,
941 837 1015 886 καὶ
1042 836 1067 900 ἦ
1095 841 1178 886 τοῦ
1205 834 1383 902 τρόπου
1409 834 1637 898 ταυτότης
1663 832 1947 901 παραδόξως

314 914 557 981 ὒσυνάγει
594 915 714 981 πρὸς
752 916 980 968 διάθεσιν.
1035 923 1053 969 ὁ
1096 917 1261 985 κόσμος
1302 918 1424 984 ὑμᾶς
1466 920 1510 967 οὐ
1547 918 1688 983 μισ-εἶ·
1733 918 1947 983 φρονεῖτε

358 997 452 1064 γὰρ
487 998 551 1049 ε”τι
586 997 646 1048 τὰ
681 999 839 1049 αὐτοῦ·
886 997 963 1067 ἐμὲ
998 995 1043 1050 δὲ
1075 1002 1210 1067 μισ-εἶ,
1239 999 1326 1066 οὐχ
1362 997 1506 1062 ἡδέως
1542 998 1662 1065 ε”χων
1688 998 1760 1065 ἐφ’
1788 995 1855 1050 οῖς
1890 993 1947 1046 ἂν

358 1081 613 1147 ἀσχημονῇ
667 1080 777 1146 παρ’
823 1081 936 1143 ἐμοῦ
991 1079 1411 1146 κατηγορούμενος·
1479 1080 1647 1130 οὐκοῦν
1695 1077 1948 1131 ἀκινδύνως

357 1163 676 1212 ἐπελεύσεσθε
704 1160 788 1225 μὲν
816 1163 942 1223 ὑμεῖς
973 1163 1048 1212 ἐπὶ
1073 1160 1209 1225 τήνδε
1244 1161 1330 1226 τὴν
1356 1160 1536 1226 ἑορτὴν,
1564 1160 1656 1226 ἐγὼ
1694 1159 1741 1210 δὲ
1775 1159 1943 1210 οὐκέτι.

357 1243 637 1311 διαλέξομαι
683 1242 774 1309 γὰρ
819 1242 1008 1296 πάντως
1055 1245 1131 1293 καὶ
1176 1244 1264 1308 ε’ρῶ
1309 1242 1476 1309 παρὼν
1510 1241 1570 1293 τὰ
1614 1241 1942 1310 συμφέροντα,

356 1324 524 1391 πικρὸς
560 1324 609 1375 δὲ
644 1330 741 1378 τοῖς
776 1323 1051 1392 φιληδόνοις
1089 1325 1113 1376 ὁ
1150 1323 1362 1392 ἐ’λεγχος,
1390 1328 1466 1374 καὶ
1499 1322 1617 1390 πρὸς
1651 1321 1799 1389 ὀργὴν
1830 1323 1944 1373 ἀνα-

357 1412 531 1458 καῦσαι
583 1405 730 1460 δεινὸς
781 1405 864 1457 τὸν
911 1405 983 1457 ὅτι
1033 1405 1272 1472 προσήκοι
1322 1410 1591 1475 σωφρονεῖν
1636 1406 1690 1456 οὐ
1746 1408 1940 1456 καταδε-

356 1489 570 1557 χόμενον.

429 1573 632 1640 Ὠφελεῖ
666 1570 713 1621 δὲ
751 1570 899 1622 πάλιν
931 1572 1006 1621 καὶ
1047 1568 1122 1621 διὰ
1159 1570 1338 1621 τούτων
1376 1570 1497 1634 ἡμᾶς
1535 1575 1630 1621 τῶν
1661 1568 1885 1637 ῥημάτων
1922 1570 1948 1619 ὃ

358 1653 550 1719 Κύριος·
605 1656 681 1703 καὶ
724 1652 817 1719 γὰρ
861 1652 918 1717 δὴ
964 1656 1204 1704 ποιεῖσθαι
1242 1651 1351 1707 τοὺς
1391 1654 1620 1721 ἐλέγχους
1662 1653 1746 1703 οὐκ
1788 1652 1949 1717 ἀπερι-

318 1754 574 1788 Οσκεπτως
613 1735 861 1802 συμφέρει,
898 1734 1004 1786 ουδε
1043 1757 1105 1787 εις
1145 1733 1326 1789 πάντας
1365 1733 1576 1804 ἐκφερειν
1613 1735 1710 1798 μετ’
1748 1731 1950 1796 ἐπιπλή-

357 1818 475 1928 {ems
524 1841 610 1882 την
654 1816 914 1884 ὑφήγησιν,
957 1817 1070 1867 ἀλλ’
1115 1816 1281 1867 ειδεναι
1331 1839 1386 1867 το
1437 1839 1762 1883 γεγραμμενον
1807 1822 1834 1844 “
1863 1814 1949 1879 Μὴ

357 1898 581 1966 “ἒ’λεγχε
614 1921 798 1961 κακους,
828 1899 904 1949 ι’να
943 1897 1007 1963 μὴ
1046 1897 1304 1962 μισήσωσι
1337 1899 1435 1961 σε,”
1464 1898 1541 1949 ὅτε
1575 1897 1629 1948 τὸ
1664 1902 1807 1962 μῖσος
1839 1897 1951 1961 ἡμῖν

358 1981 441 2031 οὐκ
492 1979 707 2047 ἀζήμιον,
762 1984 823 2033 εὶς
873 1978 971 2030 ὠτα
1022 1979 1071 2030 δὲ
1122 1984 1314 2043 μᾶλλον
1366 1979 1632 2030 ἀκουόντων
1680 1979 1950 2044 ἐπειγεσθαι

358 2068 537 2125 λαλεῖν,
577 2061 697 2112 κατὰ
735 2059 789 2111 τὸ
828 2061 1171 2127 γεγραμμένον.
1237 2061 1622 2128 φιλαμαρτήμων
1663 2060 1748 2124 μὲν
1788 2059 1883 2126 γὰρ
1924 2061 1949 2110 ὁ

357 2143 536 2208 κόσμος
582 2145 726 2205 ἐστὶν,
766 2141 1094 2209 ἐπανορθωτὴς
1141 2141 1190 2193 δὲ
1236 2147 1328 2193 τῶν
1370 2143 1423 2193 οὑ
1469 2143 1665 2196 δεόντως
1709 2143 1950 2193 ἐπιτελου-

357 2226 510 2290 μένων
537 2227 562 2276 ὁ
591 2225 782 2292 Κύριος·
815 2226 869 2275 δι’
895 2224 1095 2292 ἐλέγχου
1123 2224 1172 2275 δὲ
1196 2223 1432 2278 πολλάκις
1456 2229 1696 2276 ποιεῖσθαι
1720 2222 1949 2290 προσήκει

357 2309 443 2370 τὴν
478 2306 823 2372 ἐπανόρθωσιν·
866 2304 920 2357 τὸ
959 2305 1053 2371 γὰρ
1093 2305 1217 2359 ὅλως
1257 2307 1537 2371 καταλέγειν
1576 2309 1659 2370 τῆς
1697 2305 1946 2372 ἁμαρτίας,

315 2400 340 2441 d
360 2393 576 2453 ἐπιτιμᾶν
601 2390 705 2440 ἐστι
736 2392 832 2442 τοῖς
864 2390 1118 2454 ἀγαπῶσιν
1144 2386 1302 2451 αὐτὴν,
1331 2390 1405 2438 καὶ
1440 2388 1494 2439 τὸ
1530 2391 1612 2452 τῆς
1649 2387 1951 2457 φαυλότητος

360 2475 649 2538 κατηγορεῖν,
677 2469 982 2534 ἐπιπλήττειν
1017 2471 1120 2520 ἐστὶ
1159 2474 1256 2523 τοῖς
1295 2470 1489 2537 ε”χουσιν
1524 2469 1685 2534 αὐτήν.
1730 2469 1843 2520 ὅταν
1869 2470 1951 2521 οὖν

361 2554 542 2619 ἀνάγκη
569 2552 655 2616 μὲν
683 2556 744 2606 εἰς
769 2551 822 2603 τὸ
850 2550 1062 2619 ἐλέγχειν
1089 2555 1214 2618 καλῇ
1251 2551 1334 2602 τὸν
1362 2551 1664 2614 διδάσκοντα,
1693 2553 1769 2602 καὶ
1807 2552 1832 2601 ὃ
1867 2554 1952 2615 τῆς

361 2635 611 2703 θεραπείας
656 2634 830 2701 τρόπος
872 2632 949 2684 διὰ
994 2633 1174 2684 τούτων
1215 2633 1329 2684 ἱέναι
1371 2634 1553 2702 κελεύῃ,
1593 2633 1858 2702 χαλεπαίνῃ
1901 2636 1949 2685 δε

413 2782 442 2804 1.
469 2785 524 2804 επι
541 2767 666 2817 τούτῳ]
686 2770 764 2813 περὶ
782 2771 882 2802 τοῦτο
902 2768 943 2802 Β.
1111 2778 1144 2811 3.
1170 2767 1301 2814 μετρῳ]
1321 2768 1406 2812 πρὸς
1421 2767 1533 2813 μέτρῳ
1554 2767 1597 2802 Β.
1678 2766 1745 2812 οἷς]
1768 2771 1805 2808 -f-
1826 2767 1887 2811 μὲν
1907 2767 1948 2801 Β.

362 2830 394 2859 4.
422 2818 558 2862 ἔχοντες
575 2828 630 2850 as
624 2823 797 2860 umptum
816 2828 857 2849 ex
879 2815 920 2849 B.
1057 2814 1089 2848 6.
1115 2813 1237 2859 γὰρ]δ
1241 2815 1254 2847 ἑ
1272 2816 1338 2860 γὰρ
1359 2814 1400 2848 Β.
1542 2825 1594 2849 10.
1621 2815 1709 2859 ἔχων
1726 2820 1950 2870 assumptum

361 2877 402 2898 ex
423 2864 464 2897 Β.
590 2874 641 2897 12.
667 2862 904 2897 ἀπελεύσεσθε
926 2862 972 2896 D.
1090 2872 1142 2903 14.
1169 2861 1353 2895 ἀνακοῦσαι
1374 2861 1416 2895 Β.
1532 2870 1585 2906 17.
1611 2860 1696 2904 ἡμᾶς
1713 2863 1779 2895 τῶν
1793 2859 1950 2906 ῥημάτων

362 2910 427 2944 hoc
446 2910 568 2944 oxdine
590 2909 630 2943 B.
744 2910 796 2943 18.
825 2907 964 2954 Κύριος]
989 2912 1026 2949 -4-
1047 2909 1203 2952 παραινεῖ
1223 2908 1263 2942 B.
1373 2919 1428 2942 21.
1456 2907 1534 2951 ἡμῖν
1551 2913 1774 2953 assumptum
1792 2919 1834 2941 ex
1854 2906 1896 2942 B.
1902 2906 1948 2941 D.

364 2958 419 2991 28.
446 2955 652 3001 ὃταν-μὲν]
672 2956 794 2990 οὐκοῦν
811 2956 937 3001 ἀναγκὴ
955 2956 1015 3000 μὲν
1033 2954 1113 2989 ὅταν
1134 2954 1174 2988 Β.

1966 609 1988 647 01

1971 1023 2020 1048 10

1971 1838 2020 1864 20

1938 2632 2020 2687 .30
