2021 3296
103 151 128 193 i.
153 165 187 192 1.
353 152 427 193 IN
469 153 512 193 S.
545 151 883 194 JOANNEM.
946 151 1070 193 LIB.
1104 152 1140 192 Ι.
1202 152 1335 194 ΟΑΡ.
1369 152 1430 193 II.
1632 155 1686 194 27

103 265 131 289 ‘⁶
157 257 446 324 Ποιήσωμεν
483 259 735 327 ἄνθρωπον
773 260 873 311 κατ’
914 258 1069 311 εἰκόνα
1105 258 1191 323 τὴν
1227 259 1454 326 ἡμετέραν
1473 259 1515 321 ;”
1568 261 1688 326 χρῆν
1707 265 1733 306 b

101 338 194 407 γὰρ
234 338 388 405 δήπου
430 341 601 407 λέγειν,
639 340 767 409 ε’ίπερ
809 342 956 396 οὕτως
998 340 1105 408 ἔχει,
1143 339 1354 407 καθάπερ
1397 342 1558 391 ἐκεῖνοι
1601 346 1689 405 λη-

100 421 289 488 ροῦντές
333 426 458 491 φασι
500 422 790 489 Ποιήσωμεν
828 422 1080 489 ἄνθρωπον
1117 423 1216 473 κατ’
1257 419 1411 472 εἰκόνα
1457 420 1572 486 ε’μὴν
1613 424 1689 473 καὶ

101 503 210 554 καθ’
237 503 480 567 ὁμοίωσιν.
537 507 637 556 νυνὶ
662 504 712 556 δὲ
737 509 876 556 τοῦτο
903 503 988 568 μὲν
1012 503 1095 554 οὐκ
1125 501 1280 565 εἰπὼν,
1306 506 1611 572 πληθυντικῷ
1641 502 1689 555 δὲ

60 598 83 637 5
102 581 208 638 δοὺς
245 585 430 655 ἀριθμῷ
466 585 552 651 τὴν
583 587 790 651 ποίησιν,
818 587 894 636 καὶ
932 583 986 636 τὸ
1025 585 1124 636 κατ’
1153 583 1307 635 εἰκόνα
1345 583 1431 648 τὴν
1462 584 1691 651 ἡμετέραν

101 665 367 731 ἐπαγαγὼν,
407 667 432 717 ὃ
470 673 554 719 τοῦ
593 667 790 729 βιβλίου
831 664 1155 735 συγγραφεὺς,
1195 667 1446 733 μονονουχὶ
1489 671 1692 735 λαμπρᾷ

101 747 177 797 καὶ
201 746 389 815 μεγάλῃ
413 750 508 818 βοᾷ
533 752 592 816 τῇ
618 752 756 818 φωνῇ
782 748 869 813 τὴν
897 747 1013 815 ὑπὲρ
1036 747 1177 799 ἑνάδα
1208 750 1291 811 τῆς
1323 748 1460 813 ἁγίας
1487 747 1692 814 Τριάδος

101 828 441 894 ἀπαρίθμησιν.

174 929 306 960 ΑΛΛο.
358 915 417 962 Εἰ
451 910 750 979 ἀπαύγασμά
785 912 890 963 ἐστι
925 917 1008 962 τοῦ
1043 910 1235 977 Πατρὸς
1269 912 1295 962 ὃ
1330 910 1459 974 Υἱὸς,
1494 913 1556 965 ὡς
1589 916 1733 980 φῶςῡ

37 992 150 1043 ιοέκ
189 991 366 1061 φωτός·
414 997 516 1048 πῶς
554 994 642 1061 οὐχ
679 991 833 1060 ἕτερος
872 992 990 1059 πρὸς
1030 992 1186 1055 αὐτὸν,
1225 994 1287 1046 ὡς
1327 991 1689 1056 ἰδιοσύστατος;

101 1073 155 1124 τὸ
205 1072 300 1140 γὰρ
350 1074 475 1129 ὅλως
524 1073 853 1141 ἀπαυγασθέν,
902 1077 965 1129 ὡς
1018 1074 1096 1143 ὑφ’
1144 1073 1302 1140 ἑτέρου
1347 1074 1568 1139 δηλονότι
1610 1080 1694 1126 τοῦ

101 1155 452 1222 ἀπαυγάζοντος
479 1159 554 1208 καὶ
581 1157 663 1208 οὐκ
690 1155 803 1208 αὐτὸ
830 1156 888 1225 ἐξ
908 1156 1088 1218 ἑαυτοῦ,
1115 1160 1255 1206 τοῦτο
1279 1155 1508 1207 πείσεται.

175 1257 306 1287 AAAO.
360 1238 448 1289 Ἐκ
489 1241 572 1302 τῆς
612 1238 775 1292 οὐσίας
817 1237 932 1289 ὄντα
975 1240 1058 1301 τῆς
1099 1241 1183 1287 τοῦ
1221 1240 1347 1288 Θεοῦ
1386 1240 1462 1287 καὶ
1503 1236 1693 1304 Πατρὸς

102 1318 397 1371 ἐπιδεικνύων
428 1318 593 1371 ἑαυτὸν
624 1321 649 1370 ὃ
681 1318 811 1378 Υἱὸς,
840 1319 970 1387 φησί
1003 1341 1096 1370 που
1133 1317 1283 1369 πάλιν
1308 1325 1335 1348 “
1354 1317 1485 1384 Ἐγὼ
1523 1320 1573 1369 ἐκ
1610 1324 1693 1370 τοῦ
1757 1323 1881 1398 ξῗξιιιῖὃ

38 1418 83 1456 15
104 1405 130 1430 ‘⁶
157 1399 349 1467 Πατρὸς
399 1400 605 1470 ἐξῆλθον
648 1403 725 1452 καὶ
773 1401 885 1466 ἥκω·
946 1399 1094 1452 πάλιν
1137 1400 1393 1466 πορεύομαι
1443 1399 1561 1465 πρὸς
1611 1397 1695 1450 τὸν
1816 1391 1822 1398 ’
1887 1391 1893 1398 ’

102 1488 130 1511 “
157 1481 397 1548 Πατέρα.”
450 1487 552 1537 πῶς
590 1483 671 1534 οὖν
710 1483 796 1550 οὐχ
835 1482 990 1549 ἕτερος
1028 1481 1163 1532 ἔσται
1201 1481 1310 1547 παρ’
1352 1480 1509 1543 αὐτὸν,
1547 1482 1608 1535 ὡς
1647 1482 1742 1533 ε’νᾶ.

104 1562 369 1615 ὑποστάσει
405 1565 481 1615 καὶ
518 1565 713 1632 ἀριθμῷ,
740 1562 917 1617 παντὸς
943 1563 1064 1627 ἡμᾶς
1090 1563 1424 1616 ἀναπείθοντος
1451 1562 1613 1628 λόγου,
1639 1560 1695 1613 τὸ

101 1644 151 1696 ἕκ
184 1668 307 1700 τινος
341 1645 594 1711 προελθὸν,
619 1644 778 1712 ἕτερον
803 1643 919 1696 εἶναι
953 1644 1062 1711 παρ’
1091 1645 1236 1695 ἐκεῖνο
1269 1647 1408 1706 νοεῖν,
1439 1644 1520 1712 ἀφ’
1549 1643 1603 1694 οὗ
1638 1641 1695 1707 δὴ

102 1728 179 1777 καὶ
215 1726 574 1793 προελήλυθεν;
627 1727 796 1778 οὐκοῦν
834 1727 917 1777 οὐκ
961 1723 1145 1791 ἀληθὴς
1187 1730 1284 1779 τοῖς
1323 1724 1378 1775 δι’
1419 1724 1629 1778 ἐναντίας
1664 1725 1695 1774 ὁ

36 1830 85 1858 20
101 1806 262 1875 λόγος.

175 1910 308 1940 AAAO.
356 1894 441 1944 Εἰς
480 1890 606 1941 Θεὸν
646 1889 839 1957 Πατέρα
878 1890 954 1941 καὶ
992 1892 1056 1943 εἰς
1090 1887 1210 1940 Υἰὸν
1247 1891 1478 1955 μονογενῆ
1518 1890 1595 1939 καὶ
1633 1892 1696 1942 εἰς

95 1969 268 2037 οἈγιον
294 1975 492 2035 Πνεῦμα
528 1971 830 2040 πιστεύοντες
865 1970 1179 2035 δικαιούμεθα.
1232 1969 1308 2022 διά
1341 1993 1412 2021 τοι
1446 1975 1585 2021 τοῦτο
1619 1971 1696 2021 καὶ

102 2053 241 2108 αὐτὸς
291 2054 317 2104 ὁ
368 2053 537 2121 Σωτὴρ
587 2058 685 2107 τοῖς
736 2054 917 2107 οἰκείοις
967 2057 1199 2118 μαθηταῖς
1257 2050 1489 2104 ἐπιτάττει
1541 2050 1697 2117 λέγων

104 2141 131 2164 “
159 2135 472 2202 Πορευθέντες
521 2134 850 2200 μαθητεύσατε
899 2132 1056 2187 πάντα
1103 2132 1164 2186 τὰ
1212 2133 1342 2198 ἔθνη,
1390 2131 1695 2199 βαπτίζοντες
1754 2150 1918 2199 ἕλιξι-ηιμ

39 2223 131 2273 25“
155 2216 323 2272 αὐτοὺς
361 2221 423 2272 εἰς
461 2216 515 2269 τὸ
554 2217 703 2282 ὄνομα
740 2222 824 2268 τοῦ
866 2215 1058 2283 Πατρὸς
1096 2216 1172 2267 καὶ
1210 2221 1293 2266 τοῦ
1332 2219 1450 2267 Υἱοῦ
1492 2217 1568 2266 καὶ
1612 2203 1868 2279 τοῦθῗΞῩΜ

104 2305 131 2329 “
155 2299 322 2365 Ἀγίου
362 2298 681 2363 Πνεύματος.”
736 2298 864 2365 ε’ίπερ
903 2298 984 2350 οὖν
1023 2297 1149 2352 ὅλως
1187 2295 1319 2348 οὐδὲν
1352 2297 1462 2361 ἡμῖν
1500 2296 1695 2347 εἰσοίσει

103 2379 222 2447 πρὸς
258 2380 424 2446 νόησιν
449 2381 478 2445 ἡ
505 2385 600 2432 τῶν
626 2378 870 2445 ὀνομάτων
896 2378 1115 2448 διαφορὰ,
1146 2379 1340 2445 Πατέρα
1371 2377 1426 2429 δέ
1452 2400 1522 2431 τις
1552 2377 1695 2429 εἰπὼν

104 2462 322 2527 σημαίνει
368 2461 452 2514 τὸν
489 2461 624 2523 Υἰὸν,
667 2463 742 2513 καὶ
780 2459 899 2513 Υὶὸν
944 2459 1187 2525 ὀνομάσας
1232 2460 1374 2511 αὐτοῦ
1421 2459 1695 2523 μνημονεύει

158 2673 188 2696 1.
205 2660 393 2706 ποιήσομεν
412 2661 454 2696 Β.
503 2663 568 2707 χρὴ
589 2661 632 2697 Β.
726 2672 758 2696 2.
777 2660 975 2707 ληροῦντες]
995 2663 1179 2696 λαλοῦντες
1198 2660 1238 2694 Ε.
1329 2673 1359 2702 4.
1378 2659 1590 2706 πληθυντικῷ
1612 2659 1691 2693 B.D

107 2708 204 2752 prius
222 2709 404 2753 scriptum.
423 2709 655 2752 πληθυντικῶς
674 2708 707 2742 D
727 2709 758 2752 (ς
776 2708 1042 2753 suprascripto).
1063 2707 1129 2742 Ed.
1147 2707 1384 2750 πληθυντικοῖς
1403 2706 1443 2739 E.
1555 2715 1588 2750 5.
1615 2706 1691 2741 δοὺς

109 2754 151 2789 Β.
171 2754 284 2790 διδοὺς
302 2754 367 2789 Ed.
431 2755 470 2789 τὸ
488 2760 710 2800 assumptum
728 2767 770 2789 ex
789 2755 831 2789 B.
1039 2763 1069 2799 7.
1095 2756 1134 2797 τῇ
1153 2755 1248 2798 φωνῇ
1270 2758 1348 2787 ante
1366 2752 1420 2786 καὶ
1437 2752 1567 2797 μεγάλῃ
1585 2759 1628 2787 tr.
1648 2752 1693 2787 B.

108 2812 141 2845 9.
166 2803 225 2835 τοῦ
242 2801 377 2845 Πατρὸς
395 2800 489 2836 ἐστιν
506 2802 644 2837 inverso
662 2801 784 2836 ordine
801 2801 843 2835 B.
1028 2811 1080 2835 10.
1107 2800 1224 2834 ἑαυτὸν
1244 2799 1285 2833 Β.
1479 2809 1532 2843 13.
1558 2800 1616 2842 τῆς
1634 2799 1691 2833 alt(

109 2858 178 2882 om.
199 2847 239 2881 B.
257 2847 362 2882 habet
380 2847 488 2881 Euth.
764 2857 817 2892 15.
844 2849 946 2882 πάλιν
964 2847 1148 2890 πορεύομαι
1165 2847 1250 2889 πρὸς
1267 2847 1324 2879 τὸν
1342 2844 1478 2889 Πατέρα
1496 2856 1565 2880 om.
1585 2845 1690 2879 Euth¹

111 2905 166 2945 ,¹9·
190 2894 249 2928 οὐκ
266 2892 409 2938 ἀληθὴς]
431 2893 559 2938 ἀληθὴς
575 2894 725 2937 οὐδαμῶς
744 2894 852 2929 Euth.
989 2903 1044 2939 27.
1072 2893 1089 2936 ἡ
1108 2904 1176 2927 om.
1198 2892 1240 2927 Β.
1259 2892 1363 2927 habet
1381 2892 1536 2927 Joannes
1555 2892 1692 2926 Veccus

110 2951 145 2974 m
163 2939 374 2986 Epigraphis
393 2940 434 2975 de
454 2940 519 2976 SS.
540 2940 690 2986 Spiritus
710 2940 948 2976 Processione.

868 3007 893 3034 E
916 3008 939 3036 2
