<?xml version="1.0" encoding="UTF-8"?>
<!DOCTYPE html PUBLIC "-//W3C//DTD XHTML 1.0 Transitional//EN"
    "http://www.w3.org/TR/xhtml1/DTD/xhtml1-transitional.dtd">
<html xmlns="http://www.w3.org/1999/xhtml" xml:lang="en" lang="en">
 <head>
  <title>
</title>
<meta http-equiv="Content-Type" content="text/html;charset=utf-8" />
  <meta name='ocr-system' content='tesseract 3.04.00' />
  <meta name='ocr-capabilities' content='ocr_page ocr_carea ocr_par ocr_line ocrx_word'/>
</head>
<body>
  <div class='ocr_page' id='page_1' title='image "./operacyrilli03cyriuoft_0365.png"; bbox 0 0 2084 3317; ppageno 0'>
   <div class='ocr_carea' id='block_1_1' title="bbox 130 149 1711 202">
    <p class='ocr_par' dir='ltr' id='par_1_1' title="bbox 130 149 1711 202">
     <span class='ocr_line' id='line_1_1' title="bbox 130 149 1711 202; baseline 0.001 -13"><span class='ocrx_word' id='word_1_1' title='bbox 130 149 183 191; x_wconf 85' lang='lat' dir='ltr'>iv.</span> <span class='ocrx_word' id='word_1_2' title='bbox 203 150 357 202; x_wconf 84' lang='lat'><em>46-48.</em></span> <span class='ocrx_word' id='word_1_3' title='bbox 396 150 468 191; x_wconf 93' lang='lat' dir='ltr'>IN</span> <span class='ocrx_word' id='word_1_4' title='bbox 511 150 552 190; x_wconf 83' lang='lat' dir='ltr'>S.</span> <span class='ocrx_word' id='word_1_5' title='bbox 586 149 920 190; x_wconf 86' lang='lat' dir='ltr'><strong>JOANNEM.</strong></span> <span class='ocrx_word' id='word_1_6' title='bbox 984 149 1108 190; x_wconf 87' lang='lat' dir='ltr'>LIB.</span> <span class='ocrx_word' id='word_1_7' title='bbox 1143 149 1203 190; x_wconf 89' lang='lat' dir='ltr'>II.</span> <span class='ocrx_word' id='word_1_8' title='bbox 1267 150 1400 191; x_wconf 83' lang='lat' dir='ltr'><em>CAP.</em></span> <span class='ocrx_word' id='word_1_9' title='bbox 1424 151 1477 191; x_wconf 76' lang='lat' dir='ltr'>V.</span> <span class='ocrx_word' id='word_1_10' title='bbox 1633 152 1711 191; x_wconf 85' lang='lat'>301</span> 
     </span>
    </p>
   </div>
   <div class='ocr_carea' id='block_1_2' title="bbox 128 257 1717 570">
    <p class='ocr_par' dir='ltr' id='par_1_2' title="bbox 128 257 1717 570">
     <span class='ocr_line' id='line_1_2' title="bbox 130 257 1717 325; baseline 0 -17"><span class='ocrx_word' id='word_1_11' title='bbox 130 257 262 308; x_wconf 80' lang='grc' dir='ltr'>ἀλλὰ</span> <span class='ocrx_word' id='word_1_12' title='bbox 310 260 386 309; x_wconf 78' lang='grc' dir='ltr'>καὶ</span> <span class='ocrx_word' id='word_1_13' title='bbox 435 259 565 309; x_wconf 83' lang='grc' dir='ltr'>αὐτοὶ</span> <span class='ocrx_word' id='word_1_14' title='bbox 615 259 671 308; x_wconf 89' lang='grc' dir='ltr'>δι’</span> <span class='ocrx_word' id='word_1_15' title='bbox 724 257 789 309; x_wconf 76' lang='grc' dir='ltr'>ὧν</span> <span class='ocrx_word' id='word_1_16' title='bbox 841 259 929 323; x_wconf 75' lang='grc' dir='ltr'>ἤδη</span> <span class='ocrx_word' id='word_1_17' title='bbox 981 262 1430 325; x_wconf 84' lang='grc' dir='ltr'>θαυματουργοῦντα</span> <span class='ocrx_word' id='word_1_18' title='bbox 1480 258 1717 309; x_wconf 82' lang='grc' dir='ltr'>τεθέανται</span> 
     </span>
     <span class='ocr_line' id='line_1_3' title="bbox 130 339 1716 405; baseline 0.002 -15"><span class='ocrx_word' id='word_1_19' title='bbox 130 341 315 394; x_wconf 79' lang='grc' dir='ltr'>δικαίως</span> <span class='ocrx_word' id='word_1_20' title='bbox 354 340 806 405; x_wconf 79' lang='grc' dir='ltr'>καταπληττόμενοι,</span> <span class='ocrx_word' id='word_1_21' title='bbox 838 343 913 391; x_wconf 78' lang='grc' dir='ltr'>καὶ</span> <span class='ocrx_word' id='word_1_22' title='bbox 953 339 1029 391; x_wconf 81' lang='grc' dir='ltr'>διὰ</span> <span class='ocrx_word' id='word_1_23' title='bbox 1067 343 1148 404; x_wconf 81' lang='grc' dir='ltr'>τῆς</span> <span class='ocrx_word' id='word_1_24' title='bbox 1188 344 1250 394; x_wconf 81' lang='grc' dir='ltr'>εἷς</span> <span class='ocrx_word' id='word_1_25' title='bbox 1289 339 1432 390; x_wconf 84' lang='grc' dir='ltr'>αὐτὸν</span> <span class='ocrx_word' id='word_1_26' title='bbox 1471 340 1716 401; x_wconf 75' lang='grc' dir='ltr'>εὐλαβείας</span> 
     </span>
     <span class='ocr_line' id='line_1_4' title="bbox 128 420 1717 488; baseline 0.001 -17"><span class='ocrx_word' id='word_1_27' title='bbox 128 421 212 475; x_wconf 79' lang='grc' dir='ltr'>τὰς</span> <span class='ocrx_word' id='word_1_28' title='bbox 249 426 344 472; x_wconf 81' lang='grc' dir='ltr'>τῶν</span> <span class='ocrx_word' id='word_1_29' title='bbox 368 423 606 473; x_wconf 84' lang='grc' dir='ltr'>Ἰουδαίων</span> <span class='ocrx_word' id='word_1_30' title='bbox 639 424 861 477; x_wconf 85' lang='grc' dir='ltr'>ἀπονοίας</span> <span class='ocrx_word' id='word_1_31' title='bbox 899 421 1293 488; x_wconf 63' lang='grc' dir='ltr'>καταδικάᾷὶντες,</span> <span class='ocrx_word' id='word_1_32' title='bbox 1321 424 1395 473; x_wconf 74' lang='grc' dir='ltr'>καὶ</span> <span class='ocrx_word' id='word_1_33' title='bbox 1433 421 1560 472; x_wconf 82' lang='grc' dir='ltr'>πολὺ</span> <span class='ocrx_word' id='word_1_34' title='bbox 1598 420 1717 488; x_wconf 75' lang='grc' dir='ltr'>πρὸς</span> 
     </span>
     <span class='ocr_line' id='line_1_5' title="bbox 129 504 1526 570; baseline 0 -16"><span class='ocrx_word' id='word_1_35' title='bbox 129 505 493 569; x_wconf 82' lang='grc' dir='ltr'>εὐγνωμοσύνην</span> <span class='ocrx_word' id='word_1_36' title='bbox 518 506 731 569; x_wconf 85' lang='grc' dir='ltr'>ἀμείνους</span> <span class='ocrx_word' id='word_1_37' title='bbox 759 509 853 556; x_wconf 80' lang='grc' dir='ltr'>τῶν</span> <span class='ocrx_word' id='word_1_38' title='bbox 880 507 1160 567; x_wconf 84' lang='grc' dir='ltr'>νομομαθῶν</span> <span class='ocrx_word' id='word_1_39' title='bbox 1188 504 1526 570; x_wconf 85' lang='grc' dir='ltr'>εὑρισκόμενοι.</span> 
     </span>
    </p>
   </div>
   <div class='ocr_carea' id='block_1_3' title="bbox 85 662 1787 717">
    <p class='ocr_par' dir='ltr' id='par_1_3' title="bbox 85 662 1787 717">
     <span class='ocr_line' id='line_1_6' title="bbox 85 662 1787 717; baseline -0.001 -10"><span class='ocrx_word' id='word_1_40' title='bbox 85 670 106 707; x_wconf 91' lang='grc'>5</span> <span class='ocrx_word' id='word_1_41' title='bbox 140 663 303 706; x_wconf 60' lang='grc' dir='ltr'>ἳΗλθε.ν</span> <span class='ocrx_word' id='word_1_42' title='bbox 341 662 413 707; x_wconf 77' lang='grc' dir='ltr'>οὖν</span> <span class='ocrx_word' id='word_1_43' title='bbox 452 667 579 707; x_wconf 82' lang='grc' dir='ltr'>Πάλιν</span> <span class='ocrx_word' id='word_1_44' title='bbox 617 664 677 707; x_wconf 73' lang='grc' dir='ltr'>εἰς</span> <span class='ocrx_word' id='word_1_45' title='bbox 714 667 791 707; x_wconf 59' lang='grc' dir='ltr'>τήν</span> <span class='ocrx_word' id='word_1_46' title='bbox 831 665 944 707; x_wconf 82' lang='grc' dir='ltr'>Κανᾶ</span> <span class='ocrx_word' id='word_1_47' title='bbox 982 670 1056 708; x_wconf 67' lang='grc' dir='ltr'>τῆς</span> <span class='ocrx_word' id='word_1_48' title='bbox 1097 665 1339 717; x_wconf 71' lang='grc' dir='ltr'>Γαλιλαίας,</span> <span class='ocrx_word' id='word_1_49' title='bbox 1377 667 1484 709; x_wconf 77' lang='grc' dir='ltr'>ὅπου</span> <span class='ocrx_word' id='word_1_50' title='bbox 1522 664 1699 707; x_wconf 78' lang='grc' dir='ltr'>ἑποίΗσε</span> <span class='ocrx_word' id='word_1_51' title='bbox 1737 671 1787 717; x_wconf 91' lang='lat'>46</span> 
     </span>
    </p>
   </div>
   <div class='ocr_carea' id='block_1_4' title="bbox 736 744 1761 806">
    <p class='ocr_par' dir='ltr' id='par_1_4' title="bbox 736 744 1761 806">
     <span class='ocr_line' id='line_1_7' title="bbox 736 744 1761 806; baseline 0.003 -17"><span class='ocrx_word' id='word_1_52' title='bbox 736 749 778 790; x_wconf 88' lang='grc' dir='ltr'>τ(“</span> <span class='ocrx_word' id='word_1_53' title='bbox 823 748 939 806; x_wconf 70' lang='grc' dir='ltr'>ὕδωρ</span> <span class='ocrx_word' id='word_1_54' title='bbox 977 744 1105 790; x_wconf 79' lang='grc' dir='ltr'>οἶνον.</span> <span class='ocrx_word' id='word_1_55' title='bbox 1734 753 1761 793; x_wconf 88' lang='lat' dir='ltr'>b</span> 
     </span>
    </p>
   </div>
   <div class='ocr_carea' id='block_1_5' title="bbox 59 854 1757 1418">
    <p class='ocr_par' dir='ltr' id='par_1_5' title="bbox 125 854 1717 1089">
     <span class='ocr_line' id='line_1_8' title="bbox 200 854 1714 924; baseline 0 -18"><span class='ocrx_word' id='word_1_56' title='bbox 200 854 561 924; x_wconf 83' lang='grc' dir='ltr'>Ἐμφιλοχωρεῖ</span> <span class='ocrx_word' id='word_1_57' title='bbox 589 862 686 910; x_wconf 82' lang='grc' dir='ltr'>τοῖς</span> <span class='ocrx_word' id='word_1_58' title='bbox 721 856 1016 922; x_wconf 82' lang='grc' dir='ltr'>εὐγνώμοσιν</span> <span class='ocrx_word' id='word_1_59' title='bbox 1043 857 1068 907; x_wconf 83' lang='grc' dir='ltr'><em>ὃ</em></span> <span class='ocrx_word' id='word_1_60' title='bbox 1100 857 1327 923; x_wconf 81' lang='grc' dir='ltr'>Χριστὸς,</span> <span class='ocrx_word' id='word_1_61' title='bbox 1356 859 1431 907; x_wconf 83' lang='grc' dir='ltr'>καὶ</span> <span class='ocrx_word' id='word_1_62' title='bbox 1465 862 1562 911; x_wconf 81' lang='grc' dir='ltr'>τοῖς</span> <span class='ocrx_word' id='word_1_63' title='bbox 1595 859 1714 908; x_wconf 86' lang='grc' dir='ltr'>ἑτοι-</span> 
     </span>
     <span class='ocr_line' id='line_1_9' title="bbox 125 937 1717 1005; baseline 0.001 -17"><span class='ocrx_word' id='word_1_64' title='bbox 125 937 322 1005; x_wconf 86' lang='grc' dir='ltr'>μότερόν</span> <span class='ocrx_word' id='word_1_65' title='bbox 348 961 447 989; x_wconf 87' lang='grc' dir='ltr'>πως</span> <span class='ocrx_word' id='word_1_66' title='bbox 483 942 606 988; x_wconf 80' lang='grc' dir='ltr'>ἰοῦσι</span> <span class='ocrx_word' id='word_1_67' title='bbox 641 937 760 1004; x_wconf 83' lang='grc' dir='ltr'>πρὸς</span> <span class='ocrx_word' id='word_1_68' title='bbox 797 938 882 1002; x_wconf 88' lang='grc' dir='ltr'>τὴν</span> <span class='ocrx_word' id='word_1_69' title='bbox 916 938 980 989; x_wconf 78' lang='grc' dir='ltr'>ὧν</span> <span class='ocrx_word' id='word_1_70' title='bbox 1014 937 1070 989; x_wconf 79' lang='grc' dir='ltr'>ἂν</span> <span class='ocrx_word' id='word_1_71' title='bbox 1102 940 1151 990; x_wconf 76' lang='grc' dir='ltr'>εὖ</span> <span class='ocrx_word' id='word_1_72' title='bbox 1186 940 1382 990; x_wconf 89' lang='grc' dir='ltr'>πάθοιεν</span> <span class='ocrx_word' id='word_1_73' title='bbox 1415 939 1643 1003; x_wconf 77' lang='grc' dir='ltr'>αἴσθησίν</span> <span class='ocrx_word' id='word_1_74' title='bbox 1668 962 1717 990; x_wconf 88' lang='grc' dir='ltr'>τε</span> 
     </span>
     <span class='ocr_line' id='line_1_10' title="bbox 126 1020 1710 1089; baseline 0.002 -20"><span class='ocrx_word' id='word_1_75' title='bbox 126 1022 201 1070; x_wconf 81' lang='grc' dir='ltr'>καὶ</span> <span class='ocrx_word' id='word_1_76' title='bbox 236 1024 430 1084; x_wconf 80' lang='grc' dir='ltr'>γνῶσιν,</span> <span class='ocrx_word' id='word_1_77' title='bbox 457 1022 532 1070; x_wconf 82' lang='grc' dir='ltr'>καὶ</span> <span class='ocrx_word' id='word_1_78' title='bbox 567 1020 790 1087; x_wconf 77' lang='grc' dir='ltr'>μειζόνων</span> <span class='ocrx_word' id='word_1_79' title='bbox 823 1023 1017 1086; x_wconf 84' lang='grc' dir='ltr'>ἀγαθῶν</span> <span class='ocrx_word' id='word_1_80' title='bbox 1047 1021 1432 1089; x_wconf 80' lang='grc' dir='ltr'>ἐπιδαψιλεύεται</span> <span class='ocrx_word' id='word_1_81' title='bbox 1468 1021 1710 1088; x_wconf 79' lang='grc' dir='ltr'>χορηγίας.</span> 
     </span>
    </p>

    <p class='ocr_par' dir='ltr' id='par_1_6' title="bbox 59 1102 1757 1418">
     <span class='ocr_line' id='line_1_11' title="bbox 59 1102 1717 1174; baseline 0.002 -24"><span class='ocrx_word' id='word_1_82' title='bbox 59 1125 107 1150; x_wconf 90' lang='lat'>10</span> <span class='ocrx_word' id='word_1_83' title='bbox 126 1102 308 1169; x_wconf 70' lang='grc' dir='ltr'>ἔρχεται</span> <span class='ocrx_word' id='word_1_84' title='bbox 343 1103 498 1153; x_wconf 84' lang='grc' dir='ltr'>τοίνυν</span> <span class='ocrx_word' id='word_1_85' title='bbox 523 1102 907 1169; x_wconf 88' lang='grc' dir='ltr'>τερατοποιήσων</span> <span class='ocrx_word' id='word_1_86' title='bbox 932 1105 980 1154; x_wconf 87' lang='grc' dir='ltr'>ἐν</span> <span class='ocrx_word' id='word_1_87' title='bbox 1009 1109 1150 1174; x_wconf 69' lang='grc' dir='ltr'>Κανᾷ,</span> <span class='ocrx_word' id='word_1_88' title='bbox 1177 1108 1512 1171; x_wconf 82' lang='grc' dir='ltr'>προσωφελεῖν</span> <span class='ocrx_word' id='word_1_89' title='bbox 1537 1102 1621 1165; x_wconf 73' lang='grc' dir='ltr'>μὲν</span> <span class='ocrx_word' id='word_1_90' title='bbox 1647 1103 1717 1153; x_wconf 83' lang='grc' dir='ltr'>ὅτι</span> 
     </span>
     <span class='ocr_line' id='line_1_12' title="bbox 124 1183 1717 1253; baseline 0 -17"><span class='ocrx_word' id='word_1_91' title='bbox 124 1184 360 1250; x_wconf 83' lang='grc' dir='ltr'>προσήκοι</span> <span class='ocrx_word' id='word_1_92' title='bbox 399 1183 504 1238; x_wconf 74' lang='grc' dir='ltr'>τοὺς</span> <span class='ocrx_word' id='word_1_93' title='bbox 543 1187 591 1235; x_wconf 89' lang='grc' dir='ltr'>ἐν</span> <span class='ocrx_word' id='word_1_94' title='bbox 630 1186 748 1253; x_wconf 75' lang='grc' dir='ltr'>αὐτῇ</span> <span class='ocrx_word' id='word_1_95' title='bbox 791 1186 1106 1252; x_wconf 75' lang='grc' dir='ltr'>λογιζόμενος,</span> <span class='ocrx_word' id='word_1_96' title='bbox 1145 1184 1630 1252; x_wconf 77' lang='grc' dir='ltr'>προκατεσπαρμένην</span> <span class='ocrx_word' id='word_1_97' title='bbox 1669 1184 1717 1236; x_wconf 78' lang='grc' dir='ltr'>δὲ</span> 
     </span>
     <span class='ocr_line' id='line_1_13' title="bbox 125 1266 1718 1335; baseline 0.001 -18"><span class='ocrx_word' id='word_1_98' title='bbox 125 1266 302 1333; x_wconf 76' lang='grc' dir='ltr'>ὥσπερ,</span> <span class='ocrx_word' id='word_1_99' title='bbox 332 1266 406 1317; x_wconf 78' lang='grc' dir='ltr'>διὰ</span> <span class='ocrx_word' id='word_1_100' title='bbox 441 1271 535 1317; x_wconf 80' lang='grc' dir='ltr'>τῶν</span> <span class='ocrx_word' id='word_1_101' title='bbox 561 1266 649 1330; x_wconf 75' lang='grc' dir='ltr'>ἥδη</span> <span class='ocrx_word' id='word_1_102' title='bbox 682 1267 1126 1333; x_wconf 79' lang='grc' dir='ltr'>προτετελεσμένων</span> <span class='ocrx_word' id='word_1_103' title='bbox 1152 1270 1200 1318; x_wconf 80' lang='grc' dir='ltr'>ἐν</span> <span class='ocrx_word' id='word_1_104' title='bbox 1227 1268 1344 1335; x_wconf 80' lang='grc' dir='ltr'>αὐτῇ</span> <span class='ocrx_word' id='word_1_105' title='bbox 1381 1267 1604 1332; x_wconf 81' lang='grc' dir='ltr'>σημείων,</span> <span class='ocrx_word' id='word_1_106' title='bbox 1632 1266 1718 1330; x_wconf 80' lang='grc' dir='ltr'>τὴν</span> 
     </span>
     <span class='ocr_line' id='line_1_14' title="bbox 124 1348 1757 1418; baseline 0 -19"><span class='ocrx_word' id='word_1_107' title='bbox 124 1355 207 1400; x_wconf 87' lang='grc' dir='ltr'>τοῦ</span> <span class='ocrx_word' id='word_1_108' title='bbox 233 1349 389 1400; x_wconf 86' lang='grc' dir='ltr'>πάντα</span> <span class='ocrx_word' id='word_1_109' title='bbox 416 1348 648 1399; x_wconf 86' lang='grc' dir='ltr'>δύνασθαι</span> <span class='ocrx_word' id='word_1_110' title='bbox 675 1352 791 1415; x_wconf 78' lang='grc' dir='ltr'>δρᾶν</span> <span class='ocrx_word' id='word_1_111' title='bbox 818 1350 1064 1418; x_wconf 76' lang='grc' dir='ltr'>ὑπόληψιν</span> <span class='ocrx_word' id='word_1_112' title='bbox 1091 1349 1225 1417; x_wconf 75' lang='grc' dir='ltr'>ἔχων.</span> <span class='ocrx_word' id='word_1_113' title='bbox 1736 1373 1757 1399; x_wconf 85' lang='grc' dir='ltr'>ο</span> 
     </span>
    </p>
   </div>
   <div class='ocr_carea' id='block_1_6' title="bbox 59 1507 1786 2020">
    <p class='ocr_par' dir='ltr' id='par_1_7' title="bbox 59 1507 1786 2020">
     <span class='ocr_line' id='line_1_15' title="bbox 116 1507 1784 1567; baseline -0.001 -15"><span class='ocrx_word' id='word_1_114' title='bbox 116 1509 200 1553; x_wconf 49' lang='lat' dir='ltr'>‘&#39;W-{v</span> <span class='ocrx_word' id='word_1_115' title='bbox 236 1511 281 1553; x_wconf 71' lang='grc' dir='ltr'>δὲ</span> <span class='ocrx_word' id='word_1_116' title='bbox 320 1527 382 1552; x_wconf 73' lang='grc' dir='ltr'>τις</span> <span class='ocrx_word' id='word_1_117' title='bbox 421 1510 651 1562; x_wconf 71' lang='grc' dir='ltr'>βαοιλικόε,</span> <span class='ocrx_word' id='word_1_118' title='bbox 684 1508 731 1551; x_wconf 79' lang='grc' dir='ltr'>οὗ</span> <span class='ocrx_word' id='word_1_119' title='bbox 770 1512 792 1553; x_wconf 87' lang='grc' dir='ltr'>ὁ</span> <span class='ocrx_word' id='word_1_120' title='bbox 831 1509 919 1553; x_wconf 73' lang='grc' dir='ltr'>υἱὸς</span> <span class='ocrx_word' id='word_1_121' title='bbox 959 1511 1128 1553; x_wconf 63' lang='grc' dir='ltr'>ιἰοθένει</span> <span class='ocrx_word' id='word_1_122' title='bbox 1166 1511 1210 1552; x_wconf 77' lang='grc' dir='ltr'>ἐν</span> <span class='ocrx_word' id='word_1_123' title='bbox 1241 1510 1542 1567; x_wconf 80' lang='grc' dir='ltr'>Καφερναούμ.</span> <span class='ocrx_word' id='word_1_124' title='bbox 1592 1507 1715 1551; x_wconf 72' lang='grc' dir='ltr'>οὗτος</span> <span class='ocrx_word' id='word_1_125' title='bbox 1737 1519 1784 1559; x_wconf 88' lang='lat'>47</span> 
     </span>
     <span class='ocr_line' id='line_1_16' title="bbox 59 1592 1717 1645; baseline -0.004 -6"><span class='ocrx_word' id='word_1_126' title='bbox 59 1602 105 1639; x_wconf 89' lang='lat'>15</span> <span class='ocrx_word' id='word_1_127' title='bbox 192 1594 380 1637; x_wconf 72' lang='grc' dir='ltr'>ἀκούσας</span> <span class='ocrx_word' id='word_1_128' title='bbox 418 1595 483 1636; x_wconf 87' lang='grc' dir='ltr'>ὅτι</span> <span class='ocrx_word' id='word_1_129' title='bbox 510 1595 678 1636; x_wconf 74' lang='grc' dir='ltr'>ἸΗοοῦο</span> <span class='ocrx_word' id='word_1_130' title='bbox 717 1596 809 1635; x_wconf 61' lang='grc' dir='ltr'>ἥκει</span> <span class='ocrx_word' id='word_1_131' title='bbox 846 1595 893 1636; x_wconf 80' lang='grc' dir='ltr'>ὲκ</span> <span class='ocrx_word' id='word_1_132' title='bbox 928 1600 1001 1637; x_wconf 62' lang='grc' dir='ltr'>τῆς</span> <span class='ocrx_word' id='word_1_133' title='bbox 1028 1593 1238 1637; x_wconf 72' lang='grc' dir='ltr'>Ἰουὸαιάο</span> <span class='ocrx_word' id='word_1_134' title='bbox 1271 1592 1330 1635; x_wconf 69' lang='grc' dir='ltr'>εἷς</span> <span class='ocrx_word' id='word_1_135' title='bbox 1367 1594 1443 1635; x_wconf 60' lang='grc' dir='ltr'>τέιν</span> <span class='ocrx_word' id='word_1_136' title='bbox 1473 1592 1717 1645; x_wconf 70' lang='grc' dir='ltr'>Γαλιλαίαν,</span> 
     </span>
     <span class='ocr_line' id='line_1_17' title="bbox 192 1676 1716 1736; baseline -0.002 -17"><span class='ocrx_word' id='word_1_137' title='bbox 192 1678 358 1719; x_wconf 58' lang='lat' dir='ltr'>dumea</span> <span class='ocrx_word' id='word_1_138' title='bbox 389 1678 496 1734; x_wconf 74' lang='grc' dir='ltr'>Πρὸς</span> <span class='ocrx_word' id='word_1_139' title='bbox 528 1678 656 1720; x_wconf 81' lang='grc' dir='ltr'>αὐτὸν</span> <span class='ocrx_word' id='word_1_140' title='bbox 685 1679 753 1720; x_wconf 78' lang='grc' dir='ltr'>καὶ</span> <span class='ocrx_word' id='word_1_141' title='bbox 788 1678 936 1733; x_wconf 60' lang='grc' dir='ltr'>ἠρώτα</span> <span class='ocrx_word' id='word_1_142' title='bbox 972 1679 1040 1720; x_wconf 80' lang='grc' dir='ltr'>ἵνα</span> <span class='ocrx_word' id='word_1_143' title='bbox 1078 1681 1241 1736; x_wconf 59' lang='grc' dir='ltr'>καταβῇ</span> <span class='ocrx_word' id='word_1_144' title='bbox 1278 1678 1345 1719; x_wconf 72' lang='grc' dir='ltr'>καὶ</span> <span class='ocrx_word' id='word_1_145' title='bbox 1381 1676 1551 1719; x_wconf 75' lang='grc' dir='ltr'>ἰάσΗται</span> <span class='ocrx_word' id='word_1_146' title='bbox 1586 1676 1716 1718; x_wconf 82' lang='grc' dir='ltr'>αὐτοῦ</span> 
     </span>
     <span class='ocr_line' id='line_1_18' title="bbox 191 1757 1786 1818; baseline -0.003 -16"><span class='ocrx_word' id='word_1_147' title='bbox 191 1761 265 1802; x_wconf 85' lang='grc' dir='ltr'>τὸν</span> <span class='ocrx_word' id='word_1_148' title='bbox 292 1759 395 1803; x_wconf 80' lang='grc' dir='ltr'>υἱόν·</span> <span class='ocrx_word' id='word_1_149' title='bbox 444 1762 598 1809; x_wconf 78' lang='grc' dir='ltr'>ἔμελλε</span> <span class='ocrx_word' id='word_1_150' title='bbox 637 1761 714 1818; x_wconf 61' lang='lat' dir='ltr'>scip</span> <span class='ocrx_word' id='word_1_151' title='bbox 752 1761 1055 1806; x_wconf 61' lang='grc' dir='ltr'>ἀποθνήσκειν,</span> <span class='ocrx_word' id='word_1_152' title='bbox 1115 1757 1234 1803; x_wconf 73' lang='grc' dir='ltr'>εἶπεν</span> <span class='ocrx_word' id='word_1_153' title='bbox 1262 1758 1335 1802; x_wconf 70' lang='grc' dir='ltr'>οὖν</span> <span class='ocrx_word' id='word_1_154' title='bbox 1362 1761 1572 1803; x_wconf 74' lang='grc' dir='ltr'>ὁἸΗσοῦε</span> <span class='ocrx_word' id='word_1_155' title='bbox 1610 1760 1718 1817; x_wconf 69' lang='grc' dir='ltr'>Πρὸς</span> <span class='ocrx_word' id='word_1_156' title='bbox 1738 1763 1786 1808; x_wconf 88' lang='lat'>48</span> 
     </span>
     <span class='ocr_line' id='line_1_19' title="bbox 192 1845 333 1889; baseline 0.021 -3"><span class='ocrx_word' id='word_1_157' title='bbox 192 1845 333 1889; x_wconf 79' lang='grc' dir='ltr'>αὐτόν.</span> 
     </span>
     <span class='ocr_line' id='line_1_20' title="bbox 200 1951 1727 2020; baseline -0.001 -17"><span class='ocrx_word' id='word_1_158' title='bbox 200 1951 437 2019; x_wconf 88' lang='grc' dir='ltr'>Πρόσεισι</span> <span class='ocrx_word' id='word_1_159' title='bbox 476 1952 561 2016; x_wconf 82' lang='grc' dir='ltr'>μὲν</span> <span class='ocrx_word' id='word_1_160' title='bbox 592 1955 618 2004; x_wconf 80' lang='grc' dir='ltr'>ὁ</span> <span class='ocrx_word' id='word_1_161' title='bbox 657 1953 924 2016; x_wconf 84' lang='grc' dir='ltr'>βασιλικὸς,</span> <span class='ocrx_word' id='word_1_162' title='bbox 953 1955 1014 2006; x_wconf 83' lang='grc' dir='ltr'>ὡς</span> <span class='ocrx_word' id='word_1_163' title='bbox 1046 1952 1317 2020; x_wconf 86' lang='grc' dir='ltr'>θεραπεύειν</span> <span class='ocrx_word' id='word_1_164' title='bbox 1354 1952 1585 2020; x_wconf 83' lang='grc' dir='ltr'>ἰσχύοντι·</span> <span class='ocrx_word' id='word_1_165' title='bbox 1630 1954 1727 2002; x_wconf 84' lang='grc' dir='ltr'>νοεῖ</span> 
     </span>
    </p>
   </div>
   <div class='ocr_carea' id='block_1_7' title="bbox 1782 2025 1876 2056">
    <p class='ocr_par' dir='ltr' id='par_1_8' title="bbox 1782 2025 1876 2056">
     <span class='ocr_line' id='line_1_21' title="bbox 1782 2025 1876 2056; baseline 0.011 -1"><span class='ocrx_word' id='word_1_166' title='bbox 1782 2025 1876 2056; x_wconf 84' lang='lat' dir='ltr'><strong>Infra</strong></span> 
     </span>
    </p>
   </div>
   <div class='ocr_carea' id='block_1_8' title="bbox 56 2033 1918 2111">
    <p class='ocr_par' dir='ltr' id='par_1_9' title="bbox 56 2033 1918 2111">
     <span class='ocr_line' id='line_1_22' title="bbox 56 2033 1918 2111; baseline 0.003 -29"><span class='ocrx_word' id='word_1_167' title='bbox 56 2057 105 2082; x_wconf 90' lang='lat'>20</span> <span class='ocrx_word' id='word_1_168' title='bbox 124 2034 172 2086; x_wconf 83' lang='grc' dir='ltr'>δὲ</span> <span class='ocrx_word' id='word_1_169' title='bbox 208 2036 338 2087; x_wconf 71' lang='grc' dir='ltr'>οὔπω</span> <span class='ocrx_word' id='word_1_170' title='bbox 376 2035 495 2087; x_wconf 78' lang='grc' dir='ltr'>κατὰ</span> <span class='ocrx_word' id='word_1_171' title='bbox 531 2036 681 2104; x_wconf 84' lang='grc' dir='ltr'>φύσιν</span> <span class='ocrx_word' id='word_1_172' title='bbox 707 2034 822 2087; x_wconf 79' lang='grc' dir='ltr'>ὅντα</span> <span class='ocrx_word' id='word_1_173' title='bbox 853 2035 993 2087; x_wconf 78' lang='grc' dir='ltr'>Θεόν’</span> <span class='ocrx_word' id='word_1_174' title='bbox 1041 2037 1117 2086; x_wconf 85' lang='grc' dir='ltr'>καὶ</span> <span class='ocrx_word' id='word_1_175' title='bbox 1147 2034 1322 2101; x_wconf 90' lang='grc' dir='ltr'>Κύριος</span> <span class='ocrx_word' id='word_1_176' title='bbox 1356 2033 1441 2098; x_wconf 78' lang='grc' dir='ltr'>μὲν</span> <span class='ocrx_word' id='word_1_177' title='bbox 1466 2035 1716 2095; x_wconf 83' lang='grc' dir='ltr'>ἀποκαλεῖ,</span> <span class='ocrx_word' id='word_1_178' title='bbox 1738 2045 1764 2086; x_wconf 84' lang='lat' dir='ltr'>d</span> <span class='ocrx_word' id='word_1_179' title='bbox 1780 2080 1849 2101; x_wconf 79' lang='lat' dir='ltr'>ver.</span> <span class='ocrx_word' id='word_1_180' title='bbox 1866 2079 1918 2111; x_wconf 82' lang='lat'>49·</span> 
     </span>
    </p>
   </div>
   <div class='ocr_carea' id='block_1_9' title="bbox 56 2114 1727 2598">
    <p class='ocr_par' dir='ltr' id='par_1_10' title="bbox 56 2114 1727 2598">
     <span class='ocr_line' id='line_1_23' title="bbox 122 2114 1718 2186; baseline 0.001 -18"><span class='ocrx_word' id='word_1_181' title='bbox 122 2116 177 2168; x_wconf 79' lang='grc' dir='ltr'>τὸ</span> <span class='ocrx_word' id='word_1_182' title='bbox 216 2116 260 2168; x_wconf 89' lang='grc' dir='ltr'>δ’</span> <span class='ocrx_word' id='word_1_183' title='bbox 301 2117 477 2183; x_wconf 75' lang='grc' dir='ltr'>ἀληθὲς</span> <span class='ocrx_word' id='word_1_184' title='bbox 513 2121 597 2182; x_wconf 85' lang='grc' dir='ltr'>τῆς</span> <span class='ocrx_word' id='word_1_185' title='bbox 635 2117 903 2184; x_wconf 87' lang='grc' dir='ltr'>κυριότητος</span> <span class='ocrx_word' id='word_1_186' title='bbox 942 2117 1129 2186; x_wconf 76' lang='grc' dir='ltr'>ἀξίωμα</span> <span class='ocrx_word' id='word_1_187' title='bbox 1169 2118 1365 2168; x_wconf 87' lang='grc' dir='ltr'>δίδωσιν</span> <span class='ocrx_word' id='word_1_188' title='bbox 1405 2118 1634 2179; x_wconf 81' lang='grc' dir='ltr'>οὐδαμῶς.</span> <span class='ocrx_word' id='word_1_189' title='bbox 1689 2114 1718 2181; x_wconf 76' lang='grc' dir='ltr'>ἢ</span> 
     </span>
     <span class='ocr_line' id='line_1_24' title="bbox 123 2197 1722 2267; baseline -0.001 -17"><span class='ocrx_word' id='word_1_190' title='bbox 123 2198 217 2266; x_wconf 79' lang='grc' dir='ltr'>γὰρ</span> <span class='ocrx_word' id='word_1_191' title='bbox 244 2199 300 2251; x_wconf 81' lang='grc' dir='ltr'>ἂν</span> <span class='ocrx_word' id='word_1_192' title='bbox 327 2199 460 2254; x_wconf 72' lang='grc' dir='ltr'>εὐθὺς</span> <span class='ocrx_word' id='word_1_193' title='bbox 486 2202 631 2251; x_wconf 82' lang='grc' dir='ltr'>ἐδεῖτο</span> <span class='ocrx_word' id='word_1_194' title='bbox 657 2199 963 2266; x_wconf 83' lang='grc' dir='ltr'>προσπεσὼν,</span> <span class='ocrx_word' id='word_1_195' title='bbox 992 2201 1079 2267; x_wconf 83' lang='grc' dir='ltr'>οὐχ</span> <span class='ocrx_word' id='word_1_196' title='bbox 1113 2199 1189 2250; x_wconf 78' lang='grc' dir='ltr'>ἵνα</span> <span class='ocrx_word' id='word_1_197' title='bbox 1227 2199 1283 2263; x_wconf 86' lang='grc' dir='ltr'>δὴ</span> <span class='ocrx_word' id='word_1_198' title='bbox 1317 2200 1507 2251; x_wconf 79' lang='grc' dir='ltr'>πάντως</span> <span class='ocrx_word' id='word_1_199' title='bbox 1536 2199 1609 2249; x_wconf 75' lang='grc' dir='ltr'>ε’πὶ</span> <span class='ocrx_word' id='word_1_200' title='bbox 1635 2197 1722 2262; x_wconf 87' lang='grc' dir='ltr'>τὴν</span> 
     </span>
     <span class='ocr_line' id='line_1_25' title="bbox 123 2279 1722 2351; baseline -0.001 -19"><span class='ocrx_word' id='word_1_201' title='bbox 123 2282 288 2333; x_wconf 86' lang='grc' dir='ltr'>ἑστίαν</span> <span class='ocrx_word' id='word_1_202' title='bbox 313 2281 509 2347; x_wconf 76' lang='grc' dir='ltr'>βαδίζοι,</span> <span class='ocrx_word' id='word_1_203' title='bbox 537 2284 612 2333; x_wconf 80' lang='grc' dir='ltr'>καὶ</span> <span class='ocrx_word' id='word_1_204' title='bbox 640 2281 918 2343; x_wconf 78' lang='grc' dir='ltr'>καταβαίνοι</span> <span class='ocrx_word' id='word_1_205' title='bbox 944 2280 1036 2332; x_wconf 76' lang='grc' dir='ltr'>σὺν</span> <span class='ocrx_word' id='word_1_206' title='bbox 1062 2281 1190 2351; x_wconf 71' lang='grc' dir='ltr'>αὐτῷ</span> <span class='ocrx_word' id='word_1_207' title='bbox 1215 2280 1334 2347; x_wconf 83' lang='grc' dir='ltr'>πρὸς</span> <span class='ocrx_word' id='word_1_208' title='bbox 1361 2279 1414 2331; x_wconf 84' lang='grc' dir='ltr'>τὸ</span> <span class='ocrx_word' id='word_1_209' title='bbox 1442 2281 1722 2347; x_wconf 81' lang='grc' dir='ltr'>ἀῤῥωστοῦν</span> 
     </span>
     <span class='ocr_line' id='line_1_26' title="bbox 122 2362 1727 2432; baseline -0.001 -18"><span class='ocrx_word' id='word_1_210' title='bbox 122 2362 374 2430; x_wconf 85' lang='grc' dir='ltr'>μειράκιον,</span> <span class='ocrx_word' id='word_1_211' title='bbox 402 2365 512 2414; x_wconf 85' lang='grc' dir='ltr'>ἀλλ’</span> <span class='ocrx_word' id='word_1_212' title='bbox 541 2364 617 2415; x_wconf 82' lang='grc' dir='ltr'>ἵνα</span> <span class='ocrx_word' id='word_1_213' title='bbox 643 2363 700 2429; x_wconf 89' lang='grc' dir='ltr'>δὴ</span> <span class='ocrx_word' id='word_1_214' title='bbox 733 2369 926 2428; x_wconf 82' lang='grc' dir='ltr'>μᾶλλον</span> <span class='ocrx_word' id='word_1_215' title='bbox 952 2364 1324 2432; x_wconf 73' lang='grc' dir='ltr'>ἐξουσιαστικῶς</span> <span class='ocrx_word' id='word_1_216' title='bbox 1361 2365 1436 2414; x_wconf 80' lang='grc' dir='ltr'>καὶ</span> <span class='ocrx_word' id='word_1_217' title='bbox 1474 2366 1727 2428; x_wconf 85' lang='grc' dir='ltr'>θεοπρεπεῖ</span> 
     </span>
     <span class='ocr_line' id='line_1_27' title="bbox 56 2443 1721 2515; baseline -0.003 -16"><span class='ocrx_word' id='word_1_218' title='bbox 56 2461 104 2499; x_wconf 88' lang='lat'>25</span> <span class='ocrx_word' id='word_1_219' title='bbox 123 2445 462 2511; x_wconf 80' lang='grc' dir='ltr'>προστάγματι</span> <span class='ocrx_word' id='word_1_220' title='bbox 488 2445 572 2510; x_wconf 87' lang='grc' dir='ltr'>τὴν</span> <span class='ocrx_word' id='word_1_221' title='bbox 598 2446 945 2515; x_wconf 83' lang='grc' dir='ltr'>ἐπισκήψασαν</span> <span class='ocrx_word' id='word_1_222' title='bbox 972 2445 1200 2515; x_wconf 74' lang='grc' dir='ltr'>ἐξελάσαι</span> <span class='ocrx_word' id='word_1_223' title='bbox 1224 2444 1386 2496; x_wconf 89' lang='grc' dir='ltr'>νόσον.</span> <span class='ocrx_word' id='word_1_224' title='bbox 1442 2446 1491 2494; x_wconf 89' lang='grc' dir='ltr'>τί</span> <span class='ocrx_word' id='word_1_225' title='bbox 1511 2443 1605 2510; x_wconf 76' lang='grc' dir='ltr'>γὰρ</span> <span class='ocrx_word' id='word_1_226' title='bbox 1632 2444 1721 2495; x_wconf 78' lang='grc' dir='ltr'>ἔδει</span> 
     </span>
     <span class='ocr_line' id='line_1_28' title="bbox 124 2525 1720 2598; baseline -0.001 -19"><span class='ocrx_word' id='word_1_227' title='bbox 124 2531 339 2594; x_wconf 84' lang='grc' dir='ltr'>παρεῖναι</span> <span class='ocrx_word' id='word_1_228' title='bbox 373 2531 439 2596; x_wconf 69' lang='grc' dir='ltr'>τῷ</span> <span class='ocrx_word' id='word_1_229' title='bbox 477 2527 701 2592; x_wconf 82' lang='grc' dir='ltr'>κάμνοντι</span> <span class='ocrx_word' id='word_1_230' title='bbox 736 2528 819 2580; x_wconf 85' lang='grc' dir='ltr'>τὸν</span> <span class='ocrx_word' id='word_1_231' title='bbox 847 2527 974 2598; x_wconf 74' lang='grc' dir='ltr'>ᾧπερ</span> <span class='ocrx_word' id='word_1_232' title='bbox 1010 2527 1067 2593; x_wconf 78' lang='grc' dir='ltr'>ἧν</span> <span class='ocrx_word' id='word_1_233' title='bbox 1094 2528 1326 2579; x_wconf 86' lang='grc' dir='ltr'>δύνασθαι</span> <span class='ocrx_word' id='word_1_234' title='bbox 1363 2525 1609 2591; x_wconf 75' lang='grc' dir='ltr'>διασώζειν</span> <span class='ocrx_word' id='word_1_235' title='bbox 1644 2527 1720 2577; x_wconf 79' lang='grc' dir='ltr'>καὶ</span> 
     </span>
    </p>
   </div>
   <div class='ocr_carea' id='block_1_10' title="bbox 124 2607 1721 2677">
    <p class='ocr_par' dir='ltr' id='par_1_11' title="bbox 124 2607 1721 2677">
     <span class='ocr_line' id='line_1_29' title="bbox 124 2607 1721 2677; baseline -0.001 -17"><span class='ocrx_word' id='word_1_236' title='bbox 124 2608 293 2661; x_wconf 82' lang='grc' dir='ltr'>ἀπόντι</span> <span class='ocrx_word' id='word_1_237' title='bbox 336 2610 537 2677; x_wconf 68' lang='grc' dir='ltr'>ῥᾳδίωςς</span> <span class='ocrx_word' id='word_1_238' title='bbox 599 2614 700 2664; x_wconf 81' lang='grc' dir='ltr'>πῶς</span> <span class='ocrx_word' id='word_1_239' title='bbox 747 2610 795 2661; x_wconf 75' lang='grc' dir='ltr'>δὲ</span> <span class='ocrx_word' id='word_1_240' title='bbox 844 2612 952 2661; x_wconf 86' lang='grc' dir='ltr'>λίαν</span> <span class='ocrx_word' id='word_1_241' title='bbox 998 2611 1080 2661; x_wconf 78' lang='grc' dir='ltr'>οὐκ</span> <span class='ocrx_word' id='word_1_242' title='bbox 1132 2610 1322 2672; x_wconf 73' lang='grc' dir='ltr'>ἀμαθὲς,</span> <span class='ocrx_word' id='word_1_243' title='bbox 1370 2608 1440 2659; x_wconf 76' lang='grc' dir='ltr'>ὅτι</span> <span class='ocrx_word' id='word_1_244' title='bbox 1485 2607 1570 2672; x_wconf 78' lang='grc' dir='ltr'>μέν</span> <span class='ocrx_word' id='word_1_245' title='bbox 1616 2609 1721 2659; x_wconf 85' lang='grc' dir='ltr'>ἐστι</span> 
     </span>
    </p>
   </div>
   <div class='ocr_carea' id='block_1_11' title="bbox 123 2771 1719 3003">
    <p class='ocr_par' dir='ltr' id='par_1_12' title="bbox 123 2771 1719 3003">
     <span class='ocr_line' id='line_1_30' title="bbox 171 2771 1719 2828; baseline -0.001 -22"><span class='ocrx_word' id='word_1_246' title='bbox 171 2784 205 2818; x_wconf 87' lang='lat'>3.</span> <span class='ocrx_word' id='word_1_247' title='bbox 231 2772 291 2816; x_wconf 83' lang='grc' dir='ltr'>τὴν</span> <span class='ocrx_word' id='word_1_248' title='bbox 307 2775 373 2806; x_wconf 84' lang='grc' dir='ltr'>τῶν</span> <span class='ocrx_word' id='word_1_249' title='bbox 389 2772 596 2807; x_wconf 83' lang='grc' dir='ltr'>Ἰουδαίων</span> <span class='ocrx_word' id='word_1_250' title='bbox 578 2774 739 2808; x_wconf 85' lang='grc' dir='ltr'>απονοίαν</span> <span class='ocrx_word' id='word_1_251' title='bbox 758 2773 800 2808; x_wconf 85' lang='grc' dir='ltr'>Β.</span> <span class='ocrx_word' id='word_1_252' title='bbox 940 2782 970 2818; x_wconf 75' lang='grc'>7.</span> <span class='ocrx_word' id='word_1_253' title='bbox 998 2788 1079 2807; x_wconf 78' lang='grc' dir='ltr'>κατα</span> <span class='ocrx_word' id='word_1_254' title='bbox 1099 2784 1161 2817; x_wconf 85' lang='lat' dir='ltr'>pro</span> <span class='ocrx_word' id='word_1_255' title='bbox 1180 2787 1232 2806; x_wconf 81' lang='grc' dir='ltr'>και</span> <span class='ocrx_word' id='word_1_256' title='bbox 1253 2773 1294 2806; x_wconf 81' lang='grc' dir='ltr'>Β.</span> <span class='ocrx_word' id='word_1_257' title='bbox 1434 2784 1466 2816; x_wconf 86' lang='lat'>9.</span> <span class='ocrx_word' id='word_1_258' title='bbox 1493 2786 1657 2828; x_wconf 80' lang='grc' dir='ltr'>χορηγιας</span> <span class='ocrx_word' id='word_1_259' title='bbox 1678 2771 1719 2806; x_wconf 86' lang='grc' dir='ltr'>Β.</span> 
     </span>
     <span class='ocr_line' id='line_1_31' title="bbox 123 2817 1718 2865; baseline -0.001 -12"><span class='ocrx_word' id='word_1_260' title='bbox 123 2819 301 2865; x_wconf 80' lang='grc' dir='ltr'>χορηγίαις</span> <span class='ocrx_word' id='word_1_261' title='bbox 320 2819 386 2853; x_wconf 82' lang='lat' dir='ltr'>Ed.</span> <span class='ocrx_word' id='word_1_262' title='bbox 548 2831 600 2862; x_wconf 88' lang='lat'>14.</span> <span class='ocrx_word' id='word_1_263' title='bbox 628 2819 858 2865; x_wconf 77' lang='grc' dir='ltr'>Καφερνιιούμ</span> <span class='ocrx_word' id='word_1_264' title='bbox 878 2820 920 2854; x_wconf 87' lang='lat' dir='ltr'>B.</span> <span class='ocrx_word' id='word_1_265' title='bbox 941 2819 1174 2865; x_wconf 80' lang='grc' dir='ltr'>Καφαρναούμ</span> <span class='ocrx_word' id='word_1_266' title='bbox 1195 2820 1240 2853; x_wconf 91' lang='lat' dir='ltr'>D.</span> <span class='ocrx_word' id='word_1_267' title='bbox 1263 2818 1328 2852; x_wconf 88' lang='lat' dir='ltr'>Ed.</span> <span class='ocrx_word' id='word_1_268' title='bbox 1350 2817 1574 2863; x_wconf 79' lang='grc' dir='ltr'>Καπερναούμ</span> <span class='ocrx_word' id='word_1_269' title='bbox 1594 2818 1627 2851; x_wconf 92' lang='lat' dir='ltr'><em>D</em></span> <span class='ocrx_word' id='word_1_270' title='bbox 1647 2830 1718 2863; x_wconf 86' lang='lat' dir='ltr'>mg.</span> 
     </span>
     <span class='ocr_line' id='line_1_32' title="bbox 128 2864 1718 2912; baseline -0.001 -12"><span class='ocrx_word' id='word_1_271' title='bbox 128 2876 181 2911; x_wconf 92' lang='lat'>17.</span> <span class='ocrx_word' id='word_1_272' title='bbox 206 2867 333 2910; x_wconf 74' lang='grc' dir='ltr'>ἤμελλε</span> <span class='ocrx_word' id='word_1_273' title='bbox 354 2866 399 2899; x_wconf 92' lang='lat' dir='ltr'>D.</span> <span class='ocrx_word' id='word_1_274' title='bbox 501 2877 552 2911; x_wconf 90' lang='lat'>19.</span> <span class='ocrx_word' id='word_1_275' title='bbox 576 2867 620 2902; x_wconf 82' lang='grc' dir='ltr'>ὡς</span> <span class='ocrx_word' id='word_1_276' title='bbox 637 2866 861 2910; x_wconf 79' lang='grc' dir='ltr'>θεραπεύειν</span> <span class='ocrx_word' id='word_1_277' title='bbox 850 2866 1006 2912; x_wconf 82' lang='grc' dir='ltr'>ισχύοντι</span> <span class='ocrx_word' id='word_1_278' title='bbox 1027 2867 1068 2900; x_wconf 81' lang='lat' dir='ltr'>B.</span> <span class='ocrx_word' id='word_1_279' title='bbox 1088 2867 1130 2901; x_wconf 83' lang='grc' dir='ltr'>ὡς</span> <span class='ocrx_word' id='word_1_280' title='bbox 1148 2867 1233 2910; x_wconf 84' lang='grc' dir='ltr'>πρὸς</span> <span class='ocrx_word' id='word_1_281' title='bbox 1251 2864 1476 2909; x_wconf 78' lang='grc' dir='ltr'>θεραπεύειν’</span> <span class='ocrx_word' id='word_1_282' title='bbox 1466 2864 1631 2909; x_wconf 85' lang='grc' dir='ltr'>ισχύοντα</span> <span class='ocrx_word' id='word_1_283' title='bbox 1651 2864 1718 2899; x_wconf 82' lang='lat' dir='ltr'>Ed.</span> 
     </span>
     <span class='ocr_line' id='line_1_33' title="bbox 125 2911 1717 2959; baseline -0.001 -12"><span class='ocrx_word' id='word_1_284' title='bbox 125 2923 181 2947; x_wconf 87' lang='lat'>20.</span> <span class='ocrx_word' id='word_1_285' title='bbox 207 2913 288 2946; x_wconf 80' lang='grc' dir='ltr'>ὅντα</span> <span class='ocrx_word' id='word_1_286' title='bbox 306 2914 392 2946; x_wconf 84' lang='grc' dir='ltr'>Θεόν</span> <span class='ocrx_word' id='word_1_287' title='bbox 411 2912 475 2946; x_wconf 85' lang='lat' dir='ltr'>hoc</span> <span class='ocrx_word' id='word_1_288' title='bbox 495 2913 616 2947; x_wconf 81' lang='lat' dir='ltr'>ordine</span> <span class='ocrx_word' id='word_1_289' title='bbox 636 2913 676 2947; x_wconf 92' lang='lat' dir='ltr'>B.</span> <span class='ocrx_word' id='word_1_290' title='bbox 684 2914 729 2947; x_wconf 94' lang='lat' dir='ltr'>D.</span> <span class='ocrx_word' id='word_1_291' title='bbox 796 2914 922 2959; x_wconf 79' lang='grc' dir='ltr'>Κύριον</span> <span class='ocrx_word' id='word_1_292' title='bbox 939 2914 1075 2958; x_wconf 79' lang='lat' dir='ltr'>Migne.</span> <span class='ocrx_word' id='word_1_293' title='bbox 1252 2923 1307 2946; x_wconf 91' lang='lat'>21</span> <span class='ocrx_word' id='word_1_294' title='bbox 1335 2912 1370 2945; x_wconf 83' lang='grc' dir='ltr'>δέ</span> <span class='ocrx_word' id='word_1_295' title='bbox 1391 2912 1438 2946; x_wconf 93' lang='lat' dir='ltr'><em>D.</em></span> <span class='ocrx_word' id='word_1_296' title='bbox 1490 2912 1617 2946; x_wconf 80' lang='lat' dir='ltr'>Statim</span> <span class='ocrx_word' id='word_1_297' title='bbox 1635 2911 1717 2955; x_wconf 85' lang='grc' dir='ltr'>ἀλη-</span> 
     </span>
     <span class='ocr_line' id='line_1_34' title="bbox 124 2959 821 3003; baseline 0.003 -10"><span class='ocrx_word' id='word_1_298' title='bbox 124 2960 190 2996; x_wconf 85' lang='grc' dir='ltr'>θῶς</span> <span class='ocrx_word' id='word_1_299' title='bbox 210 2959 252 2994; x_wconf 92' lang='grc' dir='ltr'>Β.</span> <span class='ocrx_word' id='word_1_300' title='bbox 398 2969 452 3003; x_wconf 88' lang='grc'>27.</span> <span class='ocrx_word' id='word_1_301' title='bbox 481 2959 556 2994; x_wconf 83' lang='grc' dir='ltr'>ἐστι</span> <span class='ocrx_word' id='word_1_302' title='bbox 577 2960 648 2995; x_wconf 86' lang='lat' dir='ltr'>B.&#39;</span> <span class='ocrx_word' id='word_1_303' title='bbox 638 2961 735 2995; x_wconf 79' lang='grc' dir='ltr'>ἔσται</span> <span class='ocrx_word' id='word_1_304' title='bbox 755 2960 821 2995; x_wconf 88' lang='lat' dir='ltr'>Ed.</span> 
     </span>
    </p>
   </div>
  </div>
 </body>
</html>
