2021 3296
141 142 166 182 i.
191 156 223 181 1.
387 141 460 181 IN
502 140 545 179 S.
578 139 910 179 JOANNEM.
975 139 1098 180 LIB.
1134 140 1167 180 Ι.
1231 141 1363 181 ΟΑΡ.
1398 141 1484 182 ΙΙΙ.
1669 142 1723 183 37

139 253 402 303 παντελῶς’
447 249 612 300 οὐκοῦν
639 249 726 316 οὐχ
752 247 879 308 Υἱὸς,
902 249 1012 298 ἀλλ’
1042 249 1146 299 οὐδὲ
1173 248 1297 302 ὅλως
1319 248 1453 302 Θεός.
1505 253 1606 302 πῶς
1631 248 1724 314 γὰρ

139 330 198 383 ἂν
223 333 299 383 καὶ
326 336 519 382 καλοῖτο
545 330 659 384 Υἱὸς
693 332 717 381 ὁ
749 329 814 394 μὴ
840 332 889 381 ἐκ
919 329 1125 396 Πατρὸς,
1152 329 1181 394 ἣ
1217 335 1318 384 πῶς
1354 330 1419 381 ε”τι
1447 328 1581 393 Θεὸς,
1609 332 1633 381 ὁ
1657 331 1723 395 μὴ

138 414 186 464 ἐκ
215 417 340 465 Θεοῦ
374 413 495 464 κατὰ
528 411 679 481 φύσιν
701 434 712 475 ;
757 411 912 476 ἐπειδὴ
939 411 986 462 δὲ
1013 417 1074 466 εἷς
1101 411 1218 463 Υὶὸν
1243 412 1271 475 ἡ
1302 413 1477 475 πίστις,
1504 413 1568 462 ε”τι
1604 412 1724 463 κατὰ

136 494 191 547 τὸ
230 495 349 550 εἰκὸς
386 495 694 559 πλανώμεθα,
723 493 805 545 τὸν
844 493 1068 559 ἀληθινὸν
1107 495 1189 545 οὐκ
1227 493 1540 560 ἐπεγνωκότες
1579 493 1717 545 Θεόν.
1742 511 1763 537 θ

95 577 268 632 5ἀλλὰ
306 583 444 629 τοῦτο
484 578 678 629 ἄτοπον·
734 576 1034 630 πιστεύοντες
1073 578 1116 627 δ’
1159 581 1220 631 εἷς
1258 577 1388 640 Υὶὸν,
1429 579 1504 628 καὶ
1543 580 1604 630 εἰς
1642 576 1725 627 τὸν

140 661 333 726 Πατέρα
357 660 657 723 πιστεύομεν,
685 661 760 710 καὶ
787 663 849 713 εἷς
883 658 937 710 τὸ
964 656 1137 724 ΓἈγιον
1166 663 1363 724 Πνεῦμα
1391 659 1588 724 δηλαδή.
1643 660 1726 710 οὐκ

137 743 228 810 ἄρα
267 745 369 793 ἐστὶ
407 748 489 793 τοῦ
523 745 648 793 Θεοῦ
687 743 762 792 καὶ
803 740 1008 808 Πατρὸς,
1046 744 1107 795 ὡς
1145 741 1370 805 ἐλάττων,
1409 741 1662 809 ἀλλότριος
1701 742 1726 791 ὁ

136 823 264 888 Υἱὸς,
291 825 400 875 ἀλλ’
431 824 479 875 ἓν
505 827 566 878 ὡς
600 823 719 891 πρὸς
754 822 910 886 αὐτὸν,
938 823 1013 874 διὰ
1047 823 1101 875 τό
1127 824 1221 893 Ἐξ
1244 825 1386 875 αὑτοῦ
1413 823 1533 875 κατὰ
1560 823 1725 893 φύσιν,

135 906 239 961 ἰ’σος
264 930 314 958 τε
340 906 415 958 διὰ
441 912 580 957 τοῦτο
607 909 682 957 καὶ
708 905 902 960 τέλειος.

70 1016 118 1040 10
209 1009 341 1038 ΑΛΑο.
406 993 463 1040 ΕΖ
519 987 604 1051 μὲν
653 987 768 1042 Υἱός
824 990 928 1039 ἐστι
980 988 1099 1040 κατὰ
1150 987 1376 1053 ἀλήθειαν
1429 989 1453 1039 ὁ
1505 989 1555 1038 ἐκ
1601 991 1726 1039 Θεοῦ

137 1071 328 1138 Πατρὸς
372 1069 666 1139 ἀναλάμψας
711 1069 834 1124 Θεὸς
874 1069 1046 1136 Λόγος,
1093 1069 1276 1135 ἀνάγκη
1327 1074 1464 1122 πᾶσα
1512 1072 1587 1120 καὶ
1639 1071 1727 1137 οὐχ

135 1152 324 1207 ἑκόντας
369 1151 478 1207 τοῦς
518 1153 574 1202 δι’
615 1152 823 1206 ἐναντίας
867 1153 1119 1218 ὁμολογεῖν
1158 1153 1207 1202 ἐκ
1252 1155 1335 1216 τῆς
1380 1153 1543 1205 οὐσίας
1585 1151 1764 1202 αὐτὸνει
1821 1165 1878 1198 24
1898 1165 1948 1199 A.

135 1235 359 1303 ὑπάρχειν
401 1238 485 1300 τῆς
531 1240 613 1286 τοῦ
662 1233 868 1302 Πατρός.
944 1241 1083 1286 τοῦτο
1127 1234 1221 1301 γὰρ
1266 1235 1293 1298 ἡ
1337 1233 1457 1285 κατὰ
1501 1233 1727 1298 ἀλήθειαν

134 1318 288 1384 υἱότης
333 1319 566 1383 σημαίνει.
630 1315 729 1368 εἶτα
772 1322 872 1371 πῶς
919 1318 944 1368 ὁ
991 1323 1199 1371 τοιοῦτος
1243 1316 1454 1368 ἐλάττων
1498 1318 1601 1367 ἐστὶ
1646 1322 1729 1368 τοῦ

69 1418 115 1456 15
137 1400 341 1467 Πατρὸς,
373 1400 499 1467 εἴπερ
540 1401 670 1451 ἐστὶν
705 1400 868 1453 οὐσίας
909 1399 1102 1466 καρπὸς,
1140 1399 1401 1463 οὐδαμόθεν
1436 1398 1489 1449 τὸ
1529 1397 1729 1449 ἐ’λαττον

132 1485 204 1551 ἐφ’
232 1483 371 1550 ἑαυτῇ
399 1483 680 1550 δεχομε’νης;
722 1481 880 1533 πάντα
914 1482 1007 1548 γὰρ
1046 1482 1232 1536 τελείως
1267 1483 1316 1532 ἐν
1341 1485 1408 1551 τῷ
1436 1485 1558 1550 Θεῷ.
1615 1484 1652 1531 εἰ
1680 1480 1729 1532 δὲ

134 1565 217 1615 οὐκ
252 1564 382 1615 ἔστιν
406 1565 455 1614 ἐκ
491 1567 573 1628 τῆς
610 1564 774 1617 οὐσίας
811 1569 893 1615 τοῦ
922 1564 1128 1630 Πατρὸς,
1156 1565 1259 1614 οὐδὲ
1286 1562 1399 1617 Υἱὸς
1435 1563 1544 1630 ἄρα·
1595 1562 1730 1617 νόθος

135 1647 183 1696 δὲ
222 1644 386 1712 ὥσπερ
425 1669 494 1699 τις
533 1647 608 1696 καὶ
647 1646 971 1714 ψευδώνυμος.
1027 1648 1137 1697 ἀλλ’
1167 1645 1272 1697 οὐδὲ
1309 1645 1447 1700 αὐτὸς
1484 1647 1508 1696 ὁ
1545 1643 1728 1710 Πατὴρ,

133 1728 290 1795 πατὴρ
335 1727 394 1779 ἂν
433 1733 626 1779 καλοῖτο
666 1729 853 1781 δικαίως
891 1752 938 1778 τε
978 1731 1054 1779 καὶ
1093 1730 1297 1792 ἀληθῶς·
1353 1731 1471 1778 Υἱοῦ
1509 1726 1603 1793 γὰρ
1646 1727 1729 1778 οὐκ

66 1842 115 1867 20
134 1810 267 1865 ὄντος
304 1816 387 1862 τοῦ
427 1809 547 1861 κατὰ
587 1810 750 1879 φύσιν,
790 1811 844 1860 δι’
887 1809 940 1860 ὅν
977 1812 1081 1861 ἐστι
1118 1809 1289 1876 πατὴρ,
1329 1814 1430 1863 πῶς
1477 1808 1536 1859 ἂν
1576 1813 1728 1860 νοοῖτο

244 1892 256 1909 Ι
392 1895 401 1908 9
489 1891 502 1908 Χ
610 1897 630 1906 Α
740 1891 764 1909 ,ἹΙ
990 1891 1011 1908 'l
1166 1891 1175 1909 ἱ
1340 1890 1352 1906 Χ
1450 1894 1460 1908 >
1611 1891 1624 1905 X
1712 1892 1722 1906 Q

131 1914 318 1959 πατηρ;
375 1900 508 1943 αλλα
548 1914 686 1942 τουτο
728 1911 924 1943 ατοπον’
982 1915 1085 1943 εστι
1129 1895 1177 1943 δε
1220 1896 1389 1957 Πατηρ
1434 1896 1657 1956 αληθινος
1703 1903 1771 1943 ob

219 1974 229 1989 Ι
383 1980 402 1989 Α
533 1973 545 1989 Χ
648 1973 660 1989 Χ
754 1977 767 1992 Κ
799 1974 820 1991 ΓΙ
1011 1978 1029 1987 Α
1178 1977 1188 1989 Γ
1273 1978 1291 1987 Α
1543 1974 1553 1990 Ι
1664 1972 1694 1989 οἱ

134 1979 271 2028 Θεος·
321 1998 459 2026 τουτο
488 1997 581 2041 γαρ
609 1976 666 2038 δη
693 1997 769 2025 και
796 1981 906 2025 ολαι
932 1979 1118 2035 βοωσιν
1144 1997 1190 2025 αι
1217 1979 1335 2026 θειαι
1366 1978 1565 2042 γραφαι·
1615 1978 1728 2027 Υιος

133 2058 225 2124 ἄρα
250 2057 439 2111 πάντως
469 2058 493 2108 ὁ
527 2057 584 2126 ἐξ
616 2057 759 2107 αὐτοῦ
786 2060 1017 2126 φυσικῶς.
1070 2061 1107 2107 εὶ
1135 2056 1183 2108 δὲ
1209 2062 1361 2119 τοῦτο,
1389 2058 1472 2107 οὐκ
1499 2055 1725 2107 ἐλάττων·

133 2140 386 2203 ὁμοούσιος
411 2138 506 2206 γὰρ
533 2141 596 2193 ὡς
622 2138 752 2192 Υἱός.

67 2247 114 2285 25
207 2243 339 2272 ΑΛΛο.
385 2221 457 2273 Τὸ
502 2224 585 2285 τῆς
630 2226 829 2288 πατριᾶς
871 2222 974 2287 ἤτοι
1018 2220 1312 2288 πατρότητος
1354 2220 1502 2283 ὄνομα
1548 2220 1630 2270 οὐκ
1675 2219 1733 2288 ἐξ

148 2305 158 2318 r
213 2309 233 2318 Α
381 2305 391 2320 l
482 2302 505 2320 ,Ι
660 2301 673 2317 N
757 2305 767 2319 9
842 2305 852 2318 s
892 2304 901 2316 r
967 2308 987 2316 a·-
1077 2308 1097 2317 Α
1258 2305 1267 2319 9
1369 2304 1379 2318 9
1447 2308 1467 2317 Α
1611 2301 1620 2316 Ι

133 2328 265 2368 ημων
284 2326 450 2371 κυριως
475 2326 568 2371 εχει
585 2307 721 2365 Θεος,
741 2310 841 2354 αλλ
876 2327 1006 2368 ημεις
1032 2311 1225 2366 μαλλον
1245 2304 1302 2372 εξ
1326 2326 1468 2354 αυτου
1495 2307 1728 2362 λαβόντες

132 2386 363 2452 ὁρώμεθα.
418 2385 591 2439 πιστὸς
626 2385 674 2436 δὲ
706 2387 730 2436 ὁ
763 2384 909 2451 λόγος
938 2386 1140 2437 Παύλου
1165 2390 1374 2447 βοῶντος
1401 2385 1488 2435 ὡδί
1510 2391 1537 2412 “
1557 2383 1651 2452 Ἐξ
1674 2383 1728 2434 οῦ

131 2473 270 2520 πᾶσα
302 2466 477 2535 πατριὰ
507 2468 555 2519 ε”ν
581 2491 631 2519 τε
666 2469 849 2537 οὐρανῷ
875 2469 951 2520 καὶ
977 2470 1051 2519 ἐπὶ
1079 2471 1169 2534 γῆς
1200 2466 1516 2532 ὀνομάζεται.”
1570 2464 1726 2530 ἐπειδὴ

184 2644 214 2667 1.
238 2634 304 2678 γὰρ
322 2645 392 2667 om.
411 2632 455 2667 Β.
654 2643 685 2667 2.
712 2647 764 2666 και
782 2643 851 2666 om.
872 2631 915 2666 B.
981 2630 1086 2677 ἕτι]’
1069 2646 1144 2665 εστι
1164 2631 1206 2665 Β.
1405 2640 1438 2674 3.
1463 2628 1572 2674 φυσιν
1583 2627 1612 2674 ;]
1637 2632 1673 2669 -{-
1695 2628 1729 2663 τί

134 2678 245 2723 φασιν
268 2680 421 2720 ἐνταῦθα,
440 2680 471 2713 οἶ
496 2679 573 2715 τοὺς
591 2679 636 2723 μὴ
661 2681 722 2723 τὴν
744 2679 791 2715 εἷς
813 2680 872 2713 τὸν
892 2680 964 2713 υἱὸν
980 2678 1275 2723 παραδεξαμένους
1296 2676 1425 2716 πίστιν,
1444 2676 1667 2711 ἀπεκτονότας
1691 2676 1727 2709 δέ

133 2728 267 2770 μᾶλλον
284 2729 404 2760 τοῦτον
421 2726 469 2761 εἷς
484 2728 543 2760 τὸν
559 2741 687 2768 πατερα
703 2725 877 2760 πιστεύειν
894 2726 1168 2770 ἷσχυριζόμενοι;
1190 2724 1256 2758 Ed.
1307 2723 1448 2756 Desunt
1466 2722 1550 2756 haec
1568 2735 1589 2756 v
1582 2722 1698 2757 erba
1691 2734 1727 2756 ln

136 2773 179 2807 B.
197 2773 350 2807 habent·
344 2785 379 2807 m
398 2785 470 2818 mg.
489 2772 607 2807 addita
626 2774 682 2813 Ε.,
699 2773 735 2806 in
753 2785 823 2818 mg.
843 2781 1010 2818 tanquam
1030 2772 1188 2806 scholion
1208 2771 1253 2804 D.
1315 2768 1410 2814 Υἱὸν]
1429 2774 1465 2809 -ὶ-
1481 2770 1576 2804 ἐστιν
1591 2769 1726 2815 Migne.

138 2830 191 2862 15.
218 2819 362 2865 πατρὸς]
382 2823 418 2860 4—
437 2821 506 2855 υἱὸς
526 2820 570 2854 D
591 2820 657 2854 Ed.
672 2799 786 2853 'invito
806 2820 848 2854 B.
950 2818 1002 2853 16.
1028 2821 1074 2864 τῲ
1093 2818 1127 2852 ἐν
1146 2818 1285 2852 inverso
1303 2816 1423 2850 ordine
1445 2816 1485 2850 B.
1583 2827 1639 2850 22.
1665 2817 1727 2856 βο-

134 2870 219 2901 ῶσιν
237 2867 289 2900 καὶ
308 2866 409 2900 ὅλαι
402 2878 462 2900 mv
464 2878 540 2901 erso
559 2866 680 2901 ordine
699 2866 741 2900 B.
863 2876 918 2912 25.
947 2865 1051 2909 ὄνομα
1069 2867 1141 2909 ἤτοι
1159 2865 1267 2908 πατρί
1270 2878 1368 2906 τητος
1385 2863 1444 2897 inv
1447 2875 1524 2897 elso
1543 2863 1664 2897 ordine
1684 2863 1726 2896 B.

135 2913 191 2948 26.
218 2913 338 2957 κυρίως
363 2919 585 2957 assumptum
611 2926 652 2947 ex
680 2913 722 2946 B.
750 2912 809 2957 qui
835 2913 895 2947 dat
919 2927 955 2948 κς
982 2913 1035 2956 (=
1060 2911 1200 2957 κύριος).
1268 2910 1395 2944 Statua
1423 2911 1441 2944 ὁ
1472 2911 1558 2946 Θεὸς
1585 2910 1656 2955 ἕχει
1683 2909 1726 2943 B.

136 2960 190 2994 28.
216 2962 340 3004 πατριὰ
357 2960 392 2994 ἕν
409 2974 444 2993 τε
462 2959 609 3006 οὐρανῷ]
629 2960 772 3003 πατριὰς
789 2960 824 2994 ἐν
841 2961 994 3004 οὐρανοῖς
1014 2959 1055 2992 Β.

1788 2398 1873 2439 Eph.
1893 2398 1939 2431 iii.
