2084 3317
350 145 433 185 478
753 144 803 184 B.
837 143 1113 184 CYRILLI
1154 142 1532 183 ALEXANDR.
1792 139 1846 180 vi.
1866 148 1932 193 37.

126 257 264 339 ῗὲἑπζὸ
311 251 534 316 ολιστὴς,
573 251 760 318 ἐζήτουν
799 258 825 282 “
847 251 1065 318 ἁρπάζειν
1105 249 1247 301 αὐτὸν
1286 250 1362 301 ἵνα
1398 249 1641 313 ποιήσωσι
1678 246 1932 309 βασιλέα.”

350 336 534 403 σκῆψις
560 339 810 400 τοιγαροῦν
836 334 1026 396 οὐδεμία
1052 335 1135 396 τῆς
1161 332 1383 385 ἀπονοίας
1418 329 1806 398 περιλιμπάνεται
1839 333 1935 382 τοῖς

348 415 603 468 Ἰουδαίοις.
671 414 1109 478 καταπληττόμενοι
1159 411 1269 478 γὰρ,
1314 413 1390 462 καὶ
1438 413 1547 463 λίαν
1597 409 1801 472 εἰκότως,
1851 408 1935 463 τὰς

349 497 641 561 θεοσημείας,
667 497 742 546 καὶ
777 494 1026 560 ἀναλόγως
1060 496 1133 545 ἐπὶ
1168 493 1254 558 τὴν
1283 500 1366 545 τοῦ
1400 498 1812 559 τερατοποιοῦντος
1847 491 1931 542 δυ’-

349 601 488 641 ναμιν
525 577 619 629 ἀπὸ
659 581 753 627 τῶν
792 576 943 643 ἔργων
980 575 1236 644 ἐρχόμενοι,
1275 577 1524 642 μονονουχὶ
1562 575 1976 642 καταφρίττουσι5

348 658 434 723 τὴν
478 659 744 721 εὐπείθειαν,
791 662 867 708 καὶ
911 662 1006 708 τῶν
1051 659 1244 723 ἀγαθῶν
1287 655 1573 726 ἐξάλλονται
1616 654 1818 722 τρόπων,
1862 655 1932 706 ἐπ’

348 740 490 791 αὐτὸν
541 738 706 807 ὥσπερ
758 743 1197 801 κατακυβιστῶντες
1248 739 1390 803 ήδέως
1440 737 1522 790 τὸν
1570 740 1653 802 τῆς
1703 735 1936 790 ἀπωλείας

348 821 575 886 πυθμένα.

279 956 325 995 37
593 949 685 990 Πᾶν
723 948 745 991 ὃ
782 947 931 991 δίδωσί
969 963 1039 998 μοι
1077 949 1099 990 ὁ
1136 948 1285 1006 Πατήρ
1323 948 1430 1006 Πρὸς
1467 948 1542 998 ἐμὲ
1580 948 1685 991 ἥξει.

124 1068 263 1150 {3²36
426 1065 536 1131 Οὐχ
571 1065 738 1117 ἁπλῶς
774 1067 914 1114 εἰπεῖν
950 1062 1039 1113 ἔδει
1074 1062 1156 1113 τὸν
1186 1062 1362 1129 Κύριον
1392 1060 1555 1113 “aon
1593 1063 1668 1112 καὶ
1706 1058 2008 1127 ἑωράκατέῐο

351 1153 378 1176 “
404 1169 460 1210 με
508 1149 583 1196 καὶ
629 1146 683 1195 οὐ
725 1145 1018 1207 πιστεύετε,”
1059 1145 1169 1195 ἀλλ’
1211 1143 1269 1208 ἦν
1307 1146 1575 1210 ἀναγκαῖον,
1615 1143 1691 1194 καὶ
1733 1140 1818 1206 τὴν
1855 1146 1938 1192 τοῦ

349 1232 672 1294 πεπωρῶσθαι
718 1225 967 1295 πρόφασιν
1012 1232 1108 1279 τοῖς
1153 1225 1404 1291 εἰρημένοις
1449 1228 1719 1291 ἐπενεγκεῖν,
1763 1224 1837 1274 ἵνα
1881 1222 1937 1287 δὴ

349 1310 543 1374 μάθοιεν
590 1308 679 1360 ὑπὸ
730 1309 858 1359 θείαν
901 1307 1129 1361 πεσόντες
1180 1308 1341 1374 ὀργήν.
1413 1308 1579 1358 οὐκοῦν
1623 1305 1831 1372 ὡσπερεί
1870 1327 1938 1358 τις

350 1390 686 1459 ἀριστοτέχνης
725 1389 895 1457 ἰατρὸς,
926 1391 1001 1440 καὶ
1040 1388 1125 1454 τὴν
1157 1390 1427 1456 ἀρῥωστίαν
1459 1390 1613 1442 αὐτοῖς
1651 1386 1935 1450 ἐπιδεικνύει,

350 1476 426 1525 καὶ
475 1476 558 1537 τῆς
608 1472 874 1540 ἀῤῥωστίας
923 1471 1243 1523 ἀνακαλύπτει
1293 1469 1379 1535 τὴν
1421 1470 1682 1540 πρόφασιν,
1728 1470 1816 1537 οὑχ
1864 1469 1939 1520 ἵνα
1963 1489 2009 1528 15

349 1554 578 1618 μαθόντες
615 1554 684 1607 ἐπ’
724 1556 851 1624 αὐτῷ
888 1552 944 1618 δὴ
983 1552 1134 1624 τούτῳ
1173 1553 1353 1616 με’νοιεν
1390 1553 1561 1621 ἡσυχῆ,
1601 1551 1711 1604 ἀλλ’
1751 1553 1826 1603 ἵνα
1864 1551 1940 1602 διὰ

310 1636 527 1692 οπαντὸς
566 1637 944 1701 ἐκμειλίσσοιντο
983 1635 1161 1702 τρόπου
1201 1636 1529 1700 λελυπημένον
1560 1637 1627 1687 ἐπ’
1665 1635 1821 1688 αὐτοῖς
1858 1633 1941 1685 τὸν

351 1721 573 1772 ἁπάντων
591 1719 863 1784 Δεσπότην,
884 1719 952 1770 ἐπ’
978 1716 1190 1784 εὐλόγοις
1216 1716 1262 1768 δὲ
1288 1716 1508 1783 δηλονότι
1533 1722 1635 1772 ταῖς
1661 1718 1842 1771 αἰτίαις·
1886 1717 1940 1767 οὐ

395 1803 407 1819 Χ
498 1802 514 1821 ,ἵ
600 1805 610 1819 9
653 1803 663 1820 Ι
810 1803 819 1817 ⁵
934 1800 945 1816 Ι
1159 1799 1170 1817 ἵ
1241 1802 1251 1816 5
1325 1801 1334 1816 9
1416 1801 1425 1815 9
1465 1799 1475 1814 ’
1527 1798 1545 1817 ’Χ
1625 1800 1635 1814 2
1726 1798 1739 1816 ἱ
1826 1799 1837 1817 Ι

350 1826 443 1868 γαρ
488 1826 546 1853 αν
584 1806 753 1855 αδικως
797 1804 1010 1865 ελυπηθη
1056 1823 1185 1863 ποτε,
1225 1806 1324 1850 αλλ
1376 1802 1459 1851 ουδ
1516 1823 1575 1850 αν
1616 1823 1640 1850 ο
1686 1822 1745 1850 τα
1788 1801 1941 1849 δικαια

350 1885 521 1950 κρίνειν
573 1883 716 1946 εἰδὼς,
761 1882 981 1945 τοιαύτην
1031 1880 1136 1932 τινὰ
1187 1880 1272 1946 τὴν
1322 1882 1390 1932 ἐπ’
1447 1881 1632 1934 ἐκείνοις
1682 1878 1940 1945 ἐποιήσατο
1962 1908 2010 1932 20

350 1968 522 2034 κρίσιν,
549 1969 586 2016 εὶ
612 1964 678 2029 μὴ
706 1964 851 2030 λόγος
875 1961 1032 2014 ἐκάλει
1057 1962 1176 2029 πρὸς
1202 1968 1356 2025 τοῦτο,
1375 1963 1430 2014 τὸ
1457 1966 1822 2028 κατηγορεῖσθαι
1848 1963 1941 2012 δεῖν

348 2049 646 2116 πανταχόθεν
672 2049 924 2110 διαπηδῶν.
965 2044 1224 2113 ἀφίξεσθαι
1250 2043 1400 2109 γεμὴν
1426 2044 1532 2112 πρὶς
1558 2043 1700 2095 αὑτὸν
1721 2045 1745 2094 ὁ
1773 2043 1941 2110 Σωτὴρ

350 2131 425 2182 διὰ
463 2130 642 2182 τούτων
680 2127 1010 2196 διισχυρίσατο
1049 2128 1142 2177 πᾶν
1181 2124 1297 2192 ὅπερ
1336 2124 1393 2176 ἂν
1428 2125 1606 2190 ἐπιδοίη
1647 2132 1664 2177 ὁ
1705 2124 1827 2180 Θεὸς
1864 2127 1942 2176 καὶ

354 2212 519 2282 Πατὴρ,
553 2213 640 2280 οὐχ
679 2212 741 2264 ὡς
778 2208 918 2262 αὐτὸς
957 2206 1195 2273 ἀτονήσας
1234 2212 1297 2262 εἰς
1335 2206 1389 2258 τὸ
1428 2207 1760 2274 προσκομίζειν
1793 2208 1941 2277 ἑαυτῷ

130 2311 212 2346 327
226 2309 278 2344 A.
312 2319 334 2343 a
353 2294 460 2349 τοὺς
486 2293 814 2346 πιστεύοντας·
857 2289 1055 2359 ἐξήνυσε
1081 2288 1174 2356 γὰρ
1201 2288 1258 2340 ἂν
1283 2288 1515 2354 ἐθελήσας
1551 2291 1626 2340 καὶ
1660 2295 1798 2340 τοῦτο
1833 2282 1942 2340 λίαν
1963 2312 2010 2350 25

132 2388 279 2461 PJffl-iii·
355 2378 556 2430 εὐπετῶς
583 2383 609 2406 “
629 2373 749 2426 κατὰ
783 2372 868 2439 τὴν
894 2372 1125 2439 ἐνέργειαν
1156 2377 1237 2423 τοῦ
1277 2371 1509 2423 δύνασθαι
1544 2370 1686 2422 αὑτὸν
1717 2373 1793 2422 καὶ
1828 2372 1942 2422 ὑπο-

133 2441 149 2462 ²
178 2455 184 2463 ’
355 2467 382 2490 “
403 2459 544 2528 τάξαι
569 2459 695 2527 αὐτῷ
721 2455 780 2508 τὰ
805 2453 989 2507 πάντα”
1013 2452 1132 2505 κατὰ
1159 2453 1244 2517 τὴν
1270 2460 1352 2504 τοῦ
1382 2453 1580 2505 Παύλου
1607 2454 1786 2522 φωνήν·
1828 2453 1938 2503 ἀλλ’

353 2542 542 2607 ἐπείπερ
580 2536 836 2605 ἀναγκαῖόν
873 2560 974 2591 πως
1013 2533 1127 2586 εἶναι
1168 2539 1296 2586 δοκεῖ
1332 2537 1407 2586 καὶ
1447 2536 1849 2602 πρεπωδέστερον,
1887 2534 1942 2586 τὸ

353 2623 429 2675 διὰ
465 2626 547 2687 τῆς
583 2622 709 2674 θείας
743 2619 934 2689 φύσεως
967 2622 1367 2688 φωταγωγεῖσθαι
1393 2617 1548 2684 λέγειν
1573 2615 1680 2670 τοὺς
1706 2617 1754 2667 ἐν
1780 2618 1938 2682 ἀγνω-

405 2776 434 2799 1.
462 2764 563 2798 αὐτὸν
579 2762 739 2807 ἁρπάζειν
757 2761 895 2795 inverso
913 2759 1034 2793 ordine
1053 2758 1094 2792 B.
1352 2769 1383 2792 2.
1409 2756 1606 2804 τοιγαροῦν]
1626 2756 1683 2791 οὖν
1700 2757 1881 2802 τοιγαροῦν
1900 2755 1941 2790 Β.

354 2811 641 2855 περιλαμβάνετιιι
662 2809 704 2843 B.
768 2808 894 2841 Statim
913 2807 966 2840 καὶ
984 2805 1081 2840 addit
1100 2804 1140 2839 B.
1284 2806 1317 2838 6.
1344 2804 1394 2839 ἐπ’
1416 2805 1458 2839 Β.
1477 2804 1523 2840 εἷς
1542 2803 1609 2838 Ed.
1753 2814 1787 2848 9.
1812 2817 1868 2847 μοι
1887 2814 1941 2836 as-

355 2863 539 2902 sumptum
557 2868 598 2890 ex
619 2855 712 2890 B.D.
779 2854 835 2899 ἐμὲ
856 2853 898 2888 Β.
915 2867 955 2897 με
975 2852 1041 2886 Ed.
1166 2862 1218 2886 10.
1246 2851 1371 2897 Κύριον
1390 2852 1431 2886 Β.
1449 2850 1601 2897 Χριστὸν
1618 2850 1685 2884 Ed.
1801 2849 1854 2883 16.
1880 2847 1938 2894 δὴ]

354 2904 461 2947 δήπου
481 2904 527 2937 D.
722 2903 775 2936 18.
802 2899 857 2945 οὐ]
878 2900 954 2934 οὐδὲ
976 2899 1017 2933 Β.
1224 2909 1279 2943 25.
1307 2899 1382 2934 τοὺς
1399 2897 1622 2934 πιστεύοντας
1638 2901 1819 2942 assumpta
1836 2907 1877 2930 ex
1898 2895 1940 2929 B.

356 2952 410 2984 28.
438 2948 521 2985 εἶναι’
537 2964 606 2985 πως
624 2949 763 2983 inverso
782 2947 902 2982 ordine
922 2947 960 2980 B.
