<?xml version="1.0" encoding="UTF-8"?>
<!DOCTYPE html PUBLIC "-//W3C//DTD XHTML 1.0 Transitional//EN"
    "http://www.w3.org/TR/xhtml1/DTD/xhtml1-transitional.dtd">
<html xmlns="http://www.w3.org/1999/xhtml" xml:lang="en" lang="en">
 <head>
  <title>
</title>
<meta http-equiv="Content-Type" content="text/html;charset=utf-8" />
  <meta name='ocr-system' content='tesseract 3.04.00' />
  <meta name='ocr-capabilities' content='ocr_page ocr_carea ocr_par ocr_line ocrx_word'/>
</head>
<body>
  <div class='ocr_page' id='page_1' title='image "./operacyrilli03cyriuoft_0102.png"; bbox 0 0 2073 3296; ppageno 0'>
   <div class='ocr_carea' id='block_1_1' title="bbox 2055 17 2062 176">
    <p class='ocr_par' dir='ltr' id='par_1_1' title="bbox 2055 17 2062 176">
     <span class='ocr_line' id='line_1_1' title="bbox 2055 17 2062 176; baseline 0 0"><span class='ocrx_word' id='word_1_1' title='bbox 2055 17 2062 176; x_wconf 61' lang='grc' dir='ltr'>ἓ</span> 
     </span>
    </p>
   </div>
   <div class='ocr_carea' id='block_1_2' title="bbox 307 186 1895 242">
    <p class='ocr_par' dir='ltr' id='par_1_2' title="bbox 307 186 1895 242">
     <span class='ocr_line' id='line_1_2' title="bbox 307 186 1895 242; baseline 0.001 -16"><span class='ocrx_word' id='word_1_2' title='bbox 307 187 362 227; x_wconf 87' lang='grc'>68</span> <span class='ocrx_word' id='word_1_3' title='bbox 708 187 759 229; x_wconf 88' lang='grc' dir='ltr'>Β,</span> <span class='ocrx_word' id='word_1_4' title='bbox 792 186 1065 228; x_wconf 86' lang='lat' dir='ltr'>CYRILLI</span> <span class='ocrx_word' id='word_1_5' title='bbox 1106 187 1487 229; x_wconf 86' lang='lat' dir='ltr'><strong>ALEXANDR.</strong></span> <span class='ocrx_word' id='word_1_6' title='bbox 1812 188 1837 228; x_wconf 86' lang='lat' dir='ltr'>i.</span> <span class='ocrx_word' id='word_1_7' title='bbox 1858 200 1895 242; x_wconf 79' lang='lat'>3.</span> 
     </span>
    </p>
   </div>
   <div class='ocr_carea' id='block_1_3' title="bbox 91 293 1977 2825">
    <p class='ocr_par' dir='ltr' id='par_1_3' title="bbox 91 293 1977 2825">
     <span class='ocr_line' id='line_1_3' title="bbox 307 293 1892 363; baseline 0 -18"><span class='ocrx_word' id='word_1_8' title='bbox 307 293 525 363; x_wconf 78' lang='grc' dir='ltr'>ξενήσειν</span> <span class='ocrx_word' id='word_1_9' title='bbox 552 293 718 360; x_wconf 77' lang='grc' dir='ltr'>λόγοις</span> <span class='ocrx_word' id='word_1_10' title='bbox 750 293 805 346; x_wconf 79' lang='grc' dir='ltr'><em>τό</em></span> <span class='ocrx_word' id='word_1_11' title='bbox 840 297 980 361; x_wconf 86' lang='grc' dir='ltr'>ῥῆμα.</span> <span class='ocrx_word' id='word_1_12' title='bbox 1033 295 1087 346; x_wconf 81' lang='grc' dir='ltr'>οὐ</span> <span class='ocrx_word' id='word_1_13' title='bbox 1120 293 1213 361; x_wconf 79' lang='grc' dir='ltr'>γὰρ</span> <span class='ocrx_word' id='word_1_14' title='bbox 1248 296 1494 363; x_wconf 78' lang='grc' dir='ltr'>ἐπειδήπερ</span> <span class='ocrx_word' id='word_1_15' title='bbox 1522 293 1572 348; x_wconf 62' lang='grc' dir='ltr'>δι’</span> <span class='ocrx_word' id='word_1_16' title='bbox 1601 297 1730 348; x_wconf 68' lang='grc' dir='ltr'>αὐτοῦ</span> <span class='ocrx_word' id='word_1_17' title='bbox 1763 294 1892 361; x_wconf 87' lang='grc' dir='ltr'>γενέ-</span> 
     </span>
     <span class='ocr_line' id='line_1_4' title="bbox 308 375 1898 445; baseline 0.002 -19"><span class='ocrx_word' id='word_1_18' title='bbox 308 380 425 427; x_wconf 90' lang='grc' dir='ltr'>σθαι</span> <span class='ocrx_word' id='word_1_19' title='bbox 461 375 520 427; x_wconf 79' lang='grc' dir='ltr'>τὰ</span> <span class='ocrx_word' id='word_1_20' title='bbox 556 375 670 428; x_wconf 83' lang='grc' dir='ltr'>ὅντα</span> <span class='ocrx_word' id='word_1_21' title='bbox 704 377 906 442; x_wconf 73' lang='grc' dir='ltr'>λέγεται,</span> <span class='ocrx_word' id='word_1_22' title='bbox 933 375 1122 430; x_wconf 85' lang='grc' dir='ltr'>πάντως</span> <span class='ocrx_word' id='word_1_23' title='bbox 1154 376 1304 441; x_wconf 83' lang='grc' dir='ltr'>δήπου</span> <span class='ocrx_word' id='word_1_24' title='bbox 1336 380 1411 428; x_wconf 84' lang='grc' dir='ltr'>καὶ</span> <span class='ocrx_word' id='word_1_25' title='bbox 1446 377 1678 445; x_wconf 79' lang='grc' dir='ltr'>ὑπουργὸς</span> <span class='ocrx_word' id='word_1_26' title='bbox 1711 378 1840 442; x_wconf 80' lang='grc' dir='ltr'>ἡμῖν,</span> <span class='ocrx_word' id='word_1_27' title='bbox 1868 376 1898 442; x_wconf 80' lang='grc' dir='ltr'>ἢ</span> 
     </span>
     <span class='ocr_line' id='line_1_5' title="bbox 310 457 1896 525; baseline 0.001 -16"><span class='ocrx_word' id='word_1_28' title='bbox 310 460 386 509; x_wconf 80' lang='grc' dir='ltr'>καὶ</span> <span class='ocrx_word' id='word_1_29' title='bbox 420 459 691 525; x_wconf 84' lang='grc' dir='ltr'>ἀλλοτρίων</span> <span class='ocrx_word' id='word_1_30' title='bbox 718 457 999 522; x_wconf 87' lang='grc' dir='ltr'>θελημάτων</span> <span class='ocrx_word' id='word_1_31' title='bbox 1027 459 1103 509; x_wconf 75' lang='grc' dir='ltr'>καὶ·</span> <span class='ocrx_word' id='word_1_32' title='bbox 1137 458 1364 525; x_wconf 75' lang='grc' dir='ltr'>ὑπηρέτης</span> <span class='ocrx_word' id='word_1_33' title='bbox 1401 461 1425 510; x_wconf 85' lang='grc' dir='ltr'>ὁ</span> <span class='ocrx_word' id='word_1_34' title='bbox 1452 459 1567 515; x_wconf 78' lang='grc' dir='ltr'>Υἱὸς</span> <span class='ocrx_word' id='word_1_35' title='bbox 1601 460 1896 525; x_wconf 79' lang='grc' dir='ltr'>εἷσβήσεται,</span> 
     </span>
     <span class='ocr_line' id='line_1_6' title="bbox 309 539 1903 609; baseline 0 -18"><span class='ocrx_word' id='word_1_36' title='bbox 309 541 383 592; x_wconf 81' lang='grc' dir='ltr'>ἵνα</span> <span class='ocrx_word' id='word_1_37' title='bbox 411 540 572 606; x_wconf 80' lang='grc' dir='ltr'>μηκέτι</span> <span class='ocrx_word' id='word_1_38' title='bbox 598 543 758 604; x_wconf 83' lang='grc' dir='ltr'>νοῆται</span> <span class='ocrx_word' id='word_1_39' title='bbox 785 539 904 591; x_wconf 78' lang='grc' dir='ltr'>κατὰ</span> <span class='ocrx_word' id='word_1_40' title='bbox 931 541 1082 608; x_wconf 83' lang='grc' dir='ltr'>φύσιν</span> <span class='ocrx_word' id='word_1_41' title='bbox 1108 540 1334 608; x_wconf 80' lang='grc' dir='ltr'>ὑπάρχων</span> <span class='ocrx_word' id='word_1_42' title='bbox 1360 542 1655 609; x_wconf 81' lang='grc' dir='ltr'>δημιουργὸς,</span> <span class='ocrx_word' id='word_1_43' title='bbox 1679 541 1707 606; x_wconf 80' lang='grc' dir='ltr'>ἢ</span> <span class='ocrx_word' id='word_1_44' title='bbox 1738 543 1813 593; x_wconf 80' lang='grc' dir='ltr'>καὶ</span> <span class='ocrx_word' id='word_1_45' title='bbox 1845 541 1903 609; x_wconf 76' lang='grc' dir='ltr'>ἐξ</span> 
     </span>
     <span class='ocr_line' id='line_1_7' title="bbox 310 620 1941 691; baseline 0 -19"><span class='ocrx_word' id='word_1_46' title='bbox 310 622 466 690; x_wconf 85' lang='grc' dir='ltr'>ἑτέρου</span> <span class='ocrx_word' id='word_1_47' title='bbox 502 620 626 676; x_wconf 75' lang='grc' dir='ltr'>τινὸς</span> <span class='ocrx_word' id='word_1_48' title='bbox 659 620 746 685; x_wconf 86' lang='grc' dir='ltr'>τὴν</span> <span class='ocrx_word' id='word_1_49' title='bbox 770 623 844 673; x_wconf 77' lang='grc' dir='ltr'>ἐπὶ</span> <span class='ocrx_word' id='word_1_50' title='bbox 879 626 946 691; x_wconf 74' lang='grc' dir='ltr'>τῷ</span> <span class='ocrx_word' id='word_1_51' title='bbox 981 622 1213 673; x_wconf 78' lang='grc' dir='ltr'>δύνασθαι</span> <span class='ocrx_word' id='word_1_52' title='bbox 1249 623 1413 690; x_wconf 72' lang='grc' dir='ltr'>κτίζειν</span> <span class='ocrx_word' id='word_1_53' title='bbox 1438 624 1786 691; x_wconf 83' lang='grc' dir='ltr'>χορηγούμενος</span> <span class='ocrx_word' id='word_1_54' title='bbox 1812 622 1892 674; x_wconf 78' lang='grc' dir='ltr'>δυ’-</span> <span class='ocrx_word' id='word_1_55' title='bbox 1918 634 1941 672; x_wconf 85' lang='grc'>5</span> 
     </span>
     <span class='ocr_line' id='line_1_8' title="bbox 312 702 1900 774; baseline 0 -18"><span class='ocrx_word' id='word_1_56' title='bbox 312 728 465 769; x_wconf 90' lang='grc' dir='ltr'>ναμιν,</span> <span class='ocrx_word' id='word_1_57' title='bbox 494 703 625 755; x_wconf 79' lang='grc' dir='ltr'>ἀλλὰ</span> <span class='ocrx_word' id='word_1_58' title='bbox 651 708 844 768; x_wconf 81' lang='grc' dir='ltr'>μᾶλλον</span> <span class='ocrx_word' id='word_1_59' title='bbox 870 702 1009 757; x_wconf 78' lang='grc' dir='ltr'>αὐτὸς</span> <span class='ocrx_word' id='word_1_60' title='bbox 1045 707 1121 756; x_wconf 80' lang='grc' dir='ltr'>καὶ</span> <span class='ocrx_word' id='word_1_61' title='bbox 1155 704 1296 768; x_wconf 86' lang='grc' dir='ltr'>μόνος</span> <span class='ocrx_word' id='word_1_62' title='bbox 1331 705 1359 769; x_wconf 85' lang='grc' dir='ltr'>ἡ</span> <span class='ocrx_word' id='word_1_63' title='bbox 1395 705 1532 774; x_wconf 79' lang='grc' dir='ltr'>ἰσχὺς</span> <span class='ocrx_word' id='word_1_64' title='bbox 1566 704 1791 773; x_wconf 77' lang='grc' dir='ltr'>ὑπάρχων</span> <span class='ocrx_word' id='word_1_65' title='bbox 1816 710 1900 756; x_wconf 84' lang='grc' dir='ltr'>τοῦ</span> 
     </span>
     <span class='ocr_line' id='line_1_9' title="bbox 266 784 1894 853; baseline -0.001 -15"><span class='ocrx_word' id='word_1_66' title='bbox 266 789 293 830; x_wconf 78' lang='lat' dir='ltr'>d</span> <span class='ocrx_word' id='word_1_67' title='bbox 313 791 438 838; x_wconf 79' lang='grc' dir='ltr'>Θεοῦ</span> <span class='ocrx_word' id='word_1_68' title='bbox 476 787 553 837; x_wconf 78' lang='grc' dir='ltr'>καὶ</span> <span class='ocrx_word' id='word_1_69' title='bbox 588 785 794 852; x_wconf 81' lang='grc' dir='ltr'>Πατρὸς,</span> <span class='ocrx_word' id='word_1_70' title='bbox 822 788 884 840; x_wconf 83' lang='grc' dir='ltr'>ὡς</span> <span class='ocrx_word' id='word_1_71' title='bbox 910 786 1037 850; x_wconf 80' lang='grc' dir='ltr'>Υἱὸς,</span> <span class='ocrx_word' id='word_1_72' title='bbox 1065 789 1127 842; x_wconf 88' lang='grc' dir='ltr'>ὡς</span> <span class='ocrx_word' id='word_1_73' title='bbox 1161 786 1438 853; x_wconf 86' lang='grc' dir='ltr'>Μονογενὴς</span> <span class='ocrx_word' id='word_1_74' title='bbox 1472 788 1529 839; x_wconf 80' lang='grc' dir='ltr'>τὰ</span> <span class='ocrx_word' id='word_1_75' title='bbox 1565 787 1722 840; x_wconf 88' lang='grc' dir='ltr'>πάντα</span> <span class='ocrx_word' id='word_1_76' title='bbox 1755 784 1894 853; x_wconf 85' lang='grc' dir='ltr'>ἐργά-</span> 
     </span>
     <span class='ocr_line' id='line_1_10' title="bbox 311 867 1901 939; baseline 0.001 -21"><span class='ocrx_word' id='word_1_77' title='bbox 311 868 446 934; x_wconf 76' lang='grc' dir='ltr'>ζεται,</span> <span class='ocrx_word' id='word_1_78' title='bbox 497 867 901 934; x_wconf 74' lang='grc' dir='ltr'>συνεργαζομένου</span> <span class='ocrx_word' id='word_1_79' title='bbox 952 868 1173 932; x_wconf 90' lang='grc' dir='ltr'>δηλονότι</span> <span class='ocrx_word' id='word_1_80' title='bbox 1224 871 1300 919; x_wconf 77' lang='grc' dir='ltr'>καὶ</span> <span class='ocrx_word' id='word_1_81' title='bbox 1350 869 1578 924; x_wconf 85' lang='grc' dir='ltr'>συνόντος</span> <span class='ocrx_word' id='word_1_82' title='bbox 1637 870 1762 939; x_wconf 74' lang='grc' dir='ltr'>αὐτῷ</span> <span class='ocrx_word' id='word_1_83' title='bbox 1817 873 1901 920; x_wconf 86' lang='grc' dir='ltr'>τοῦ</span> 
     </span>
     <span class='ocr_line' id='line_1_11' title="bbox 312 948 1903 1019; baseline 0.002 -18"><span class='ocrx_word' id='word_1_84' title='bbox 312 948 504 1017; x_wconf 80' lang='grc' dir='ltr'>Πατρὸς</span> <span class='ocrx_word' id='word_1_85' title='bbox 539 952 615 1001; x_wconf 78' lang='grc' dir='ltr'>καὶ</span> <span class='ocrx_word' id='word_1_86' title='bbox 651 956 734 1001; x_wconf 84' lang='grc' dir='ltr'>τοῦ</span> <span class='ocrx_word' id='word_1_87' title='bbox 760 951 930 1017; x_wconf 44' lang='grc' dir='ltr'>(Αγίου</span> <span class='ocrx_word' id='word_1_88' title='bbox 964 951 1259 1016; x_wconf 86' lang='grc' dir='ltr'>Πνεύματος·</span> <span class='ocrx_word' id='word_1_89' title='bbox 1308 951 1464 1003; x_wconf 89' lang='grc' dir='ltr'>πάντα</span> <span class='ocrx_word' id='word_1_90' title='bbox 1498 951 1592 1019; x_wconf 77' lang='grc' dir='ltr'>γὰρ</span> <span class='ocrx_word' id='word_1_91' title='bbox 1626 954 1676 1003; x_wconf 86' lang='grc' dir='ltr'>ἐκ</span> <span class='ocrx_word' id='word_1_92' title='bbox 1712 950 1903 1018; x_wconf 80' lang='grc' dir='ltr'>Πατρὸς</span> 
     </span>
     <span class='ocr_line' id='line_1_12' title="bbox 311 1032 1973 1104; baseline 0.001 -22"><span class='ocrx_word' id='word_1_93' title='bbox 311 1033 365 1082; x_wconf 85' lang='grc' dir='ltr'>δι’</span> <span class='ocrx_word' id='word_1_94' title='bbox 413 1036 533 1083; x_wconf 81' lang='grc' dir='ltr'>Υὶοῦ</span> <span class='ocrx_word' id='word_1_95' title='bbox 577 1035 625 1083; x_wconf 86' lang='grc' dir='ltr'>ἐν</span> <span class='ocrx_word' id='word_1_96' title='bbox 669 1032 820 1103; x_wconf 73' lang='grc' dir='ltr'>Ἀγίω</span> <span class='ocrx_word' id='word_1_97' title='bbox 867 1032 1125 1098; x_wconf 81' lang='grc' dir='ltr'>Πνεύματι.</span> <span class='ocrx_word' id='word_1_98' title='bbox 1211 1038 1420 1085; x_wconf 84' lang='grc' dir='ltr'>συνεῖναι</span> <span class='ocrx_word' id='word_1_99' title='bbox 1465 1033 1513 1086; x_wconf 77' lang='grc' dir='ltr'>δὲ</span> <span class='ocrx_word' id='word_1_100' title='bbox 1556 1038 1624 1104; x_wconf 72' lang='grc' dir='ltr'>τῷ</span> <span class='ocrx_word' id='word_1_101' title='bbox 1667 1037 1769 1103; x_wconf 76' lang='grc' dir='ltr'>Υἱῷ</span> <span class='ocrx_word' id='word_1_102' title='bbox 1819 1032 1902 1083; x_wconf 81' lang='grc' dir='ltr'>τὸν</span> <span class='ocrx_word' id='word_1_103' title='bbox 1925 1053 1973 1078; x_wconf 92' lang='lat'>10</span> 
     </span>
     <span class='ocr_line' id='line_1_13' title="bbox 313 1114 1903 1183; baseline 0 -18"><span class='ocrx_word' id='word_1_104' title='bbox 313 1114 506 1180; x_wconf 91' lang='grc' dir='ltr'>Πατέρα</span> <span class='ocrx_word' id='word_1_105' title='bbox 532 1120 741 1178; x_wconf 79' lang='grc' dir='ltr'>νοοῦμεν,</span> <span class='ocrx_word' id='word_1_106' title='bbox 769 1116 855 1183; x_wconf 80' lang='grc' dir='ltr'>οὐχ</span> <span class='ocrx_word' id='word_1_107' title='bbox 882 1117 944 1170; x_wconf 85' lang='grc' dir='ltr'>ὡς</span> <span class='ocrx_word' id='word_1_108' title='bbox 970 1117 1212 1167; x_wconf 84' lang='grc' dir='ltr'>ἀτονοῦντι</span> <span class='ocrx_word' id='word_1_109' title='bbox 1236 1117 1341 1182; x_wconf 77' lang='grc' dir='ltr'>περὶ</span> <span class='ocrx_word' id='word_1_110' title='bbox 1369 1115 1422 1167; x_wconf 79' lang='grc' dir='ltr'>τὸ</span> <span class='ocrx_word' id='word_1_111' title='bbox 1448 1114 1731 1183; x_wconf 74' lang='grc' dir='ltr'>ἐργάζεσθαί</span> <span class='ocrx_word' id='word_1_112' title='bbox 1745 1138 1789 1166; x_wconf 90' lang='grc' dir='ltr'>τι</span> <span class='ocrx_word' id='word_1_113' title='bbox 1808 1118 1903 1166; x_wconf 83' lang='grc' dir='ltr'>τῶν</span> 
     </span>
     <span class='ocr_line' id='line_1_14' title="bbox 312 1195 1905 1268; baseline 0.003 -22"><span class='ocrx_word' id='word_1_114' title='bbox 312 1195 475 1259; x_wconf 80' lang='grc' dir='ltr'>ὄντων,</span> <span class='ocrx_word' id='word_1_115' title='bbox 503 1198 613 1247; x_wconf 82' lang='grc' dir='ltr'>ἀλλ’</span> <span class='ocrx_word' id='word_1_116' title='bbox 643 1199 704 1250; x_wconf 85' lang='grc' dir='ltr'>ὡς</span> <span class='ocrx_word' id='word_1_117' title='bbox 731 1197 846 1248; x_wconf 81' lang='grc' dir='ltr'>ὅλον</span> <span class='ocrx_word' id='word_1_118' title='bbox 873 1196 987 1248; x_wconf 82' lang='grc' dir='ltr'>ὅντα</span> <span class='ocrx_word' id='word_1_119' title='bbox 1014 1199 1062 1249; x_wconf 85' lang='grc' dir='ltr'>ἐν</span> <span class='ocrx_word' id='word_1_120' title='bbox 1087 1199 1213 1268; x_wconf 71' lang='grc' dir='ltr'>αὐτῷ</span> <span class='ocrx_word' id='word_1_121' title='bbox 1238 1196 1314 1249; x_wconf 79' lang='grc' dir='ltr'>διὰ</span> <span class='ocrx_word' id='word_1_122' title='bbox 1340 1198 1394 1249; x_wconf 84' lang='grc' dir='ltr'>τὸ</span> <span class='ocrx_word' id='word_1_123' title='bbox 1421 1196 1796 1264; x_wconf 81' lang='grc' dir='ltr'>ἀπαράλλακτον</span> <span class='ocrx_word' id='word_1_124' title='bbox 1822 1199 1905 1259; x_wconf 81' lang='grc' dir='ltr'>τῆς</span> 
     </span>
     <span class='ocr_line' id='line_1_15' title="bbox 313 1276 1904 1346; baseline 0.002 -18"><span class='ocrx_word' id='word_1_125' title='bbox 313 1278 491 1341; x_wconf 77' lang='grc' dir='ltr'>οὐσίας,</span> <span class='ocrx_word' id='word_1_126' title='bbox 523 1280 598 1329; x_wconf 78' lang='grc' dir='ltr'>καὶ</span> <span class='ocrx_word' id='word_1_127' title='bbox 638 1278 693 1329; x_wconf 82' lang='grc' dir='ltr'>τὸ</span> <span class='ocrx_word' id='word_1_128' title='bbox 733 1278 886 1345; x_wconf 76' lang='grc' dir='ltr'>ἄκρως</span> <span class='ocrx_word' id='word_1_129' title='bbox 923 1280 1157 1346; x_wconf 84' lang='grc' dir='ltr'>προσεχές</span> <span class='ocrx_word' id='word_1_130' title='bbox 1196 1303 1245 1331; x_wconf 90' lang='grc' dir='ltr'>τε</span> <span class='ocrx_word' id='word_1_131' title='bbox 1282 1282 1358 1331; x_wconf 80' lang='grc' dir='ltr'>καὶ</span> <span class='ocrx_word' id='word_1_132' title='bbox 1397 1280 1579 1344; x_wconf 81' lang='grc' dir='ltr'>ἄμεσον</span> <span class='ocrx_word' id='word_1_133' title='bbox 1609 1280 1751 1330; x_wconf 81' lang='grc' dir='ltr'>αὐτοῦ</span> <span class='ocrx_word' id='word_1_134' title='bbox 1785 1276 1904 1344; x_wconf 82' lang='grc' dir='ltr'>πρὸς</span> 
     </span>
     <span class='ocr_line' id='line_1_16' title="bbox 313 1359 1905 1430; baseline 0.001 -21"><span class='ocrx_word' id='word_1_135' title='bbox 313 1359 367 1410; x_wconf 83' lang='grc' dir='ltr'>τὸ</span> <span class='ocrx_word' id='word_1_136' title='bbox 410 1360 467 1428; x_wconf 74' lang='grc' dir='ltr'>ἐξ</span> <span class='ocrx_word' id='word_1_137' title='bbox 508 1361 650 1411; x_wconf 83' lang='grc' dir='ltr'>αὐτοῦ</span> <span class='ocrx_word' id='word_1_138' title='bbox 696 1366 911 1430; x_wconf 81' lang='grc' dir='ltr'>φυσικῶς</span> <span class='ocrx_word' id='word_1_139' title='bbox 956 1361 1206 1428; x_wconf 88' lang='grc' dir='ltr'>προελθόν·</span> <span class='ocrx_word' id='word_1_140' title='bbox 1263 1360 1429 1428; x_wconf 80' lang='grc' dir='ltr'>ὥσπερ</span> <span class='ocrx_word' id='word_1_141' title='bbox 1480 1361 1536 1413; x_wconf 81' lang='grc' dir='ltr'>ἂν</span> <span class='ocrx_word' id='word_1_142' title='bbox 1577 1362 1619 1412; x_wconf 77' lang='grc' dir='ltr'>εἴ</span> <span class='ocrx_word' id='word_1_143' title='bbox 1662 1384 1729 1415; x_wconf 84' lang='grc' dir='ltr'>τις</span> <span class='ocrx_word' id='word_1_144' title='bbox 1774 1359 1905 1426; x_wconf 87' lang='grc' dir='ltr'>λέγοι</span> 
     </span>
     <span class='ocr_line' id='line_1_17' title="bbox 274 1443 1973 1512; baseline 0.002 -22"><span class='ocrx_word' id='word_1_145' title='bbox 274 1462 295 1488; x_wconf 85' lang='lat' dir='ltr'>e</span> <span class='ocrx_word' id='word_1_146' title='bbox 315 1444 389 1492; x_wconf 78' lang='grc' dir='ltr'>καὶ</span> <span class='ocrx_word' id='word_1_147' title='bbox 424 1446 482 1509; x_wconf 82' lang='grc' dir='ltr'>τῇ</span> <span class='ocrx_word' id='word_1_148' title='bbox 517 1443 573 1511; x_wconf 75' lang='grc' dir='ltr'>ἐξ</span> <span class='ocrx_word' id='word_1_149' title='bbox 606 1443 775 1497; x_wconf 75' lang='grc' dir='ltr'>ἄνθους</span> <span class='ocrx_word' id='word_1_150' title='bbox 809 1444 974 1512; x_wconf 75' lang='grc' dir='ltr'>εὐωδίᾳ</span> <span class='ocrx_word' id='word_1_151' title='bbox 1009 1449 1216 1494; x_wconf 83' lang='grc' dir='ltr'>συνεῖναι</span> <span class='ocrx_word' id='word_1_152' title='bbox 1250 1445 1348 1495; x_wconf 89' lang='grc' dir='ltr'>κατ’</span> <span class='ocrx_word' id='word_1_153' title='bbox 1375 1445 1609 1511; x_wconf 76' lang='grc' dir='ltr'>ἐνέργειαν</span> <span class='ocrx_word' id='word_1_154' title='bbox 1634 1443 1721 1508; x_wconf 85' lang='grc' dir='ltr'>τὴν</span> <span class='ocrx_word' id='word_1_155' title='bbox 1747 1445 1796 1494; x_wconf 88' lang='grc' dir='ltr'>ἐκ</span> <span class='ocrx_word' id='word_1_156' title='bbox 1822 1445 1905 1507; x_wconf 83' lang='grc' dir='ltr'>τῆς</span> <span class='ocrx_word' id='word_1_157' title='bbox 1928 1465 1973 1503; x_wconf 89' lang='lat'>15</span> 
     </span>
     <span class='ocr_line' id='line_1_18' title="bbox 314 1523 1902 1595; baseline 0.002 -22"><span class='ocrx_word' id='word_1_158' title='bbox 314 1525 538 1588; x_wconf 81' lang='grc' dir='ltr'>εὐοσμίας</span> <span class='ocrx_word' id='word_1_159' title='bbox 576 1524 689 1576; x_wconf 78' lang='grc' dir='ltr'>αὐτὸ</span> <span class='ocrx_word' id='word_1_160' title='bbox 729 1523 785 1588; x_wconf 87' lang='grc' dir='ltr'>δὴ</span> <span class='ocrx_word' id='word_1_161' title='bbox 824 1523 878 1576; x_wconf 81' lang='grc' dir='ltr'>τὸ</span> <span class='ocrx_word' id='word_1_162' title='bbox 917 1525 1072 1587; x_wconf 78' lang='grc' dir='ltr'>ἄνθος,</span> <span class='ocrx_word' id='word_1_163' title='bbox 1096 1525 1282 1592; x_wconf 86' lang='grc' dir='ltr'>ἐπείπερ</span> <span class='ocrx_word' id='word_1_164' title='bbox 1318 1525 1376 1595; x_wconf 75' lang='grc' dir='ltr'>ἐξ</span> <span class='ocrx_word' id='word_1_165' title='bbox 1407 1527 1550 1577; x_wconf 82' lang='grc' dir='ltr'>αὑτοῦ</span> <span class='ocrx_word' id='word_1_166' title='bbox 1583 1525 1770 1592; x_wconf 86' lang='grc' dir='ltr'>πρόεισι</span> <span class='ocrx_word' id='word_1_167' title='bbox 1807 1528 1902 1593; x_wconf 89' lang='grc' dir='ltr'>φυ-</span> 
     </span>
     <span class='ocr_line' id='line_1_19' title="bbox 312 1606 1906 1675; baseline 0.004 -20"><span class='ocrx_word' id='word_1_168' title='bbox 312 1610 473 1660; x_wconf 79' lang='grc' dir='ltr'>σικῶς.</span> <span class='ocrx_word' id='word_1_169' title='bbox 548 1608 659 1657; x_wconf 82' lang='grc' dir='ltr'>ἀλλ’</span> <span class='ocrx_word' id='word_1_170' title='bbox 704 1607 844 1673; x_wconf 82' lang='grc' dir='ltr'>ὀλίγη</span> <span class='ocrx_word' id='word_1_171' title='bbox 888 1606 974 1671; x_wconf 79' lang='grc' dir='ltr'>μὲν</span> <span class='ocrx_word' id='word_1_172' title='bbox 1020 1609 1069 1658; x_wconf 87' lang='grc' dir='ltr'>ἐν</span> <span class='ocrx_word' id='word_1_173' title='bbox 1107 1607 1288 1662; x_wconf 84' lang='grc' dir='ltr'>τούτοις</span> <span class='ocrx_word' id='word_1_174' title='bbox 1331 1609 1359 1672; x_wconf 84' lang='grc' dir='ltr'>ἡ</span> <span class='ocrx_word' id='word_1_175' title='bbox 1405 1614 1488 1660; x_wconf 82' lang='grc' dir='ltr'>τοῦ</span> <span class='ocrx_word' id='word_1_176' title='bbox 1526 1608 1906 1675; x_wconf 78' lang='grc' dir='ltr'>παραδείγματος</span> 
     </span>
     <span class='ocr_line' id='line_1_20' title="bbox 314 1686 1903 1759; baseline 0.002 -22"><span class='ocrx_word' id='word_1_177' title='bbox 314 1686 522 1751; x_wconf 84' lang='grc' dir='ltr'>δύναμις,</span> <span class='ocrx_word' id='word_1_178' title='bbox 562 1689 591 1753; x_wconf 85' lang='grc' dir='ltr'>ἡ</span> <span class='ocrx_word' id='word_1_179' title='bbox 636 1688 683 1740; x_wconf 75' lang='grc' dir='ltr'>δὲ</span> <span class='ocrx_word' id='word_1_180' title='bbox 729 1688 844 1756; x_wconf 76' lang='grc' dir='ltr'>ὑπὲρ</span> <span class='ocrx_word' id='word_1_181' title='bbox 884 1688 1042 1741; x_wconf 88' lang='grc' dir='ltr'>πάντα</span> <span class='ocrx_word' id='word_1_182' title='bbox 1083 1690 1230 1759; x_wconf 83' lang='grc' dir='ltr'>φύσις</span> <span class='ocrx_word' id='word_1_183' title='bbox 1269 1693 1344 1741; x_wconf 78' lang='grc' dir='ltr'>καὶ</span> <span class='ocrx_word' id='word_1_184' title='bbox 1385 1697 1523 1742; x_wconf 84' lang='grc' dir='ltr'>τοῦτο</span> <span class='ocrx_word' id='word_1_185' title='bbox 1565 1691 1903 1757; x_wconf 82' lang='grc' dir='ltr'>ὑπερκείσεται,</span> 
     </span>
     <span class='ocr_line' id='line_1_21' title="bbox 314 1769 1902 1840; baseline 0.003 -21"><span class='ocrx_word' id='word_1_186' title='bbox 314 1769 505 1835; x_wconf 76' lang='grc' dir='ltr'>μικροὺς</span> <span class='ocrx_word' id='word_1_187' title='bbox 542 1770 599 1839; x_wconf 75' lang='grc' dir='ltr'>ἐξ</span> <span class='ocrx_word' id='word_1_188' title='bbox 634 1772 776 1822; x_wconf 82' lang='grc' dir='ltr'>αὐτοῦ</span> <span class='ocrx_word' id='word_1_189' title='bbox 815 1773 1042 1839; x_wconf 77' lang='grc' dir='ltr'>δεχομένη</span> <span class='ocrx_word' id='word_1_190' title='bbox 1087 1777 1182 1823; x_wconf 79' lang='grc' dir='ltr'>τῶν</span> <span class='ocrx_word' id='word_1_191' title='bbox 1220 1771 1534 1839; x_wconf 86' lang='grc' dir='ltr'>θεωρημάτων</span> <span class='ocrx_word' id='word_1_192' title='bbox 1571 1771 1679 1826; x_wconf 78' lang='grc' dir='ltr'>τοὺς</span> <span class='ocrx_word' id='word_1_193' title='bbox 1721 1795 1902 1840; x_wconf 86' lang='grc' dir='ltr'>χαρακ-</span> 
     </span>
     <span class='ocr_line' id='line_1_22' title="bbox 91 1853 1977 1942; baseline -0.001 -40"><span class='ocrx_word' id='word_1_194' title='bbox 91 1858 185 1942; x_wconf 48' lang='grc' dir='ltr'>ᾗίὶξΐᾷ</span> <span class='ocrx_word' id='word_1_195' title='bbox 316 1854 474 1917; x_wconf 80' lang='grc' dir='ltr'>τῆρας.</span> <span class='ocrx_word' id='word_1_196' title='bbox 547 1854 644 1904; x_wconf 75' lang='grc' dir='ltr'>ἐπεὶ</span> <span class='ocrx_word' id='word_1_197' title='bbox 682 1858 783 1907; x_wconf 81' lang='grc' dir='ltr'>πῶς</span> <span class='ocrx_word' id='word_1_198' title='bbox 823 1853 1059 1918; x_wconf 88' lang='grc' dir='ltr'>νοήσομεν</span> <span class='ocrx_word' id='word_1_199' title='bbox 1097 1853 1152 1905; x_wconf 90' lang='grc' dir='ltr'>τό</span> <span class='ocrx_word' id='word_1_200' title='bbox 1191 1855 1301 1906; x_wconf 78' lang='lat' dir='ltr'>“‘O</span> <span class='ocrx_word' id='word_1_201' title='bbox 1343 1853 1514 1921; x_wconf 88' lang='grc' dir='ltr'>Πατήρ</span> <span class='ocrx_word' id='word_1_202' title='bbox 1551 1878 1642 1919; x_wconf 91' lang='grc' dir='ltr'>μου</span> <span class='ocrx_word' id='word_1_203' title='bbox 1679 1854 1764 1908; x_wconf 77' lang='grc' dir='ltr'>ἕως</span> <span class='ocrx_word' id='word_1_204' title='bbox 1802 1854 1906 1920; x_wconf 77' lang='grc' dir='ltr'>ἄρτι</span> <span class='ocrx_word' id='word_1_205' title='bbox 1927 1875 1977 1901; x_wconf 88' lang='lat'>20</span> 
     </span>
     <span class='ocr_line' id='line_1_23' title="bbox 116 1924 1905 2006; baseline 0.002 -23"><span class='ocrx_word' id='word_1_206' title='bbox 116 1924 124 1933; x_wconf 53' lang='lat'><em>⁰</em></span> <span class='ocrx_word' id='word_1_207' title='bbox 184 1926 190 1933; x_wconf 44' lang='grc'><strong><em>’</em></strong></span> <span class='ocrx_word' id='word_1_208' title='bbox 317 1940 345 1962; x_wconf 85' lang='grc'><strong>“</strong></span> <span class='ocrx_word' id='word_1_209' title='bbox 371 1932 611 2000; x_wconf 75' lang='grc' dir='ltr'>ἐργάζεται</span> <span class='ocrx_word' id='word_1_210' title='bbox 656 1934 787 2002; x_wconf 82' lang='grc' dir='ltr'>κάγὼ</span> <span class='ocrx_word' id='word_1_211' title='bbox 827 1934 1078 2003; x_wconf 75' lang='grc' dir='ltr'>ἐργάζομαι</span> <span class='ocrx_word' id='word_1_212' title='bbox 1099 1937 1142 1999; x_wconf 84' lang='lat'>;”</span> <span class='ocrx_word' id='word_1_213' title='bbox 1201 1937 1255 1988; x_wconf 82' lang='grc' dir='ltr'>οὐ</span> <span class='ocrx_word' id='word_1_214' title='bbox 1293 1935 1387 2003; x_wconf 80' lang='grc' dir='ltr'>γὰρ</span> <span class='ocrx_word' id='word_1_215' title='bbox 1427 1937 1518 2006; x_wconf 73' lang='grc' dir='ltr'>ἰδίᾳ</span> <span class='ocrx_word' id='word_1_216' title='bbox 1559 1936 1644 2001; x_wconf 78' lang='grc' dir='ltr'>μὲν</span> <span class='ocrx_word' id='word_1_217' title='bbox 1681 1938 1757 1987; x_wconf 77' lang='grc' dir='ltr'>καὶ</span> <span class='ocrx_word' id='word_1_218' title='bbox 1798 1934 1905 1987; x_wconf 88' lang='grc' dir='ltr'>καθ’</span> 
     </span>
     <span class='ocr_line' id='line_1_24' title="bbox 317 2015 1908 2087; baseline 0.003 -22"><span class='ocrx_word' id='word_1_219' title='bbox 317 2015 483 2067; x_wconf 84' lang='grc' dir='ltr'>ἑαυτὸν</span> <span class='ocrx_word' id='word_1_220' title='bbox 510 2019 712 2083; x_wconf 81' lang='grc' dir='ltr'>ἐνεργεῖν</span> <span class='ocrx_word' id='word_1_221' title='bbox 737 2040 781 2068; x_wconf 90' lang='grc' dir='ltr'>τι</span> <span class='ocrx_word' id='word_1_222' title='bbox 806 2020 912 2083; x_wconf 73' lang='grc' dir='ltr'>περὶ</span> <span class='ocrx_word' id='word_1_223' title='bbox 939 2018 998 2069; x_wconf 81' lang='grc' dir='ltr'>τὰ</span> <span class='ocrx_word' id='word_1_224' title='bbox 1024 2018 1138 2069; x_wconf 81' lang='grc' dir='ltr'>ὅντα</span> <span class='ocrx_word' id='word_1_225' title='bbox 1169 2018 1250 2070; x_wconf 83' lang='grc' dir='ltr'>τὸν</span> <span class='ocrx_word' id='word_1_226' title='bbox 1279 2017 1404 2070; x_wconf 79' lang='grc' dir='ltr'>Θεὸν</span> <span class='ocrx_word' id='word_1_227' title='bbox 1427 2021 1503 2070; x_wconf 81' lang='grc' dir='ltr'>καὶ</span> <span class='ocrx_word' id='word_1_228' title='bbox 1531 2018 1724 2085; x_wconf 83' lang='grc' dir='ltr'>Πατέρα</span> <span class='ocrx_word' id='word_1_229' title='bbox 1756 2021 1908 2087; x_wconf 76' lang='grc' dir='ltr'>φησὶν</span> 
     </span>
     <span class='ocr_line' id='line_1_25' title="bbox 93 2098 1908 2169; baseline 0.003 -22"><span class='ocrx_word' id='word_1_230' title='bbox 93 2113 150 2147; x_wconf 82' lang='lat'>46</span> <span class='ocrx_word' id='word_1_231' title='bbox 168 2111 221 2148; x_wconf 91' lang='lat' dir='ltr'>A.</span> <span class='ocrx_word' id='word_1_232' title='bbox 277 2099 342 2148; x_wconf 68' lang='lat' dir='ltr'>ab</span> <span class='ocrx_word' id='word_1_233' title='bbox 369 2098 496 2162; x_wconf 77' lang='grc' dir='ltr'>Υἱὸς,</span> <span class='ocrx_word' id='word_1_234' title='bbox 525 2099 689 2151; x_wconf 81' lang='grc' dir='ltr'>ἑαυτὸν</span> <span class='ocrx_word' id='word_1_235' title='bbox 721 2100 769 2151; x_wconf 80' lang='grc' dir='ltr'>δὲ</span> <span class='ocrx_word' id='word_1_236' title='bbox 805 2099 953 2152; x_wconf 85' lang='grc' dir='ltr'>πάλιν</span> <span class='ocrx_word' id='word_1_237' title='bbox 986 2102 1155 2165; x_wconf 82' lang='grc' dir='ltr'>ὁμοίως</span> <span class='ocrx_word' id='word_1_238' title='bbox 1192 2099 1471 2168; x_wconf 74' lang='grc' dir='ltr'>ἐργάζεσθαι</span> <span class='ocrx_word' id='word_1_239' title='bbox 1512 2100 1638 2167; x_wconf 86' lang='grc' dir='ltr'>λέγει</span> <span class='ocrx_word' id='word_1_240' title='bbox 1677 2102 1787 2169; x_wconf 87' lang='grc' dir='ltr'>δίχα</span> <span class='ocrx_word' id='word_1_241' title='bbox 1824 2107 1908 2152; x_wconf 83' lang='grc' dir='ltr'>τοῦ</span> 
     </span>
     <span class='ocr_line' id='line_1_26' title="bbox 318 2181 1908 2252; baseline 0.001 -20"><span class='ocrx_word' id='word_1_242' title='bbox 318 2181 524 2248; x_wconf 81' lang='grc' dir='ltr'>Πατρὸς,</span> <span class='ocrx_word' id='word_1_243' title='bbox 570 2184 646 2233; x_wconf 82' lang='grc' dir='ltr'>καὶ</span> <span class='ocrx_word' id='word_1_244' title='bbox 696 2182 994 2249; x_wconf 84' lang='grc' dir='ltr'>ἀτρεμούσης</span> <span class='ocrx_word' id='word_1_245' title='bbox 1044 2182 1222 2250; x_wconf 87' lang='grc' dir='ltr'>τρόπον</span> <span class='ocrx_word' id='word_1_246' title='bbox 1265 2183 1370 2235; x_wconf 80' lang='grc' dir='ltr'>τινὰ</span> <span class='ocrx_word' id='word_1_247' title='bbox 1412 2186 1496 2249; x_wconf 80' lang='grc' dir='ltr'>τῆς</span> <span class='ocrx_word' id='word_1_248' title='bbox 1540 2184 1622 2252; x_wconf 85' lang='grc' dir='ltr'>ἀφ’</span> <span class='ocrx_word' id='word_1_249' title='bbox 1671 2183 1726 2249; x_wconf 76' lang='grc' dir='ltr'>ἧς</span> <span class='ocrx_word' id='word_1_250' title='bbox 1775 2183 1908 2234; x_wconf 88' lang='grc' dir='ltr'>ε’στιν</span> 
     </span>
     <span class='ocr_line' id='line_1_27' title="bbox 317 2262 1976 2334; baseline -0.001 -20"><span class='ocrx_word' id='word_1_251' title='bbox 317 2264 497 2317; x_wconf 77' lang='grc' dir='ltr'>οὐσίας·</span> <span class='ocrx_word' id='word_1_252' title='bbox 550 2262 637 2315; x_wconf 76' lang='grc' dir='ltr'>εἶεν</span> <span class='ocrx_word' id='word_1_253' title='bbox 681 2263 775 2332; x_wconf 76' lang='grc' dir='ltr'>γὰρ</span> <span class='ocrx_word' id='word_1_254' title='bbox 820 2263 878 2315; x_wconf 79' lang='grc' dir='ltr'>ἂν</span> <span class='ocrx_word' id='word_1_255' title='bbox 916 2266 1037 2316; x_wconf 76' lang='grc' dir='ltr'>οὕτω</span> <span class='ocrx_word' id='word_1_256' title='bbox 1082 2265 1164 2317; x_wconf 84' lang='grc' dir='ltr'>δύο</span> <span class='ocrx_word' id='word_1_257' title='bbox 1204 2265 1260 2331; x_wconf 86' lang='grc' dir='ltr'>δὴ</span> <span class='ocrx_word' id='word_1_258' title='bbox 1298 2264 1502 2330; x_wconf 85' lang='grc' dir='ltr'>πάντως,</span> <span class='ocrx_word' id='word_1_259' title='bbox 1541 2268 1616 2317; x_wconf 78' lang='grc' dir='ltr'>καὶ</span> <span class='ocrx_word' id='word_1_260' title='bbox 1655 2267 1742 2334; x_wconf 82' lang='grc' dir='ltr'>οὐχ</span> <span class='ocrx_word' id='word_1_261' title='bbox 1780 2264 1844 2320; x_wconf 73' lang='grc' dir='ltr'>εἷς</span> <span class='ocrx_word' id='word_1_262' title='bbox 1882 2266 1976 2324; x_wconf 73' lang='lat'>625</span> 
     </span>
     <span class='ocr_line' id='line_1_28' title="bbox 318 2345 1909 2416; baseline 0.004 -20"><span class='ocrx_word' id='word_1_263' title='bbox 318 2345 636 2412; x_wconf 81' lang='grc' dir='ltr'>Δημιουργὸς,</span> <span class='ocrx_word' id='word_1_264' title='bbox 676 2346 804 2413; x_wconf 86' lang='grc' dir='ltr'>ε’ίπερ</span> <span class='ocrx_word' id='word_1_265' title='bbox 849 2346 938 2397; x_wconf 79' lang='grc' dir='ltr'>ἀνὰ</span> <span class='ocrx_word' id='word_1_266' title='bbox 982 2346 1120 2413; x_wconf 87' lang='grc' dir='ltr'>μέρος</span> <span class='ocrx_word' id='word_1_267' title='bbox 1165 2347 1379 2414; x_wconf 88' lang='grc' dir='ltr'>ἑκάτερος</span> <span class='ocrx_word' id='word_1_268' title='bbox 1430 2351 1506 2399; x_wconf 80' lang='grc' dir='ltr'>καὶ</span> <span class='ocrx_word' id='word_1_269' title='bbox 1552 2346 1909 2416; x_wconf 69' lang='grc' dir='ltr'>κεχωρισμένως</span> 
     </span>
     <span class='ocr_line' id='line_1_29' title="bbox 317 2426 1909 2497; baseline 0.002 -19"><span class='ocrx_word' id='word_1_270' title='bbox 317 2426 569 2494; x_wconf 74' lang='grc' dir='ltr'>ἐργάζεται,</span> <span class='ocrx_word' id='word_1_271' title='bbox 608 2428 868 2497; x_wconf 77' lang='grc' dir='ltr'>ἐπιδέξεται</span> <span class='ocrx_word' id='word_1_272' title='bbox 908 2428 955 2479; x_wconf 81' lang='grc' dir='ltr'>δὲ</span> <span class='ocrx_word' id='word_1_273' title='bbox 995 2431 1071 2480; x_wconf 81' lang='grc' dir='ltr'>καὶ</span> <span class='ocrx_word' id='word_1_274' title='bbox 1108 2429 1273 2496; x_wconf 82' lang='grc' dir='ltr'>ἑτέρως</span> <span class='ocrx_word' id='word_1_275' title='bbox 1310 2429 1364 2481; x_wconf 81' lang='grc' dir='ltr'>τὸ</span> <span class='ocrx_word' id='word_1_276' title='bbox 1404 2430 1634 2481; x_wconf 82' lang='grc' dir='ltr'>δύνασθαι</span> <span class='ocrx_word' id='word_1_277' title='bbox 1678 2427 1744 2493; x_wconf 86' lang='grc' dir='ltr'>μὴ</span> <span class='ocrx_word' id='word_1_278' title='bbox 1787 2429 1909 2497; x_wconf 82' lang='grc' dir='ltr'>ε”χειν</span> 
     </span>
     <span class='ocr_line' id='line_1_30' title="bbox 318 2508 1908 2581; baseline 0.001 -21"><span class='ocrx_word' id='word_1_279' title='bbox 318 2512 463 2561; x_wconf 78' lang='grc' dir='ltr'>εἰσαεὶ</span> <span class='ocrx_word' id='word_1_280' title='bbox 500 2509 584 2561; x_wconf 83' lang='grc' dir='ltr'>τὸν</span> <span class='ocrx_word' id='word_1_281' title='bbox 608 2508 726 2561; x_wconf 77' lang='grc' dir='ltr'>Υἱὸν</span> <span class='ocrx_word' id='word_1_282' title='bbox 759 2512 784 2560; x_wconf 86' lang='grc' dir='ltr'><em>ὁ</em></span> <span class='ocrx_word' id='word_1_283' title='bbox 819 2510 989 2577; x_wconf 86' lang='grc' dir='ltr'>Πατὴρ</span> <span class='ocrx_word' id='word_1_284' title='bbox 1024 2513 1072 2562; x_wconf 86' lang='grc' dir='ltr'>ἐν</span> <span class='ocrx_word' id='word_1_285' title='bbox 1104 2512 1264 2581; x_wconf 73' lang='grc' dir='ltr'>ἑαυτῷ,</span> <span class='ocrx_word' id='word_1_286' title='bbox 1293 2514 1368 2562; x_wconf 85' lang='grc' dir='ltr'>καὶ</span> <span class='ocrx_word' id='word_1_287' title='bbox 1408 2513 1433 2562; x_wconf 82' lang='grc' dir='ltr'><em>ὃ</em></span> <span class='ocrx_word' id='word_1_288' title='bbox 1464 2511 1578 2565; x_wconf 77' lang='grc' dir='ltr'>Υἱὸς</span> <span class='ocrx_word' id='word_1_289' title='bbox 1617 2512 1786 2575; x_wconf 82' lang='grc' dir='ltr'>ὁμοίως</span> <span class='ocrx_word' id='word_1_290' title='bbox 1824 2512 1908 2563; x_wconf 83' lang='grc' dir='ltr'>οὐκ</span> 
     </span>
     <span class='ocr_line' id='line_1_31' title="bbox 319 2591 1902 2662; baseline 0.002 -21"><span class='ocrx_word' id='word_1_291' title='bbox 319 2593 386 2641; x_wconf 75' lang='grc' dir='ltr'>ἀεὶ</span> <span class='ocrx_word' id='word_1_292' title='bbox 414 2591 496 2642; x_wconf 82' lang='grc' dir='ltr'>τὸν</span> <span class='ocrx_word' id='word_1_293' title='bbox 526 2593 718 2659; x_wconf 89' lang='grc' dir='ltr'>Πατέρα</span> <span class='ocrx_word' id='word_1_294' title='bbox 744 2592 864 2660; x_wconf 71' lang='grc' dir='ltr'>ε”χων</span> <span class='ocrx_word' id='word_1_295' title='bbox 891 2594 939 2643; x_wconf 81' lang='grc' dir='ltr'>ἐν</span> <span class='ocrx_word' id='word_1_296' title='bbox 965 2595 1114 2662; x_wconf 71' lang='grc' dir='ltr'>ἑαυτῷ</span> <span class='ocrx_word' id='word_1_297' title='bbox 1146 2593 1425 2661; x_wconf 83' lang='grc' dir='ltr'>ὀφθήσεται,</span> <span class='ocrx_word' id='word_1_298' title='bbox 1453 2593 1581 2660; x_wconf 81' lang='grc' dir='ltr'>ε’ίπερ</span> <span class='ocrx_word' id='word_1_299' title='bbox 1618 2594 1743 2648; x_wconf 81' lang='grc' dir='ltr'>ὅλως</span> <span class='ocrx_word' id='word_1_300' title='bbox 1777 2592 1902 2645; x_wconf 81' lang='grc' dir='ltr'>ἐνδέ-</span> 
     </span>
     <span class='ocr_line' id='line_1_32' title="bbox 321 2674 1977 2744; baseline 0.002 -20"><span class='ocrx_word' id='word_1_301' title='bbox 321 2696 453 2739; x_wconf 90' lang='grc' dir='ltr'>χεται</span> <span class='ocrx_word' id='word_1_302' title='bbox 491 2675 602 2740; x_wconf 89' lang='grc' dir='ltr'>περί</span> <span class='ocrx_word' id='word_1_303' title='bbox 636 2698 679 2726; x_wconf 93' lang='grc' dir='ltr'>τι</span> <span class='ocrx_word' id='word_1_304' title='bbox 716 2679 811 2726; x_wconf 81' lang='grc' dir='ltr'>τῶν</span> <span class='ocrx_word' id='word_1_305' title='bbox 844 2674 993 2726; x_wconf 78' lang='grc' dir='ltr'>ὄντων</span> <span class='ocrx_word' id='word_1_306' title='bbox 1024 2676 1226 2741; x_wconf 81' lang='grc' dir='ltr'>ἐνεργεῖν</span> <span class='ocrx_word' id='word_1_307' title='bbox 1261 2675 1350 2726; x_wconf 77' lang='grc' dir='ltr'>ἀνὰ</span> <span class='ocrx_word' id='word_1_308' title='bbox 1384 2675 1523 2742; x_wconf 90' lang='grc' dir='ltr'>μέρος</span> <span class='ocrx_word' id='word_1_309' title='bbox 1558 2679 1634 2727; x_wconf 84' lang='grc' dir='ltr'>καὶ</span> <span class='ocrx_word' id='word_1_310' title='bbox 1670 2699 1902 2744; x_wconf 88' lang='grc' dir='ltr'>κεχωρισ-</span> <span class='ocrx_word' id='word_1_311' title='bbox 1926 2696 1977 2732; x_wconf 83' lang='lat'>30</span> 
     </span>
     <span class='ocr_line' id='line_1_33' title="bbox 277 2755 1908 2825; baseline 0.006 -23"><span class='ocrx_word' id='word_1_312' title='bbox 277 2755 470 2818; x_wconf 72' lang='grc' dir='ltr'>1)μένως</span> <span class='ocrx_word' id='word_1_313' title='bbox 508 2756 739 2824; x_wconf 86' lang='grc' dir='ltr'>ἑκάτερον,</span> <span class='ocrx_word' id='word_1_314' title='bbox 779 2757 991 2825; x_wconf 89' lang='grc' dir='ltr'>καθάπερ</span> <span class='ocrx_word' id='word_1_315' title='bbox 1036 2757 1125 2822; x_wconf 75' lang='grc' dir='ltr'>ἤδη</span> <span class='ocrx_word' id='word_1_316' title='bbox 1164 2759 1461 2824; x_wconf 80' lang='grc' dir='ltr'>προείπομεν,</span> <span class='ocrx_word' id='word_1_317' title='bbox 1502 2761 1577 2810; x_wconf 81' lang='grc' dir='ltr'>καὶ</span> <span class='ocrx_word' id='word_1_318' title='bbox 1625 2759 1678 2809; x_wconf 83' lang='grc' dir='ltr'>οὐ</span> <span class='ocrx_word' id='word_1_319' title='bbox 1721 2757 1908 2813; x_wconf 83' lang='grc' dir='ltr'>πάντως</span> 
     </span>
    </p>
   </div>
   <div class='ocr_carea' id='block_1_4' title="bbox 370 2900 1908 2957">
    <p class='ocr_par' dir='ltr' id='par_1_4' title="bbox 370 2900 1908 2957">
     <span class='ocr_line' id='line_1_34' title="bbox 370 2900 1908 2957; baseline 0.003 -23"><span class='ocrx_word' id='word_1_320' title='bbox 370 2911 400 2934; x_wconf 84' lang='grc'>2.</span> <span class='ocrx_word' id='word_1_321' title='bbox 427 2900 551 2947; x_wconf 79' lang='grc' dir='ltr'>δήπου]</span> <span class='ocrx_word' id='word_1_322' title='bbox 572 2916 638 2937; x_wconf 91' lang='grc' dir='ltr'>που</span> <span class='ocrx_word' id='word_1_323' title='bbox 658 2902 700 2937; x_wconf 89' lang='grc' dir='ltr'>Β.</span> <span class='ocrx_word' id='word_1_324' title='bbox 859 2914 892 2948; x_wconf 83' lang='grc'>3.</span> <span class='ocrx_word' id='word_1_325' title='bbox 919 2904 972 2937; x_wconf 84' lang='grc' dir='ltr'>καὶ</span> <span class='ocrx_word' id='word_1_326' title='bbox 989 2904 1048 2938; x_wconf 79' lang='lat' dir='ltr'><strong>alt.</strong></span> <span class='ocrx_word' id='word_1_327' title='bbox 1066 2909 1289 2949; x_wconf 83' lang='lat' dir='ltr'><strong>assumptum</strong></span> <span class='ocrx_word' id='word_1_328' title='bbox 1308 2915 1347 2937; x_wconf 87' lang='lat' dir='ltr'>ex</span> <span class='ocrx_word' id='word_1_329' title='bbox 1369 2903 1410 2938; x_wconf 83' lang='lat' dir='ltr'>B.</span> <span class='ocrx_word' id='word_1_330' title='bbox 1567 2915 1625 2957; x_wconf 61' lang='grc' dir='ltr'>Ἰ4.</span> <span class='ocrx_word' id='word_1_331' title='bbox 1652 2903 1748 2950; x_wconf 84' lang='grc' dir='ltr'>λέγοι</span> <span class='ocrx_word' id='word_1_332' title='bbox 1767 2904 1908 2939; x_wconf 84' lang='lat' dir='ltr'><strong>B.D.E.</strong></span> 
     </span>
    </p>
   </div>
   <div class='ocr_carea' id='block_1_5' title="bbox 319 2947 1906 3041">
    <p class='ocr_par' dir='ltr' id='par_1_5' title="bbox 319 2947 1906 3041">
     <span class='ocr_line' id='line_1_35' title="bbox 319 2947 1906 2995; baseline 0.004 -15"><span class='ocrx_word' id='word_1_333' title='bbox 319 2947 412 2992; x_wconf 76' lang='grc' dir='ltr'>λέγει</span> <span class='ocrx_word' id='word_1_334' title='bbox 432 2947 498 2982; x_wconf 85' lang='lat' dir='ltr'>Ed.</span> <span class='ocrx_word' id='word_1_335' title='bbox 690 2960 744 2984; x_wconf 87' lang='lat'>22.</span> <span class='ocrx_word' id='word_1_336' title='bbox 770 2949 864 2995; x_wconf 84' lang='grc' dir='ltr'>περὶ]</span> <span class='ocrx_word' id='word_1_337' title='bbox 883 2949 970 2995; x_wconf 78' lang='grc' dir='ltr'>πέρα</span> <span class='ocrx_word' id='word_1_338' title='bbox 989 2950 1031 2985; x_wconf 89' lang='grc' dir='ltr'>Β.</span> <span class='ocrx_word' id='word_1_339' title='bbox 1223 2951 1279 2985; x_wconf 85' lang='grc'>28.</span> <span class='ocrx_word' id='word_1_340' title='bbox 1305 2952 1426 2995; x_wconf 84' lang='grc' dir='ltr'>ὁμοίως</span> <span class='ocrx_word' id='word_1_341' title='bbox 1444 2952 1462 2984; x_wconf 82' lang='grc' dir='ltr'>ὁ</span> <span class='ocrx_word' id='word_1_342' title='bbox 1480 2951 1550 2987; x_wconf 83' lang='grc' dir='ltr'>υἱὸς</span> <span class='ocrx_word' id='word_1_343' title='bbox 1567 2963 1705 2987; x_wconf 86' lang='lat' dir='ltr'>lnverso</span> <span class='ocrx_word' id='word_1_344' title='bbox 1722 2950 1844 2986; x_wconf 88' lang='lat' dir='ltr'>ordine</span> <span class='ocrx_word' id='word_1_345' title='bbox 1864 2951 1906 2986; x_wconf 88' lang='lat' dir='ltr'>B.</span> 
     </span>
     <span class='ocr_line' id='line_1_36' title="bbox 321 2993 710 3041; baseline 0.01 -14"><span class='ocrx_word' id='word_1_346' title='bbox 321 3004 377 3038; x_wconf 89' lang='lat'>2).</span> <span class='ocrx_word' id='word_1_347' title='bbox 404 2993 438 3028; x_wconf 76' lang='grc' dir='ltr'>ἐν</span> <span class='ocrx_word' id='word_1_348' title='bbox 456 2995 560 3041; x_wconf 78' lang='grc' dir='ltr'>ἑαυτῷ</span> <span class='ocrx_word' id='word_1_349' title='bbox 580 3007 648 3030; x_wconf 85' lang='lat' dir='ltr'>om.</span> <span class='ocrx_word' id='word_1_350' title='bbox 669 2995 710 3031; x_wconf 82' lang='lat' dir='ltr'>B.</span> 
     </span>
    </p>
   </div>
   <div class='ocr_carea' id='block_1_6' title="bbox 2053 1886 2073 3199">
    <p class='ocr_par' dir='ltr' id='par_1_6' title="bbox 2053 1886 2073 3199">
     <span class='ocr_line' id='line_1_37' title="bbox 2053 1886 2073 3199; baseline 0 0"><span class='ocrx_word' id='word_1_351' title='bbox 2053 1886 2073 3199; x_wconf 95' lang='lat' dir='ltr'> </span> 
     </span>
    </p>
   </div>
  </div>
 </body>
</html>
