2021 3296
94 153 120 194 i.
146 167 178 195 1.
361 156 433 196 IN
477 156 518 197 S.
553 157 888 199 JOANNEM.
951 157 1074 198 LIB.
1108 157 1144 199 Ι.
1206 158 1340 199 ΟΑΡ.
1375 159 1409 199 Ι.
1627 161 1677 200 17

630 311 703 353 Ἐν
733 313 834 365 ἀρχῇ
865 311 914 362 ἣν
945 313 965 350 ὁ
998 312 1137 363 Λόγος.
1698 326 1720 351 e

165 419 265 481 Τῆς
300 419 448 486 ἀρχῆς
482 418 614 470 οὐδέν
645 442 690 470 τι
725 420 828 469 ἐστὶ
862 416 1201 485 πρεσβύτερον,
1229 417 1356 484 εἴπερ
1391 418 1489 484 ἔχοι
1525 416 1676 484 σωζό-

90 521 232 562 μενον
256 498 329 568 ἐφ’
357 500 498 568 ἑαυτῇ
532 499 615 551 τὸν
644 503 726 564 τῆς
761 501 910 567 ἀρχῆς
946 499 1074 566 ὅρον·
1130 498 1253 567 ἀρχὴ
1288 498 1383 565 γὰρ
1418 500 1565 566 ἀρχῆς
1601 500 1684 549 οὐκ

91 578 149 631 ἂν
181 579 248 644 εἴη
279 581 406 632 ποτέ·
447 580 476 647 ὴ
507 581 696 636 πάντως
734 580 988 646 ἐκβήσεται
1025 587 1108 632 τοῦ
1147 579 1262 632 εἶναι
1300 579 1420 632 κατὰ
1458 579 1684 644 ἀλήθειαν

51 683 73 721 5
92 660 228 729 ἀρχὴ,
243 664 665 728 προεπινοουμένου
690 663 814 718 τινὸς
840 662 996 730 ἑτέρου
1023 667 1098 714 καὶ
1123 663 1501 729 προανίσχοντος
1528 663 1682 726 αὐτῆς·

91 743 255 797 ἄλλως
289 767 339 795 τε
375 749 412 796 εἰ
448 745 684 814 ἐνδέχεταί
713 769 758 797 τι
793 744 1116 812 προυπάρχειν
1141 747 1225 808 τῆς
1252 744 1397 798 ὅντως
1425 746 1585 811 ἀρχῆς,
1613 744 1681 794 ἐπ’

92 825 284 892 ἄπειρον
313 826 423 891 ἡμῖν
450 829 474 878 ὁ
509 829 614 894 περὶ
649 828 791 892 αὐτῆς
826 827 1071 895 οἰχήσεται
1102 826 1262 893 λόγος,
1289 829 1357 877 ἀεὶ
1385 836 1679 892 προανατελ-

92 906 274 972 λούσης
310 908 481 975 ἑτερας,
510 912 585 960 καὶ
621 910 838 976 δευτέραν
865 909 1225 977 ἀποφαινούσης
1261 907 1347 972 τὴν
1374 909 1446 977 ἐφ’
1475 907 1595 976 ᾗπερ
1627 906 1685 959 ἀν
1704 934 1725 957 a
1798 924 1841 958 11
1857 923 1908 956 Α.

90 988 119 1052 ἡ
157 990 265 1056 παρ’
295 990 427 1054 ἡμῶν
461 991 643 1056 γένοιτο
683 989 890 1056 ζήτησις.
938 992 1105 1042 οὐκοῦν
1136 988 1258 1058 ἀρχὴ
1299 988 1382 1053 μὲν
1416 992 1564 1057 ἀρχῆς
1604 991 1686 1041 οὐκ

27 1095 75 1121 10
93 1070 242 1135 ἔσται,
281 1072 402 1124 κατὰ
441 1073 524 1125 τὸν
561 1075 734 1140 ἀκριβῆ
773 1096 823 1125 τε
863 1075 938 1124 καὶ
977 1075 1133 1137 ἀληθῆ
1179 1071 1433 1138 λογισμὸν,
1473 1073 1584 1123 ἀλλ’
1625 1076 1688 1126 εἰς

93 1151 333 1220 ἀμήρυτον
361 1154 447 1218 μέν
473 1178 517 1206 τι
543 1158 618 1206 καὶ
650 1155 990 1219 ἀκατάληπτον
1017 1156 1041 1205 ὁ
1076 1156 1181 1221 περὶ
1216 1155 1356 1217 αὐτῆς
1392 1154 1686 1219 ἀποδημήσει

93 1232 256 1300 λόγος.
310 1235 449 1291 τέλος
475 1236 523 1288 δὲ
549 1238 633 1288 οὐκ
659 1237 862 1305 ἐχούσης
887 1239 970 1302 τῆς
993 1239 1062 1288 ἀεὶ
1088 1235 1207 1303 πρὸς
1233 1235 1287 1287 τὸ
1319 1237 1485 1288 ἄνοπιν
1512 1239 1684 1304 φυγῆς,

94 1318 171 1367 καὶ
221 1316 274 1368 τὸ
319 1322 414 1369 τῶν
461 1318 643 1370 αἰώνων
689 1319 1027 1388 ἀναφοιτώσης
1076 1318 1259 1385 μέτρον,
1305 1318 1388 1369 οὐκ
1439 1319 1487 1368 ἐν
1532 1316 1687 1386 χρόνῳ

94 1397 302 1464 γεγονὼς
341 1400 366 1451 ὃ
404 1399 534 1464 Υἱὸς,
570 1401 726 1455 ἀϊδίως
765 1401 814 1452 δὲ
852 1406 1044 1465 μᾶλλον
1079 1399 1303 1469 ὑπάρχων
1338 1398 1456 1463 μετὰ
1497 1398 1689 1465 Πατρὸς

29 1497 76 1536 15
95 1479 406 1546 εὑρεθήσεται·
455 1478 498 1542 ἧν
527 1481 621 1548 γὰρ
658 1484 695 1534 ὲν
727 1486 856 1556 ἀρχῇ·
906 1486 944 1533 εἰ
983 1480 1033 1532 δὲ
1070 1480 1128 1545 ἧν
1163 1483 1211 1532 ἐν
1245 1483 1381 1549 ἀρχῇ,
1414 1486 1559 1543 ποῖος,
1592 1480 1694 1532 εἶπέ

94 1584 187 1625 μοι,
226 1561 477 1628 δυνήσεται
515 1569 636 1627 νοῦς,
675 1563 760 1628 τὴν
798 1570 881 1615 τοῦ
926 1561 967 1624 ἧν
1008 1564 1415 1630 ὑπερανίπτασθαι
1454 1563 1681 1626 δύναμινς

93 1640 209 1694 πότε
235 1644 283 1694 δὲ
309 1644 433 1699 ὅλως
459 1644 513 1696 τὸ
540 1641 582 1705 ἧν
603 1648 665 1699 ὡς
692 1647 741 1696 ἐν
762 1643 886 1696 τέλει
913 1644 1158 1710 στήσεται,
1175 1643 1526 1712 προανατρέχον
1551 1645 1590 1692 τ’
1619 1646 1687 1695 ἀεὶ
1706 1649 1734 1690 b

94 1730 178 1776 τοῦ
223 1725 471 1781 διώκοντος
512 1733 769 1793 λογισμοῦ,
809 1729 884 1777 καὶ
923 1729 1006 1791 τῆς
1044 1727 1270 1790 ἑπομένης
1309 1727 1435 1795 αὐτῷ
1472 1749 1685 1792 προανα-

93 1809 257 1870 πηδῶν
282 1809 459 1862 ἐννοίας
481 1830 493 1871 3
537 1810 612 1860 ἐπὶ
637 1808 788 1878 τούτῳ
814 1807 869 1873 δὴ
898 1808 989 1874 ἄρα
1014 1807 1469 1873 καταπεπληγμένος
1504 1810 1528 1859 ὁ
1563 1831 1682 1874 προ·

32 1911 81 1936 20
96 1888 250 1957 φήτης
282 1891 435 1959 φησὶν
459 1889 670 1944 (Ησαΐας
699 1897 726 1920 “
746 1889 850 1955 Τὴν
885 1889 1051 1957 γενεὰν
1085 1891 1228 1941 αὐτοῦ
1267 1893 1335 1943 τίς
1375 1889 1683 1956 διηγήσεται,
1752 1895 1806 1967 {³-
1826 1894 1884 1924 1ῑῦ-

96 1976 126 2000 “
150 1969 222 2022 ὅτι
248 1971 424 2038 αἴρεται
450 1970 544 2024 ἀπὸ
571 1975 653 2037 τῆς
686 1975 774 2039 γῆς
809 1973 836 2037 ἡ
874 1971 965 2039 ζωὴ
993 1973 1181 2023 αὐτοῦ·”
1223 1971 1400 2039 αἴρεται
1425 1971 1519 2039 γὰρ
1544 1971 1690 2026 ὅντως

97 2051 190 2104 ἀπὸ
223 2056 307 2118 τῆς
339 2056 427 2120 γῆς
462 2055 486 2105 ὁ
521 2055 627 2121 περὶ
661 2057 744 2119 τῆς
780 2053 1046 2120 γεννήσεως
1081 2052 1229 2120 λόγος
1255 2059 1339 2105 τοῦ
1367 2058 1688 2119 Μονογενοῦς,

96 2133 354 2199 τουτέστιν,
393 2134 510 2203 ὑπὲρ
553 2135 719 2187 πᾶσάν
763 2138 867 2187 ἐστι
913 2135 1120 2187 διάνοιαν
1166 2140 1262 2186 τῶν
1305 2135 1454 2187 ὄντων
1491 2137 1565 2187 ἐπὶ
1610 2138 1692 2200 τῆς

97 2218 200 2283 γῆς,
226 2219 302 2268 καὶ
337 2217 453 2284 ὑπὲρ
486 2217 644 2269 πάντα
679 2218 844 2284 λόγον,
871 2220 934 2272 ὡς
967 2216 1082 2269 εἶναι
1108 2217 1278 2269 λοιπὸν
1304 2217 1611 2286 ἀνεξήγητον·
1653 2222 1690 2268 εἰ

34 2310 82 2349 25
99 2297 147 2349 δὲ
186 2297 302 2366 ὑπὲρ
345 2305 454 2351 νοῦν
491 2302 595 2351 ἐστι
640 2303 716 2351 καὶ
763 2299 938 2366 λόγους
981 2297 1089 2354 τοὺς
1129 2301 1178 2350 ἐν
1218 2300 1340 2363 ἡμῖν,
1380 2304 1480 2353 πῶς
1524 2298 1582 2349 ἂν
1622 2299 1689 2363 εἰἠ
1710 2323 1732 2348 c

97 2379 305 2446 γενητὸς,
331 2382 412 2433 οὐκ
439 2381 702 2447 ἀτονούσης
728 2385 811 2446 τῆς
837 2382 1034 2447 ἐνούσης
1061 2382 1170 2446 ἡμῖν
1197 2383 1401 2435 διανοίας
1427 2383 1503 2432 καὶ
1533 2379 1690 2450 χρόνῳ

98 2463 175 2514 καὶ
200 2461 335 2533 λόγῳ
360 2463 632 2531 περιορῖζειν
658 2463 717 2515 τὰ
743 2463 918 2530 γενητά
938 2487 952 2527 3
1116 2461 1118 2463 θ

148 2604 182 2629 2.
206 2609 239 2629 τι
257 2594 332 2629 ἐστι
350 2595 458 2630 Euth.
484 2595 560 2630 ἐστὶ
577 2596 615 2629 τὸ
634 2595 702 2630 Ed.
769 2595 897 2630 Statim
914 2595 1152 2641 πρεσβύτερον
1170 2595 1212 2629 B.
1233 2594 1340 2629 Euth.
1367 2592 1605 2638 πρεσβύτατον
1623 2592 1691 2627 Ed.

99 2640 171 2686 ἔχει
189 2641 298 2675 Euth.
483 2654 516 2685 4.
540 2643 600 2677 τοῦ
621 2642 663 2677 Β.
683 2642 791 2677 Euth.
810 2643 848 2677 τὸ
868 2642 935 2677 Ed.
1117 2642 1150 2675 6.
1177 2642 1223 2677 εἷς
1240 2653 1303 2687 pro
1321 2640 1371 2675 ἐπ’
1392 2641 1435 2674 Β.
1453 2640 1563 2674 invito
1582 2639 1690 2674 Euth.

101 2699 135 2732 9.
159 2687 295 2734 γένηται
313 2687 421 2723 Euth.
666 2701 718 2723 ΙΙ.
742 2688 804 2733 μέν
820 2704 852 2723 τι
871 2689 964 2724 D.E.
982 2689 1044 2734 μέν
1060 2704 1111 2723 τοι
1132 2689 1198 2722 Ed.
1265 2687 1442 2721 Neutrum
1459 2686 1565 2721 habet
1582 2686 1692 2721 Euth.

100 2734 332 2778 ἆκατάληκτον
349 2735 458 2770 Euth.
674 2746 726 2770 12.
753 2736 789 2770 δέ
807 2737 925 2781 ὥσπερ
943 2737 1002 2770 οὐκ
1020 2735 1167 2781 ἐχούσης
1185 2737 1243 2779 τῆς
1260 2735 1310 2768 ἀεὶ
1327 2737 1413 2778 πρὸς
1429 2734 1468 2768 τὸ
1485 2733 1537 2767 ἀεὶ
1552 2734 1637 2778 πρὸς
1654 2734 1693 2767 τὸ

100 2780 273 2825 ἅνοιειπῆν
290 2780 370 2826 (sic)
388 2783 502 2827 φυγῆς
520 2782 562 2816 Β.
872 2795 926 2825 14.
952 2783 988 2817 δέ
1006 2795 1076 2817 om.
1098 2782 1137 2815 B.
1157 2782 1261 2816 habet
1279 2780 1388 2815 Euth.
1451 2779 1552 2826 μετὰ]
1576 2784 1613 2820 -1-
1634 2783 1694 2814 τοῦ

102 2826 211 2862 Euth.
321 2828 375 2862 16.
401 2826 456 2874 ἦν]
477 2829 592 2874 κυρίου
610 2828 718 2863 Euth.
769 2829 1060 2874 ὖπεριινίπτασθαι
1079 2829 1167 2862 Β.Ε.
1189 2827 1296 2862 Euth.
1317 2827 1451 2871 Migne.
1468 2827 1693 2871 ὑπερανίστα-

103 2874 184 2908 σθαι
202 2873 270 2908 Ed.
418 2884 469 2920 17.
494 2875 749 2921 προανατρέχον
766 2874 793 2909 τ’
814 2876 855 2910 Ε.
874 2876 1128 2921 προανατρέχον
1148 2875 1189 2908 Β.
1210 2874 1318 2908 Euth.
1335 2874 1468 2919 Migne.
1485 2873 1692 2919 προανατρέ-

102 2935 223 3002 χονῖς
242 2921 288 3002 ξι).
307 2920 374 2956 Ed.
524 2923 575 2957 18.
599 2922 845 2967 προαναποδῶν
863 2923 904 2956 Ε.
1058 2934 1109 2967 19.
1137 2921 1191 2955 ἐπὶ
1209 2924 1308 2956 τοῦτο
1329 2921 1369 2954 Β.
1517 2930 1570 2965 25.
1599 2919 1692 2964 ἐστι]

103 2968 152 3002 ἔτι
203 2974 241 3002 ut
271 2994 278 3002 .

164 3034 254 3062 VOL.
279 3036 305 3062 Ι.
888 3037 915 3063 D
