2073 3296
144 1133 199 1167 33
219 1132 270 1166 A.

144 1181 239 1212 Infra

145 1235 175 1256 x·
193 1234 243 1264 33-

372 197 427 236 50
774 195 824 235 Β.
858 194 1131 235 CYRILLI
1172 192 1551 235 ALEXANDR.
1862 189 1891 231 i.
1915 202 1954 231 2.

372 303 534 370 ζεσθαι
570 309 652 355 τοῦ
689 302 755 367 μὴ
793 301 966 356 εἰδότος
1003 301 1164 366 αὐτήν.
1218 300 1337 368 πρὸς
1375 301 1456 352 οὖν
1486 300 1570 356 τὰς
1607 299 1823 353 τοιαύτας
1860 301 1955 349 τῶν

331 404 354 432 e
370 385 608 436 Ἰουδαίων
631 384 852 437 ἀπονοίας
877 382 1272 448 ἀπολογούμενος,
1298 382 1455 434 πάντα
1479 381 1564 446 μὲν
1588 383 1779 450 ὑφαιρεῖ
1799 377 1930 431 τὸν’
1908 402 1956 430 εν

369 471 466 520 τοῖς
491 464 672 533 ῥήμασι
699 464 896 529 κόμπον,
924 464 1180 533 ὑφειμενως
1206 462 1256 514 δὲ
1282 486 1357 515 και
1383 464 1437 514 οὐ
1462 467 1641 530 τρανῶς
1665 460 1957 514 ἐκδιδάσκειν

367 548 605 610 βούλεται,
633 550 696 601 ὡς
730 547 812 597 οὐκ
848 546 905 596 ἄν
931 568 976 596 τι
1009 544 1141 612 παρὰ
1176 544 1231 596 τὸ
1267 549 1434 597 δοκοῦν
1464 543 1719 612 ἐργασαιτο
1754 546 1821 612 τῷ
1847 544 1957 611 Θεῶ

1975 640 1997 678 &1

367 630 444 680 καὶ
472 629 688 695 Πατρι,
670 651 694 679 ο
721 626 787 691 μὴ
814 626 945 681 εἰδὼς
971 627 1204 692 ἁμαρτίαν
1229 625 1360 681 Υἱός·
1406 627 1481 678 ἵνα
1507 625 1556 677 δὲ
1580 625 1644 690 μὴ
1670 624 1955 691 γυμνότερον

368 710 524 776 λέγων
549 708 813 776 Ἀμαρτίαν
848 709 931 759 οὐκ
965 706 1081 770 οῖδα,
1108 708 1378 776 παροτρύνῃ
1415 706 1564 760 πάλιν
1597 705 1763 760 αὐτοὺς
1801 709 1864 759 εἰς
1900 703 1955 756 τὸ

368 790 640 842 καταλεύειν
678 790 836 842 αὐτόν.
908 788 937 854 ἢ
983 788 1079 856 γὰρ
1121 787 1179 840 ἂν
1219 789 1353 844 εὐθὺς
1396 789 1660 856 ἀναζεόντες
1701 791 1764 842 εἰς
1809 786 1956 853 ὀργὰς

366 871 611 937 ἐπεπήδων
636 872 856 938 λέγοντες
883 873 992 940 Θεῷ
1018 871 1148 940 μόνῳ
1179 869 1233 922 τὸ
1263 869 1329 935 μὴ
1360 869 1642 937 ἁμαρτάνειν
1668 872 1849 920 οἰκεῖον·
1891 868 1956 920 σὺ

366 952 416 1005 δὲ
452 954 699 1021 ἅνθρωπος
733 951 818 1018 ὧν,
854 951 919 1018 μὴ
954 951 1094 1004 λάλει
1127 951 1188 1004 τὰ
1221 952 1350 1023 μόνῳ
1384 952 1624 1019 πρέποντα
1656 955 1782 1021 Θεῷ·
1838 949 1863 1001 ὃ
1897 949 1955 1014 δὴ
2069 1013 2071 1022 Α

367 1037 443 1087 καὶ
469 1036 661 1102 ἑτέρωθί
682 1058 775 1086 που
799 1033 1090 1102 πεπράχασι,
1112 1035 1332 1100 λέγοντες
1357 1033 1564 1100 λιθάζειν
1588 1032 1730 1085 αὐτὸν
1755 1032 1955 1096 εἰκότως,
1979 1056 2026 1082 10
2069 1052 2071 1094 j

327 1140 351 1166 a
369 1117 528 1185 ὅτιπερ
567 1118 814 1184 ἄνθρωπος
850 1115 930 1180 ὧν,
956 1115 1119 1168 ἑαυτὸν
1144 1120 1271 1168 ποιεῖ
1293 1114 1430 1167 Θεόν·
1482 1114 1892 1182 περιεσταλμένως
1930 1115 1956 1164 ὁ

369 1198 552 1266 Σωτὴρ,
593 1197 674 1250 ἅτε
713 1198 770 1263 δὴ
809 1200 884 1249 καὶ
923 1198 1173 1265 ἅνθρωπος
1210 1196 1416 1265 γεγονὼς
1458 1199 1535 1248 καὶ
1583 1199 1645 1250 ὡς
1683 1195 1772 1248 ὑπὸ
1811 1195 1956 1261 νόμον

365 1279 484 1345 μετὰ
525 1284 620 1332 τῶν
659 1279 749 1332 ὑπὸ
789 1279 944 1344 νόμον,
985 1279 1068 1331 τὸν
1106 1279 1254 1346 λόγον
1291 1279 1381 1349 ἔφη
1424 1283 1579 1346 τηρεῖν
1620 1283 1704 1329 τοῦ
1749 1278 1954 1344 Πατρός,

365 1365 618 1430 μονονουχὶ
645 1361 802 1428 λέγων
829 1363 1057 1426 Οὑδαμοῦ
1083 1360 1137 1413 τὸ
1163 1367 1246 1413 τοῦ
1275 1360 1465 1427 Πατρὸς
1491 1361 1676 1426 θέλημα
1705 1360 1952 1427 παρεκβή-

365 1462 526 1508 σομαι·
582 1445 631 1494 ἐν
669 1442 763 1510 γὰρ
801 1448 868 1513 τῷ
907 1443 990 1494 τὸν
1028 1446 1152 1494 θεῖον
1187 1443 1466 1512 ἐξερχεσθαι
1505 1442 1648 1507 νόμον
1681 1442 1710 1506 ἡ
1750 1442 1956 1508 ἁμαρτία
1978 1462 2024 1500 15
2067 1454 2070 1481 ¹

365 1526 556 1592 γίνεται,
595 1523 688 1591 ἐγὼ
735 1524 783 1576 δὲ
824 1524 1057 1592 ἁμαρτίαν
1095 1526 1177 1576 οὐκ
1223 1523 1340 1588 οῖδα,
1380 1523 1498 1576 κατὰ
1543 1524 1692 1593 φύσιν
1730 1523 1956 1592 ὑπάρχων

366 1606 503 1662 Θεός·
558 1608 726 1659 οὐκοῦν
757 1605 997 1658 διδάσκων
1032 1607 1085 1658 οὐ
1119 1611 1256 1658 λυπῶ
1290 1605 1373 1657 τὸν
1399 1605 1605 1672 Πατέρα.
1657 1604 1827 1657 λοιπὸν
1853 1608 1952 1657 ε’πι-

365 1689 544 1754 τιμάτω
569 1691 727 1754 μηδεὶς
755 1693 821 1759 τῷ
847 1687 968 1740 κατὰ
995 1688 1144 1757 φύσιν
1169 1688 1254 1753 μὲν
1280 1689 1522 1756 νομοθέτῃ,
1549 1687 1626 1739 διὰ
1651 1686 1701 1738 δὲ
1726 1686 1812 1752 τὴν
1835 1686 1955 1754 πρὸς

321 1772 487 1835 ὴήμᾶς
524 1771 752 1835 ὁμοίωσιν
786 1770 1097 1839 νομοφύλακι.
1153 1770 1318 1821 εἰδέναι
1358 1769 1407 1821 δὲ
1445 1768 1528 1821 τὸν
1555 1769 1748 1836 Πατέρα
1783 1771 1951 1838 φησὶν,

367 1853 454 1920 οὐχ
493 1854 659 1906 ἁπλῶς
704 1851 915 1919 καθάπερ
961 1852 1102 1916 ἡμεῖς,
1141 1850 1526 1918 ἀπεριεργότερον
1564 1850 1614 1902 δὲ
1658 1851 1772 1902 αὐτὸ
1815 1857 1954 1903 τοῦτο
1977 1876 2025 1900 20
2066 1851 2069 1869 ⁵

366 1933 526 1998 μόνον,
565 1933 724 2001 ὅτιπερ
762 1934 831 1999 ε’ίη
871 1933 1010 1996 Θεὸς,
1051 1934 1161 1984 ἀλλ’
1204 1933 1261 2003 ἐξ
1298 1932 1363 1985 ὧν
1400 1933 1531 1984 ἔστιν
1569 1932 1708 1987 αὐτὸς
1748 1932 1835 1997 τὴν
1872 1939 1955 1985 τοῦ

370 2015 560 2083 Πατρὸς
587 2015 736 2085 φύσιν
763 2015 1091 2083 διισχυρίζεται
1117 2021 1252 2067 νοεῖν.
1308 2015 1462 2080 ἐπειδὴ
1490 2014 1538 2066 δὲ
1564 2013 1686 2066 οἶδεν
1713 2016 1956 2080 ὑπομένειν

368 2098 452 2149 οὐκ
477 2095 631 2150 εἰδότα
655 2097 835 2165 τροπὴν
860 2097 943 2149 τὸν
968 2097 1278 2164 γεννήσαντα,
1305 2095 1398 2148 οἶδε
1430 2096 1650 2161 δηλονότι
1682 2099 1758 2148 καὶ
1792 2096 1956 2149 ἑαυτὸν

368 2179 600 2245 ἄτρεπτον
625 2179 682 2248 ἐξ
712 2180 944 2245 ἀτρέπτου
973 2178 1180 2246 Πατρός·
1222 2178 1276 2231 τὸ
1308 2179 1357 2230 δὲ
1382 2178 1562 2246 τροπὴν
1589 2179 1672 2230 οὐκ
1697 2178 1829 2242 εἰδὸς,
1855 2183 1957 2233 πῶς

369 2260 427 2312 ἂν
452 2260 641 2328 λέγοιτό
667 2283 711 2312 τι
738 2262 813 2311 καὶ
840 2259 1134 2327 ἁμαρτάνειν,
1161 2263 1238 2313 καὶ
1262 2262 1365 2328 οὐχὶ
1393 2265 1584 2325 μᾶλλον
1610 2259 1883 2326 ἀκλονήτως
1908 2261 1957 2312 ἐν
1977 2284 2025 2322 25
2064 2268 2073 2364 Ι

2064 2372 2073 2447 fi

370 2505 630 2574 τηγόρημα,
657 2505 787 2572 παρὰ
817 2504 903 2570 τὴν
927 2511 1010 2557 τοῦ
1038 2505 1228 2573 Πατρὸς
1252 2504 1492 2570 βούλησιν
1517 2505 1672 2571 ἕτερόν
1697 2529 1741 2556 τι
1768 2509 1957 2573 φρονεῖν
2063 2507 2067 2575 J

369 2347 465 2397 τοῖς
493 2343 622 2397 ἰδίοις
647 2341 841 2393 ἑστάναι
867 2347 1086 2412 φυσικοῖς
1112 2341 1552 2407 πλεονεκτήμασιν;

332 2443 354 2469 0
446 2428 638 2475 Εἰκαῖον
664 2424 746 2475 οὖν
770 2423 862 2491 ἄρα
895 2428 990 2475 τῶν
1013 2423 1251 2476 Ἰουδαίων
1276 2424 1330 2475 τὸ
1367 2424 1589 2491 φρόνημα
1621 2424 1767 2490 ἤγουν
1793 2423 1847 2475 τὸ
1874 2446 1956 2475 κα-

370 2587 593 2652 οἰομένων
612 2585 696 2638 τὸν
713 2587 846 2638 Υὶόν·
883 2592 1016 2653 τηρεῖ
1036 2586 1142 2654 γὰρ,
1170 2585 1233 2641 ὥς
1259 2591 1396 2655 φησι,
1417 2586 1499 2637 τὸν
1525 2586 1673 2652 λόγον
1699 2588 1855 2650 αὑτοῦ,
1883 2590 1958 2639 καὶ

370 2670 534 2736 ἀγνοεῖ
561 2668 616 2721 τὸ
652 2667 935 2736 ἁμαρτάνειν
961 2672 1188 2739 φυσικῶς·
1228 2666 1321 2720 οἶδε
1357 2667 1450 2735 γὰρ
1485 2667 1568 2719 τὸν
1596 2670 1788 2737 Πατέρα
1820 2676 1958 2722 τοῦτο
1980 2689 2030 2726 30
2062 2674 2066 2729 ξ

420 2848 516 2901 3.οὐ
533 2846 676 2893 τρανῶς]
696 2848 810 2892 πράως
829 2848 870 2883 Β.
982 2859 1035 2891 14.
1062 2845 1208 2892 θέλημα]
1227 2847 1386 2892 βουλημα
1403 2847 1457 2881 καὶ
1474 2846 1603 2891 θέλημα
1622 2847 1664 2882 Β.
1774 2860 1828 2893 19.
1854 2848 1956 2895 ἡμᾶς]
2062 2835 2073 2896 ε

372 2893 457 2936 ὑμᾶς
476 2894 521 2926 D.
528 2894 568 2928 E.
753 2905 807 2930 20.
834 2895 870 2929 δέ
888 2895 968 2929 αὐτὸ
988 2895 1031 2929 Β.
1049 2895 1130 2929 αυτὸ
1147 2894 1186 2937 δὴ
1206 2893 1271 2929 Ed.
1455 2905 1510 2928 21.
1537 2894 1654 2938 ὅτιπερ
1673 2894 1715 2928 Β.
1735 2894 1871 2939 ἐπείπερ
1889 2895 1957 2931 Ed.
2070 2893 2073 2935 Ι

375 2948 430 2983 27.
458 2940 554 2974 Haec
571 2941 609 2974 τὸ
628 2942 818 2985 φρόνημα’
804 2943 906 2987 η’γουν
923 2947 1103 2986 assumpta
1121 2952 1161 2974 ex
1183 2941 1223 2974 B.
1394 2951 1449 2985 29.
1475 2942 1533 2975 τὸν
1549 2942 1655 2986 λόγον
1672 2940 1790 2986 αὐτοῦ]
1811 2942 1869 2977 τὸν
1886 2943 1958 2976 υἱὸν
2071 2947 2073 2952 ’

372 2986 474 3019 αὐτου
492 2988 564 3030 ἤτοι
581 2988 639 3021 τὸν
656 2989 761 3032 λόγον
780 2987 821 3022 Β.
