2084 3317
147 143 219 184 vii.
239 157 304 196 24.
372 144 445 185 IN
490 146 532 187 S.
567 147 904 192 JOANNEM.
968 153 1092 194 LIB.
1127 155 1204 196 IV.
1268 156 1400 198 CAP.
1425 159 1502 200 VI.
1650 162 1734 201 623

147 260 173 283 ‘⁶
199 254 497 308 κατάπαυσιν
523 259 679 323 αὐτοῦ,
708 263 784 312 καὶ
810 262 948 317 αὐτὸς
975 265 1272 317 κατέπαυσεν
1300 267 1394 319 ἀπὸ
1421 268 1614 320 πάντων
1639 275 1733 321 τῶν

145 341 171 365 “
196 336 348 402 ἔργων
373 339 528 402 αὐτοῦ,
556 341 768 409 καθάπερ
803 345 897 396 ἀπὸ
934 350 1028 397 τῶν
1055 348 1185 398 ἰδίων
1214 350 1239 399 6
1278 349 1446 402 3⁶69?
1500 349 1599 402 εἶτα
1632 357 1734 407 πῶς

140 418 349 469 ἐντεῦθεν
375 421 459 472 οὐκ
484 420 541 473 ἂν
565 424 654 523 ἤδη
681 425 852 477 λοιπὸν
878 428 1162 494 ὁμολογοῖτο
1195 436 1381 499 σαφῶς,
1409 431 1479 483 ὅτι
1505 432 1559 483 τὸ
1585 456 1731 485 κατα-

141 505 289 551 λῦσαι
323 501 482 554 πόνων
508 510 604 556 τῶν
630 508 698 558 ἐπ
726 507 878 574 ἔργοις
909 510 1111 575 δηλαδη,
1143 512 1490 578 σαββατισμὸν
1517 513 1612 566 οἶδε
1637 521 1732 567 τῶν

96 589 120 627 5
141 581 288 646 ἁγίων
312 584 337 633 6
364 591 483 649 νοῦς,
511 586 586 638 ότε
612 594 708 643 τοῖς
733 591 821 655 ἠδη
853 595 1274 659 προειργασμένοις
1311 597 1359 646 ἐν
1384 601 1503 648 τῶδε
1537 602 1603 648 τῶ
1640 599 1731 668 βίω

140 666 478 731 κατορθώμασι
523 669 577 720 τὸ
618 672 842 739 λαμπρὸν
880 679 975 725 τῶν
1014 677 1162 742 ἁγιων
1201 677 1486 746 ἐντρυφήσει
1531 684 1726 748 στῖφος,

138 748 247 797 καθ’
277 748 528 814 ὁμοιότητα
562 758 646 803 τοῦ
683 753 874 806 πάντων
901 761 1222 825 Δημιουργοῦ,
1250 761 1646 816 καταπαύσαντός
1677 786 1728 814 τε

137 831 212 878 καὶ
247 831 612 897 εὐφραινομένου
650 836 770 887 κατὰ
806 836 891 901 τὴν
917 838 1126 904 ἑβδόμην
1153 841 1340 907 ἡμέραν,
1367 841 1532 909 ὡσπερ
1565 845 1701 895 οὖν’
1678 869 1766 896 eva
1799 862 1885 896 426
1900 863 1954 900 A.

134 910 313 981 ,Βιβλίω
353 920 615 979 παροιμιῶν
653 918 680 980 ἡ
723 920 875 986 σοφια
914 923 1126 988 φησίίίν
1148 922 1279 989 Ἐγὼ
1317 924 1442 988 ήμην
1480 924 1510 993 ᾗ
1549 928 1726 993 προσέ-
1787 929 1929 1013 Ξέξζνῧο,

63 1009 113 1035 10
135 998 162 1021 ‘⁶
185 1015 332 1059 χαιρε,
362 997 470 1046 καθ’
499 998 675 1063 ἡμεραν
702 998 751 1050 δὲ
784 1001 1112 1070 ηὐφραινόμην
1137 1006 1186 1055 ἐν
1212 1006 1460 1076 προσώπω
1496 1009 1640 1059 αὐτοῦ
1676 1012 1724 1061 ἐν
1788 1025 1839 1055 31-

147 1077 322 1125 ίπαντὶ
358 1082 520 1147 καιρῶ,
549 1078 625 1130 ὅτε
660 1083 944 1149 ηὐφραινετο
979 1085 1065 1149 τὴν
1100 1088 1374 1152 οἷκουμενην
1407 1091 1720 1156 συντελέσας,

147 1158 260 1206 (και
298 1159 633 1229 ἐνηυφραίνετο
671 1164 721 1214 ἐν
760 1169 870 1218 υἱοῖς
911 1168 1221 1234 ἀνθρώπωνῗ
1276 1172 1460 1222 οὐκοῦν·
1504 1173 1724 1244 ἐπανήξω

129 1236 223 1304 γὰρ
275 1242 406 1295 αὖθις
455 1244 530 1293 ἐπὶ
574 1244 628 1295 τὸ
673 1246 730 1314 ἐξ
769 1249 933 1347 ἀρχης,
979 1253 1055 1301 καὶ
1099 1257 1181 1302 τοῦ
1225 1252 1402 1307 παντὸς
1448 1253 1599 1321 λόγου
1640 1258 1724 1309 τὸν

129 1320 316 1372 σκοπὸν
351 1324 680 1393 ἀναληψομαι·
730 1328 815 1392 τὴν
851 1331 1030 1382 ἄπονον
1067 1338 1162 1384 τῶν
1199 1335 1347 1401 ἁγιων
1381 1336 1501 1403 ζωὴν
1536 1362 1563 1402 η
1603 1340 1722 1390 κατὰ

60 1413 106 1451 15
129 1400 183 1453 τὸ
210 1403 517 1466 σάββατον’
491 1431 632 1474 αργια
658 1413 808 1475 δηλοῖ.
865 1436 1022 1466 παντα
1049 1415 1141 1482 γὰρ
1169 1418 1277 1485 δίχα
1303 1418 1451 1470 πόνου
1476 1419 1536 1471 τὰ
1562 1422 1721 1486 ἀγαθὰ

127 1484 227 1536 κατ’
267 1487 411 1538 ἐκεῖνο
453 1496 615 1555 καιροῦ
656 1498 752 1546 τοῖς
793 1495 941 1560 ἁγιοις
978 1499 1364 1564 χορηγηθήσεται
1402 1501 1533 1568 παρὰ
1573 1507 1714 1568 Θεοῦ,
1736 1515 1763 1557 b

126 1589 201 1618 και
241 1570 346 1620 οὕτε
385 1570 470 1636 τὴν
505 1574 764 1640 ἀρχεκακον
797 1578 1029 1645 ἁμαρτιαν
1062 1581 1366 1647 ἐργασόμεθα
1398 1584 1516 1647 τότε,
1549 1585 1624 1637 διὰ
1662 1588 1717 1638 τὸ

124 1651 375 1719 πρόρῥιζον
402 1654 546 1719 αὐτην
571 1656 675 1725 ἐξ
651 1663 782 1720 ημῶν
808 1661 1075 1713 ἀπολέσθαι
1110 1663 1229 1726 μετὰ
1264 1672 1348 1716 τοῦ
1384 1690 1716 1735 κατασπειρειν

125 1732 270 1797 αὐτὴν
296 1736 344 1785 ἐν
371 1736 481 1799 ἡμῖν
506 1738 736 1803 εἰωθότος,
761 1741 881 1792 κατὰ
907 1742 960 1794 τό
989 1752 1016 1773 “
1039 1746 1200 1797 Οὐκ”
1169 1769 1304 1798 εσται
1332 1750 1427 1799 ἐκεῖ
1448 1749 1582 1813 λεων,
1610 1751 1715 1803 ουδε
1776 1751 1939 1837 ξΞέΧΧῩ

55 1819 152 1855 20“
178 1819 273 1866 τῶν
307 1817 481 1914 θηριων
517 1824 611 1871 τῶν
644 1828 865 1888 πονηρῶν
901 1825 1034 1876 οὐδεν
1069 1850 1123 1877 ου
1160 1827 1226 1892 μὴ
1266 1831 1422 1898 ἀναβῇ
1460 1833 1562 1895 ἐκεῖ,
1598 1834 1710 1884 ἀλλ’

139 1896 313 1949 ςεσται
337 1900 432 1951 εκεῖ
453 1901 561 1955 ὁδὸς
586 1904 783 1969 καθαρα,
812 1908 887 1957 καὶ
914 1907 1072 1962 ὁδὸς
1046 1910 1158 1974 αγιά
1186 1911 1496 1976 κληθήσεται.
1503 1914 1528 1929 ”
1580 1915 1712 1966 ἀλλα

120 1980 197 2028 καὶ
223 1979 415 2033 πάντων
441 1985 617 2036 ἀκονιτι
643 1990 737 2036 τῶν
763 1989 958 2053 ἀγαθῶν
985 1995 1078 2041 τῶν
1103 1993 1249 2058 ἀγιων
1269 1994 1294 2044 6
1321 2000 1427 2049 νοῦς
1454 1995 1709 2066 ἀνθεξεται.

117 2059 193 2111 δια
231 2084 326 2129 γαρ
363 2087 434 2115 τοι
472 2071 611 2117 τοῦτο
649 2091 725 2119 και
764 2071 789 2120 6
829 2073 1087 2138 συλλεγων
1122 2075 1170 2125 ἐν
1205 2076 1445 2147 σαββάτω
1484 2101 1542 2129 τα
1584 2080 1711 2148 ξυλα
1772 2078 1938 2162 {161}me

116 2143 430 2200 λιθόλευστος
453 2153 662 2218 τελευτᾷ,
686 2153 748 2204 ὡς
774 2154 1052 2218 ἀδικήσας’
1031 2179 1078 2206 εν
1106 2161 1171 2207 τῶ
1197 2181 1329 2228 τυπῳ
1357 2158 1443 2224 τὴν
1470 2161 1708 2226 ἀλήθειαν.

48 2241 96 2279 25
116 2227 472 2283 καταλυσαντες
507 2230 600 2296 γὰρ
639 2254 713 2283 και
750 2236 813 2286 εὶς
848 2236 1026 2301 ἐκείνην
1057 2239 1440 2305 καταντήσαντες
1476 2241 1562 2307 τὴν
1588 2244 1704 2295 ἀνά-
1729 2269 1750 2296 e

115 2331 308 2372 παυσιν,
344 2333 426 2361 ουκ
465 2311 812 2380 ἐξελευσόμεθα
848 2339 964 2368 ποτε
1002 2318 1085 2370 τὸν
1120 2321 1418 2390 ἀξιάγαστόν
1453 2347 1504 2375 τε
1542 2348 1618 2376 και
1660 2328 1709 2378 ἐν

115 2391 300 2455 ἀρεταῖς
350 2393 555 2460 διαφανῆ
605 2395 795 2461 τρόπον,
841 2399 1053 2468 καθάπερ
1101 2405 1260 2454 ἐκεῖνοι
1315 2404 1408 2456 ἀπὸ
1458 2409 1542 2470 τῆς
1591 2408 1709 2463 ἱδιας

113 2494 308 2536 σκηνης,
334 2475 445 2526 ἀλλ’
474 2475 580 2526 οὐδε
614 2477 700 2541 τὴν
725 2479 871 2546 πυρὸς
898 2505 963 2532 ετι
989 2483 1169 2552 τροφὸν
1196 2509 1270 2535 και
1307 2510 1486 2553 μητερα
1517 2491 1703 2541 συλλε-

113 2552 258 2621 ξομεν
298 2556 545 2622 ἁμαρτίαν,
587 2561 835 2626 ὡσπεροῦν
877 2565 1046 2620 ἐκεῖνος
1097 2567 1156 2617 τὰ
1209 2568 1334 2636 ξυλα
1386 2569 1462 2620 διὰ
1511 2573 1706 2636 πολλὴν

43 2653 94 2689 30
112 2635 235 2701 ἄγαν
273 2638 606 2704 ἀναισθησίαν,
650 2665 705 2693 ου
746 2667 904 2700 συνεις
947 2670 1007 2697 τα
1050 2650 1098 2699 ἐν
1140 2650 1273 2701 τύπω
1317 2650 1437 2717 πρὸς
1477 2653 1704 2718 ἀλήθειαν

159 2822 192 2855 9.
217 2811 332 2858 βίβλῳ
352 2812 395 2847 Β.
629 2828 682 2863 13.
707 2818 791 2865 γὰρ]
813 2821 897 2855 δὲΒ
904 2849 911 2855 .
1142 2834 1194 2869 17.
1222 2825 1466 2874 (ιρχέκῑικον]’
1447 2844 1640 2874 αρχετυπον
1660 2832 1701 2866 Β.

113 2867 169 2901 25.
195 2856 278 2902 γὰρ]
298 2859 359 2902 μέν
377 2875 442 2905 γαρ
463 2860 504 2895 Β.
767 2878 821 2911 27.
850 2868 968 2902 ἐκεῖνοι
988 2869 1030 2903 Β.
1050 2870 1174 2907 ἐκεῖνος
1193 2872 1259 2906 Ed.
1521 2878 1576 2911 28.
1604 2893 1700 2913 en—

111 2903 292 2950 ἁμιιρτιαν]
313 2906 367 2939 ἐπὶ
384 2909 446 2951 γῆν
462 2909 596 2954 τροφὴν
613 2912 665 2945 καὶ
682 2913 810 2958 μητέρα
828 2916 982 2960 συλλεξό
976 2917 1069 2960 »μεθα
1086 2919 1272 2963 μαρτυρίαν
1291 2920 1332 2954 Β.
1562 2935 1618 2969 30.
1647 2925 1698 2971 ἐν]

116 2951 268 2998 -Ὲ-τῷΒ
274 2978 281 2986 .
