2084 3317
356 177 440 215 420
757 176 807 216 B.
841 173 1112 215 CYRILLI
1155 171 1535 213 ALEXAND'R.
1715 171 1771 211 vi.
1794 183 1858 219 12,
1882 183 1945 224 13.

136 298 187 328 ΡΞ.
206 299 245 328 vi¹
265 295 295 328 6.
360 282 518 349 καιρόν
541 306 552 345 ;
596 283 811 346 μέμνησο
839 284 1059 348 λε’γοντος
1087 288 1169 332 τοῦ
1198 285 1414 349 μελῳδοῦ
1441 288 1467 310 “
1487 278 1603 331 “Ort
1629 281 1712 330 οὐκ
1739 278 1871 329 ἔστιν
1897 279 1948 328 ἐν

360 374 386 394 “
413 370 478 435 τῷ
507 365 692 435 θανάτῳ
725 367 749 415 ὁ
780 364 1083 428 μνημονεύων
1110 381 1214 414 σου·
1256 364 1304 412 ἐν
1330 361 1380 412 δὲ
1403 365 1469 430 τῷ
1506 359 1594 430 ᾅδῃ
1621 363 1689 414 τίς
1716 360 1947 429 ἐξομολο-

770 445 781 461 2

136 455 222 488 285
240 453 290 487 A·
321 463 343 486 a
362 454 388 476 ‘⁶
416 446 620 511 γήσεταί
641 469 720 497 σοι
741 448 765 507 3'
820 451 952 498 ποῖος
978 444 1072 510 γὰρ
1099 445 1163 495 ἔτι
1190 448 1284 494 τῶν
1311 448 1485 509 νεκρῶν
1512 445 1536 493 ὁ
1569 442 1760 509 καρπὸς,
1786 441 1815 505 ἢ
1847 444 1948 494 πῶς

361 527 426 579 ε”τι
465 527 757 591 μεμνήσεταί
795 551 864 580 τις
892 531 1016 578 Θεοῦ
1058 526 1133 576 διὰ
1175 532 1256 576 τοῦ
1293 531 1509 590 πληροῦν
1540 524 1737 588 ἐντολὴν
1772 527 1866 573 τῶν
1900 523 1948 572 ἐν

175 619 180 625 -
245 619 275 625 ..ι
371 608 391 626 (Ι
788 609 799 624 Ι
1125 608 1137 624 Ι
1364 606 1377 624 Χ
1447 609 1456 621 OE
1565 606 1580 622 Χ
1726 607 1736 621 ἲ
1809 606 1819 620 )
1885 609 1906 619 Α
1922 604 1946 620 2)

136 618 226 649 H10b
243 629 287 648 11¹·
362 614 474 678 αδου
501 614 922 673 καταβεβηκοτων;
967 616 993 637 “
1015 612 1292 659 Συνεκλεισε
1319 630 1412 673 γαρ
1439 631 1463 657 ο
1491 611 1613 660 Gens·
1638 628 1725 656 κατ
1765 627 1920 666 αυτου,
1968 621 1991 659 5

139 671 152 691 2
182 688 187 692 .

159 672 176 701 3
362 691 481 741 κατὰ
515 690 568 740 τὸ
596 690 939 756 γεγραμμένον·
984 689 1130 740 διάτοι
1163 694 1301 739 τοῦτο
1340 691 1416 739 καὶ
1452 689 1477 738 ὁ
1512 687 1797 756 σοφώτατος
1829 687 1948 750 ἡμᾶς

817 771 882 801 ‘4⁹'

135 777 263 807 “al-Vi·
359 773 563 823 ἐπαίδευε
594 776 790 826 Παῦλος
886 775 992 825 Εως
1027 769 1188 838 καιρὸν
1215 771 1383 838 ἔχομεν
1409 769 1707 836 ἐργαζώμεθα
1742 769 1796 819 τὸ
1815 770 1949 833 ’ἀγα-

141 831 185 852 [Ο.
359 861 388 883 εί
450 853 461 868 x
515 854 538 869 ”
579 856 588 870 ’
717 853 727 871 Ι
986 856 996 869 l

415 859 512 916 θον,
567 862 867 905 επιστελλων
894 877 1005 905 τισι.

437 938 529 986 Καὶ
567 942 715 986 ταῦτα
758 935 843 998 μὲν
881 936 991 999 ἡμῖν
1030 939 1091 988 εἰς
1132 935 1186 984 τὸ
1230 936 1280 985 ἐκ
1325 937 1407 997 τῆς
1449 935 1659 1000 ἱστορίας
1704 932 1950 999 λελέξεται

358 1019 611 1085 χρήσιμον·
655 1016 812 1081 ἐπειδὴ
852 1017 899 1068 δὲ
939 1021 1264 1079 πνευματικῶς
1305 1015 1682 1078 ἐκλαμβάνοντες
1721 1014 1781 1065 τὰ
1822 1019 1943 1080 εἰρη-

358 1098 488 1162 μένα·
530 1103 650 1167 χρῆν
685 1099 779 1165 γὰρ
818 1101 956 1160 οὕτω,
987 1100 1062 1149 καὶ
1101 1100 1187 1166 οὐχ
1226 1098 1404 1164 ἑτέρως·
1449 1097 1525 1148 διὰ
1562 1098 1646 1161 μὲν
1682 1102 1777 1148 τῶν
1813 1096 1949 1148 πέντε

312 1189 339 1228 b
361 1182 576 1247 κριθίνων
612 1182 665 1232 τὸ
700 1181 993 1231 Μωυσαϊκὸν
1029 1181 1207 1249 ἔφημεν
1246 1182 1602 1243 ὑποδηλοῦσθαι
1641 1180 1847 1241 βιβλίον,
1875 1178 1949 1230 διὰ

360 1264 408 1314 δὲ
452 1269 551 1314 τοῖν
595 1266 722 1313 δυοῖν
766 1264 1002 1331 ὀψαρίοιν,
1050 1262 1108 1312 τὰ
1152 1261 1288 1331 σοφὰ
1331 1266 1426 1312 τῶν
1470 1263 1617 1325 ἁγίων
1662 1259 1950 1312 ἀποστόλων

359 1343 731 1411 συγγράμματα·
776 1347 943 1411 χρῆναι
971 1344 1119 1396 πάλιν
1146 1344 1472 1407 ὑπολαμβάνω
1511 1347 1584 1394 καὶ
1623 1346 1698 1394 ἐπὶ
1736 1345 1819 1407 τῆς
1856 1347 1951 1393 τῶν

360 1426 605 1495 λειψάνων
633 1429 897 1491 συλλογῆς,
926 1426 1155 1487 μυστικόν
1181 1449 1231 1476 τε
1263 1429 1336 1476 καί
1368 1424 1680 1487 πνευματικὸν
1706 1427 1950 1488 ἐπινοῆσαι

361 1510 593 1573 θεώρημα,
633 1512 691 1576 τῇ
729 1513 823 1559 τῶν
863 1509 1112 1574 εἰρημένων
1151 1508 1409 1576 ἀκολουθίᾳ
1447 1507 1722 1575 συντρέχον.
1786 1509 1952 1558 οὐκοῦν

362 1591 541 1642 ἐκέλευε
566 1591 652 1653 μὲν
678 1591 701 1641 ὁ
730 1588 899 1655 Σωτὴρ
926 1591 1202 1641 ἀναπίπτειν
1228 1589 1312 1653 μὲν
1338 1589 1445 1643 τοὺς
1471 1588 1656 1657 ὄχλους,
1684 1588 1953 1655 εὐλογήσας

363 1672 411 1724 δὲ
463 1673 568 1726 τοῦς
621 1673 790 1739 ἄρτους
841 1676 915 1723 καὶ
966 1672 1024 1722 τὰ
1070 1673 1253 1738 ὀψάρια
1299 1673 1551 1738 παρετίθει,
1600 1672 1676 1723 διὰ
1725 1675 1809 1736 τῆς
1858 1675 1954 1722 τῶν

322 1785 343 1809 0
363 1759 586 1818 μαθητῶν
636 1756 891 1819 ὑπουργίας
953 1754 1150 1818 δηλαδή·
1214 1753 1370 1818 ἐπειδὴ
1432 1754 1479 1805 δὲ
1540 1753 1954 1819 κατεκορέσθησαν

362 1836 643 1905 παραδόξως
678 1841 721 1887 οὶ
754 1837 1062 1902 βεβρωκότες,
1090 1837 1348 1902 συλλέγειν
1374 1836 1604 1887 ἐπιτάττει
1639 1835 1698 1886 τὰ
1732 1837 1954 1904 λείψανα,

363 1924 438 1969 καὶ
483 1924 774 1984 πληροῦνται
820 1918 988 1987 κὲφινοι
1034 1916 1224 1979 ἐώθεε-Λα,
1265 1917 1326 1971 εἷς
1369 1919 1554 1987 ἑκάστῳ
1596 1922 1690 1968 τῶν
1731 1922 1956 1980 μαθητῶν

364 1999 483 2050 κατὰ
507 1999 561 2050 τὸ
589 1998 719 2053 εἰκός·
760 1998 887 2063 ἦσαν
915 1999 1007 2066 γὰρ
1033 2005 1253 2050 τοσοῦτοι
1280 2002 1355 2050 καὶ
1382 2001 1524 2051 αὐτοί.
1569 2001 1617 2049 τί
1640 2000 1721 2050 οῦν
1747 2002 1956 2050 ἐντεῦθεν

365 2081 706 2146 ὑπονοήσομεν,
752 2081 780 2145 ἦ
823 2080 1011 2135 πάντως
1063 2084 1220 2144 ἐκεῖνο,
1268 2085 1343 2132 καὶ
1394 2083 1476 2132 οὐκ
1523 2080 1840 2148 ἐψευσμένως,
1886 2081 1956 2132 ὅτι

363 2164 749 2231 πανηγυριάρχης
805 2165 889 2227 μὲν
940 2169 1034 2214 τῶν
1083 2166 1150 2215 ἐπ’
1205 2166 1330 2233 αὐτῷ
1379 2163 1700 2215 πιστευόντων
1751 2166 1882 2214 ἐστὶν
1933 2166 1958 2214 ὁ

364 2245 592 2313 Χριστὸς,
623 2249 697 2296 καὶ
737 2245 842 2300 τοῦς
880 2245 999 2312 πρὸς
1037 2246 1180 2296 αὑτὸν
1214 2245 1369 2300 ἰόντας
1402 2246 1656 2314 ἀποτρέψει
1688 2251 1784 2299 τοῖς
1821 2247 1957 2300 θείοις

364 2352 414 2379 τε
444 2331 519 2379 καὶ
553 2329 792 2395 οὐρανίοις,
820 2331 968 2390 δῆλον
994 2328 1064 2378 ὅτι
1100 2327 1364 2392 μαθήμασι,
1393 2334 1596 2391 νομικοῖς
1634 2351 1683 2379 τε
1723 2333 1796 2379 καὶ
1835 2351 1953 2394 προ-

366 2414 596 2479 φητικοῖς,
622 2412 944 2476 εὐαγγελικοῖς
970 2433 1021 2461 τε
1048 2413 1123 2461 καὶ
1150 2413 1502 2463 ἀποστολικοῖς.
1550 2411 1660 2460 ἀλλ’
1691 2412 1744 2461 οὐ
1769 2410 1957 2463 πάντως

321 2494 504 2549 (Ῑαύτὸς
545 2497 709 2562 ὁρᾶται
749 2495 927 2546 τούτων
966 2496 990 2544 ὁ
1032 2494 1301 2561 αὐτουργὸς,
1328 2499 1596 2546 διακονοῦσι
1638 2494 1685 2546 δὲ
1728 2495 1836 2558 ἡμῖν
1873 2494 1959 2558 τὴν

145 2591 304 2621 s.Matth.
369 2577 548 2628 ἄνωθεν
569 2577 706 2644 χάριν
726 2580 768 2627 οἱ
794 2577 1014 2640 μαθηταί·
1044 2577 1174 2626 αὐτοὶ
1194 2576 1286 2642 γὰρ
1307 2578 1389 2627 οὐκ
1415 2579 1534 2627 εἰσὶν
1555 2584 1582 2605 “
1598 2580 1640 2627 οἱ
1666 2577 1957 2630 λαλοῦντες”

144 2643 237 2665 '1⁸²0'
370 2659 488 2710 κατὰ
541 2658 593 2709 τὸ
647 2659 899 2724 εἰρημένον,
948 2665 974 2686 “
1002 2657 1132 2708 ἀλλὰ
1183 2658 1236 2708 τὸ
1292 2662 1486 2720 Πνεῦμα
1536 2664 1619 2709 τοῦ
1665 2657 1855 2724 Πατρὸς
1906 2658 1960 2709 τὸ

1048 2848 1071 2862 ει

415 2883 447 2916 3.
474 2872 568 2905 ἐστιν
586 2883 649 2916 pro
667 2872 714 2905 ἔτι
736 2871 777 2905 Β.
923 2884 954 2914 4.
982 2872 1029 2916 ἐν]
1051 2848 1087 2905 εἰῖ
1105 2870 1150 2904 D.
1171 2875 1192 2887 “
1208 2872 1250 2904 al.
1271 2870 1341 2906 εἷς”
1364 2871 1428 2905 Ed.
1447 2883 1519 2915 mg.
1665 2870 1698 2906 6.
1724 2871 1807 2915 ἡμᾶς
1825 2882 1894 2905 om.
1916 2871 1958 2906 Β.

372 2929 400 2962 7.
429 2919 607 2952 ἐπαίδευσε
630 2918 669 2952 Β.
816 2929 868 2952 10.
894 2921 1122 2961 πνευματικῶς
1143 2917 1182 2951 Β.
1201 2920 1510 2963 πνευματικώτερον
1528 2917 1594 2952 Ed.
1752 2929 1802 2952 11.
1830 2919 1896 2963 χρὴ
1917 2917 1957 2952 Β.

375 2975 426 3008 15.
453 2980 488 2998 τε
509 2964 602 2998 Β.Ι).
621 2980 652 2998 τι
674 2965 737 2999 Ed.
805 2965 1050 3008 ε’πινοὴσασθαι
1067 2965 1289 3010 χάρισμάτων
1307 2965 1360 2998 καὶ
1379 2965 1601 3010 θεωρημάτῶν
1618 2968 1683 2999 τῶν
1701 2964 1880 3009 εἰρημένων
1899 2964 1941 2998 Β.

1973 1034 2021 1061 10

1975 1449 2021 1485 15

1976 1859 2025 1884 20

1978 2268 2026 2306 25

1981 2678 2030 2713 30
