2084 3317
360 160 444 199 442
764 160 814 200 B.
847 159 1125 200 CYRILLI
1165 160 1546 202 ALEXANDR.
1804 161 1858 202 vi.
1882 171 1946 213 27.

359 265 597 328 μένουσαν
621 269 697 318 καὶ
731 271 792 321 εἷς
827 268 1012 319 αἰώνιον
1040 267 1160 335 ζωήν
1185 292 1234 319 τε
1271 271 1346 320 καὶ
1383 269 1571 339 τρυφὴν
1595 268 1943 338 ἀναφέρουσαν.

359 352 397 398 εἰ
422 347 516 414 γὰρ
543 350 617 398 καὶ
645 350 823 415 ὁρῶμαι
858 350 1070 416 καθάπερ
1101 349 1163 404 εἷς
1198 351 1255 419 ἐξ
1288 352 1430 415 ὑμῶν,
1458 354 1705 418 ἄνθρωπος
1731 349 1951 415 δηλονότι

359 428 477 491 μετὰ
513 428 703 496 σαρκὸς,
730 432 840 481 ἀλλ’
869 432 1096 497 ἐχρίσθην
1129 434 1204 483 καὶ
1239 434 1669 501 κατεσφραγίσθην
1703 432 1834 499 παρὰ
1869 436 1952 482 τοῦ

360 514 486 561 Θεοῦ
511 514 587 562 καὶ
617 511 805 577 Πατρὸς
837 516 899 567 εἰς
933 512 1308 579 ἀπαράλλακτον
1334 515 1600 579 ὁμοιότητα,
1627 514 1713 579 τὴν
1739 517 1800 567 ὡς
1833 512 1953 580 πρὸς

358 591 514 644 αὐτόν.
569 592 755 661 ὄψεσθε
794 594 901 660 γὰρ,
935 596 1101 663 φησὶν,
1138 597 1186 646 ἐν
1225 597 1325 659 ἐμοὶ
1363 596 1448 660 μὲν
1479 599 1663 659 ἐκεῖνον,
1690 595 1767 660 ἐμὲ
1806 594 1855 646 δὲ
1894 595 1994 651 αῦ5

356 673 505 724 πάλιν
531 676 578 725 ἐν
605 675 760 745 ἐκείνῳ
788 681 1017 744 φυσικῶς,
1045 679 1119 728 καὶ
1155 681 1191 728 εἷ
1230 677 1507 744 γεγέννημαι
1543 680 1597 730 δι’
1627 679 1744 742 ὑμᾶς
1770 678 1951 743 ἄνθρω·

317 778 445 810 επος
483 758 533 807 ἐκ
570 757 788 822 γυναικὸς
829 757 948 810 κατὰ
993 758 1076 810 τὸν
1121 760 1324 827 ἆρῥητον
1362 763 1446 825 τῆς
1487 760 1749 824 οἰκονομίας
1787 759 1949 824 λόγον·

356 838 449 905 ἔχω
484 838 578 906 γὰρ
616 839 673 904 δὴ
706 839 760 891 τὸ
795 839 953 892 πάντα
991 841 1223 894 δύνασθαι
1252 845 1369 909 δρᾶν
1395 844 1443 893 ἐν
1470 843 1665 912 ἐξουσίᾳ
1691 845 1951 907 θεοπρεπεῖ,

356 921 783 990 ἀπολειφθήσομαί
817 945 866 973 τε
905 923 1006 974 κατ’
1035 924 1200 975 οὐδένα
1233 923 1412 991 τρόπον
1437 927 1521 988 τῆς
1553 924 1751 989 ἐνούσης
1785 922 1952 990 ἰσχύος

355 1006 422 1071 τῷ
460 1002 686 1072 φύσαντι·
745 1007 820 1056 καὶ
859 1009 894 1055 εὶ
935 1006 1099 1057 δίδωσι
1136 1005 1320 1075 τροφὴν
1360 1008 1466 1071 ὑμῖν
1510 1006 1596 1070 τὴν
1634 1003 1952 1069 πνευματικὴν
1972 1028 2022 1054 10

355 1083 442 1148 τὴν
476 1084 805 1151 διασώζουσαν
843 1091 905 1142 εἷς
934 1087 1055 1154 ζωὴν
1088 1087 1273 1139 αἰώνιον
1306 1090 1331 1139 ὁ
1364 1087 1487 1142 Θεὸς
1525 1090 1600 1139 καὶ
1632 1087 1816 1155 Πατὴρ,
1843 1089 1946 1139 ἐπι-

356 1163 484 1218 δώσει
530 1170 678 1231 δῆλον
719 1169 790 1220 ὅτι
834 1172 910 1220 καὶ
958 1176 976 1222 ὁ
1016 1170 1128 1232 Ύὶὶς,
1164 1173 1240 1221 καὶ
1282 1172 1330 1222 ἐν
1373 1174 1515 1238 σαρκὶ
1558 1169 1780 1236 γεγονὼς,
1816 1169 1951 1220 εἰκὼν

354 1249 724 1314 ἀπαράλλακτος
751 1251 976 1319 ὑπάρχων
1002 1253 1159 1314 αὐτοῦ,
1186 1253 1439 1318 νοουμένης
1470 1252 1692 1317 δηλονότι
1720 1255 1804 1316 τῆς
1831 1250 1950 1303 κατὰ

350 1334 446 1381 πᾶν
473 1332 628 1382 ὁτιοῦν
653 1334 914 1402 ἐμφερείας,
941 1335 994 1384 οὐ
1021 1333 1139 1385 κατὰ
1164 1333 1272 1388 τοὺς
1305 1337 1387 1398 τῆς
1421 1334 1601 1402 σαρκὸς
1634 1337 1947 1402 χαρακτῆρας,

351 1413 463 1463 ἀλλ’
492 1414 595 1465 οὐδὲ
634 1414 755 1466 κατά
792 1439 836 1466 τι
876 1421 991 1481 γοῦν
1022 1420 1116 1467 τῶν
1143 1416 1268 1471 ὅλως
1306 1418 1354 1467 ἐν
1391 1420 1649 1485 σωματικῷ
1687 1416 1947 1481 νοουμένων
1970 1437 2017 1476 15

127 1510 209 1545 301
223 1510 274 1547 A.
313 1494 580 1563 εισχήματι,
607 1498 718 1547 ἀλλ’
759 1499 807 1548 ἐν
846 1497 963 1567 δόξῃ
1003 1502 1255 1564 θεοπρεπεῖ
1290 1501 1365 1550 καὶ
1407 1497 1692 1568 ἶσοστάθμῳ
1734 1497 1944 1562 δυνάμει,

352 1581 427 1630 καὶ
472 1581 520 1630 ἐν
559 1580 753 1649 ἐξουσίᾳ
792 1584 1043 1649 βασιλικῇ.
1099 1580 1404 1647 ἐπιτηρητὲον
1444 1580 1493 1633 δὲ
1537 1581 1706 1644 πάλιν,
1752 1580 1823 1632 ὅτι
1864 1580 1947 1632 τὸν

349 1662 438 1713 υἱὶν
483 1664 554 1713 τοῦ
604 1661 822 1730 ἀνθρώπου
870 1662 1238 1730 ἐπιχορηγήσειν
1283 1662 1425 1715 εἰπὼν
1470 1663 1528 1715 τὰ
1574 1666 1826 1730 θεοπρεπῆ,
1860 1665 1946 1714 ’καὶ

348 1745 765 1811 κατεσφραγίσθαι
790 1743 910 1811 πρὸς
936 1744 1089 1796 εἰκόνα
1124 1751 1207 1797 τοῦ
1236 1749 1361 1797 Θεοῦ
1388 1749 1465 1797 καὶ
1490 1746 1697 1813 Πατρὸς,
1726 1747 1810 1797 οὐκ
1835 1745 1941 1796 ἀνέ-

347 1848 479 1893 χεται
513 1832 747 1892 μερισμοῦ
779 1832 861 1878 τοῦ
887 1827 1212 1891 διατέμνοντος
1242 1830 1324 1892 τῆς
1358 1829 1455 1879 κατ’
1485 1827 1710 1893 ἀλήθειαν
1737 1828 1945 1893 υὶότητος
1967 1853 2016 1879 20

347 1905 432 1959 τὸν
465 1909 515 1959 ἐκ
551 1908 787 1975 παρθένου
826 1907 952 1972 ναὸν,
978 1911 1088 1960 ἀλλ’
1117 1910 1197 1960 ἕνα
1237 1909 1386 1962 πάλιν
1420 1910 1585 1962 ἑαυτὸν
1612 1909 1747 1977 ὁρίζει
1780 1933 1830 1961 τε
1869 1912 1945 1962 καὶ

348 1994 558 2041 νοεῖσθαι
609 1991 850 2051 βούλεται·
894 1993 969 2042 καὶ
1019 1992 1112 2057 γὰρ
1160 1991 1223 2046 εἷς
1269 1992 1415 2046 ὅντως
1458 1994 1590 2044 ἐστὶν
1634 1993 1708 2061 ἐφ’
1752 1992 1870 2056 ἡμᾶς
1918 1993 1944 2043 ὁ

348 2071 574 2138 Χριστὸς,
617 2073 829 2139 καθάπερ
874 2073 1136 2140 ἁλουργίδα
1179 2073 1443 2138 βασιλικὴν
1487 2073 1541 2125 τὸ
1587 2074 1703 2125 ἰ’διον
1747 2073 1943 2144 φόρημα

303 2155 674 2220 ὃπερικείμενος,
701 2157 824 2223 φημὶ
865 2154 921 2219 δὴ
953 2154 1007 2206 τὸ
1049 2156 1343 2222 ἀνθρώπινον
1379 2161 1535 2220 σῶμα,
1568 2156 1670 2220 η’τοι
1710 2155 1823 2207 ναὸν
1860 2155 1943 2207 τὸν

346 2235 397 2286 ἐκ
441 2239 603 2304 ψυχῆς
647 2236 866 2302 δηλονότι
911 2239 986 2289 καὶ
1031 2237 1267 2302 σώματος,
1305 2242 1342 2289 εἰ
1383 2241 1459 2289 καὶ
1504 2237 1566 2293 εἷς
1606 2239 1663 2308 ἐξ
1698 2240 1877 2308 ἀμφοῖν
1916 2240 1941 2290 ὁ
1963 2258 2011 2296 25

345 2319 575 2384 Χριστός.

419 2399 578 2464 Ἀλλ’,
605 2397 641 2451 ὦ
673 2398 918 2463 βέλτιστε,
951 2401 1100 2453 πάλιν
1137 2404 1162 2453 ὁ
1198 2403 1524 2472 χριστομάχος
1556 2405 1658 2470 ἐρεῖ,
1686 2404 1815 2454 δίδου
1841 2408 1941 2458 ταῖς

345 2484 584 2547 ἀληθείαις
623 2482 678 2535 τὸ
713 2483 945 2535 δύνασθαι
981 2488 1180 2551 κρατεῖν,
1205 2485 1270 2549 μὴ
1305 2486 1628 2556 κατασοφίζου
1662 2485 1745 2537 τὸν
1771 2484 1936 2551 λόγον,

344 2565 417 2634 ἐφ’
455 2565 570 2632 ὅπερ
609 2564 666 2616 ἂν
700 2565 839 2621 αὐτὸς
876 2566 1125 2630 ἐθελήσαις
1164 2567 1425 2633 περιέλκων
1459 2570 1542 2620 οὐκ
1581 2569 1796 2634 εὐγενῶς·
1840 2566 1940 2619 ἰδοὺ

394 2741 424 2764 1.
443 2731 495 2764 καὶ
509 2730 606 2775 prius
621 2737 843 2776 assumptum
862 2743 903 2766 ex
916 2731 958 2767 B.
975 2731 1067 2766 Catt.
1118 2732 1203 2776 ζωὴν
1216 2733 1347 2767 αἰώνιον
1361 2733 1499 2768 inverso
1513 2733 1635 2768 ordine
1651 2733 1692 2768 B.
1710 2732 1829 2768 invitis
1843 2732 1937 2768 Catt.

344 2787 376 2811 2.
403 2775 467 2821 εἷς]
487 2792 537 2813 τις
556 2777 598 2812 Β.
617 2776 664 2813 εἷς
682 2777 787 2812 habet
806 2777 898 2813 Catt.
1042 2779 1074 2813 8.
1101 2779 1155 2813 διὰ
1173 2791 1237 2824 pro
1256 2779 1295 2823 δὴ
1317 2780 1358 2814 B.
1424 2780 1460 2815 ἐν
1477 2792 1547 2815 om.
1568 2781 1611 2815 B.
1758 2791 1811 2815 12.
1836 2795 1937 2826 γεγο-

342 2822 421 2868 νὼς]
442 2824 526 2868 ζωὴν
543 2826 691 2870 γεγονὼς
710 2824 751 2859 Β.
899 2825 951 2860 16.
978 2825 1198 2871 θεοπρεπείας
1217 2826 1296 2871 (Sic)
1318 2826 1359 2861 B.
1378 2827 1498 2862 invitis
1517 2827 1610 2862 Catt.
1739 2827 1792 2862 18.
1819 2827 1936 2872 ἐπιχο-

341 2869 506 2915 ρηχήσειν
524 2871 616 2905 Catt.
635 2870 843 2917 χορηγήσειν
862 2872 929 2906 Ed.
1101 2883 1156 2915 24.
1184 2873 1223 2916 δὴ
1245 2873 1285 2906 Β.
1305 2873 1340 2907 δέ
1361 2874 1427 2908 Ed.
1601 2883 1656 2919 25.
1682 2873 1712 2907 εἷ
1729 2874 1782 2907 καὶ
1800 2885 1870 2907 om.
1892 2873 1936 2908 B.

343 2926 398 2960 27.
425 2919 497 2952 ταῖς
514 2917 687 2962 ἀληθείαις
703 2920 742 2953 τὸ
759 2917 942 2964 δύνασθαι]
963 2920 1022 2963 τῆς
1039 2919 1198 2964 ἀληθείας
1216 2918 1354 2963 δύναμιν
1374 2921 1414 2955 Β.
1560 2931 1615 2965 29.
1641 2919 1681 2955 ἂν
1697 2920 1798 2956 αὐτὸς
1815 2919 1934 2963 ἐθελή-

342 2962 434 3008 σαις]
457 2965 555 3000 αὐτὸς
573 2964 737 3009 ἐθέλησας
758 2965 798 3000 Β.
