2084 3317
138 1011 226 1046 288
244 1009 290 1043 A.

140 1396 235 1427 Hier.
249 1395 305 1426 xii.

143 1447 173 1480 7.

144 1747 250 1785 Supra

146 1797 161 1818 2
168 1794 183 1828 7
190 1797 205 1818 2
224 1788 255 1818 b.

149 2474 203 2505 Ps.

148 2517 265 2548 xxxiii.

153 2560 202 2593 16.

352 144 439 184 424
757 143 805 183 B.
840 141 1114 184 CYRILLI
1156 139 1537 182 ALEXANDR.
1802 137 1853 177 vi.
1878 148 1941 189 15.

355 255 606 303 καλεῖσθαι
631 252 770 303 τέκνα
797 256 936 303 Θεοῦ·
982 253 1057 302 καὶ
1090 251 1166 301 ἵνα
1201 273 1245 300 τι
1280 253 1376 302 τοῖς
1409 246 1723 315 προκειμένοις
1749 245 1863 297 ε’ίπω
1889 244 1943 296 τὸ

355 334 598 401 συγγενὲς,
642 337 717 385 καὶ
763 333 922 398 αὐτὴν,
964 338 1001 384 εὶ
1043 332 1282 398 πρόσεισι,
1329 330 1414 395 τὴν
1458 332 1533 382 ἐπὶ
1577 332 1664 395 γῆς
1708 326 1946 394 ἀκρότητα

355 417 691 482 παραιτώμεθα
735 416 821 480 τὴν
860 415 1052 478 ἀπάσης
1094 414 1273 479 μητέρα
1315 415 1462 476 τιμῆς,
1501 416 1538 463 εὶ
1582 416 1847 480 φρονοῦμεν
1887 408 1946 460 τὰ

357 498 621 564 ἐπουράνια,
649 501 725 550 καὶ
751 503 847 551 τοῖς
879 498 975 548 ἅνω
1008 495 1352 558 πολιτευόμεθα
1384 498 1575 558 μᾶλλον
1600 494 1719 560 ἥπερ
1748 498 1845 546 τοῖς
1871 493 1945 542 ἐπὶ

357 582 438 643 τῆς
477 583 578 645 γῆς.
1966 590 1988 627 5

433 665 772 723 Πνευματικῶν
807 661 855 712 δὲ
894 658 1209 726 θεωρημάτων
1246 660 1270 709 ὁ
1305 657 1450 724 λόγος
1484 659 1593 723 ἡμῖν
1627 659 1708 709 οὐκ
1744 659 1942 723 ἀμοιρεῖ,

359 742 430 794 διὸ
469 742 526 808 δὴ
564 742 712 794 πάλιν
742 744 948 810 ἐροῦμεν,
977 742 1096 805 ὅλην
1130 740 1292 807 ὥσπερ
1331 739 1816 808 ἀνακεφαλαιούμενοι
1853 742 1948 789 τῶν

359 825 682 891 γεγενημένων
716 825 802 889 τὴν
840 825 1050 888 δύναμιν,
1091 827 1166 875 καὶ
1218 824 1301 875 τὸν
1341 824 1398 892 ἐξ
1439 826 1588 890 ἀρχῆς
1631 827 1725 873 τῶν
1763 844 1947 888 προκει-

360 908 514 971 μένων
545 907 959 974 ἀναμηρυσάμενοι
995 907 1160 972 λόγον·
1207 908 1328 957 οὕτω
1363 906 1455 972 γὰρ
1490 907 1598 970 ἡμῖν
1632 905 1766 955 ἔσται
1800 926 1943 955 κατα-

323 990 507 1058 ιιφανές
545 990 598 1041 τὸ
636 989 936 1057 ῥηθήσεσθαι
975 988 1172 1052 μέλλον,
1210 987 1414 1053 μάλισθ’
1451 987 1522 1039 ὅτι
1559 987 1890 1054 προστέθεικεν
1925 987 1950 1036 ὁ
1974 1011 2021 1036 10

362 1071 587 1139 μακάριος
627 1070 1004 1136 Εὑαγγελιστὴς,
1044 1071 1206 1136 ὥσπερ
1246 1069 1502 1136 ἀναγκαῖόν
1540 1092 1584 1120 τι
1624 1071 1700 1120 καὶ
1744 1069 1947 1133 ἀπαραί-

362 1177 505 1219 τητον
539 1156 804 1218 ὑποδηλῶν,
831 1153 899 1215 τὸ,
925 1154 996 1204 ὅτι
1035 1154 1295 1219 ἀνεχώρησεν
1329 1157 1387 1206 εἰς
1426 1153 1470 1203 τὶ
1512 1153 1598 1219 ἔρος
1639 1150 1768 1205 αὐτός
1807 1152 1947 1216 μόνος.

364 1237 531 1287 οὐκοῦν
557 1236 643 1300 τὴν
669 1241 763 1287 τῶν
788 1235 1026 1286 Ἰουδαίων
1051 1235 1392 1301 ἀπανθρωπίαν
1416 1233 1806 1300 παραιτούμενος,
1838 1235 1952 1283 ἀπε-

365 1317 500 1383 δήμει
533 1317 617 1382 μὲν
647 1321 729 1382 τῆς
751 1316 1070 1385 Ἰερουσαλὴμ
1108 1317 1132 1366 ὁ
1167 1316 1396 1383 Χριστὸς,
1432 1315 1547 1382 ὅπερ
1585 1317 1715 1366 ἐστὶν
1749 1317 1955 1382 ἐναργῶς

365 1409 394 1431 “
419 1400 838 1465 Ἐγκαταλὲλοιπα
876 1399 959 1451 τὸν
998 1397 1124 1449 οἶκόν
1163 1422 1266 1462 μου,
1307 1400 1470 1466 ἀφῆκα
1514 1397 1600 1462 τὴν
1639 1399 1955 1463 κληρονομίαν
1978 1416 2025 1455 15

365 1490 394 1513 ‘⁶
419 1481 556 1546 μου.”
598 1482 1057 1549 διαπεραιωσάμενος
1084 1480 1132 1532 δὲ
1158 1480 1243 1545 τὴν
1269 1480 1548 1547 Τιβεριάδος
1575 1479 1853 1543 θάλασσαν,
1879 1483 1955 1531 καὶ

365 1565 493 1617 πολὺ
532 1565 642 1616 λίαν
673 1568 756 1629 τῆς
794 1565 978 1615 ἐκείνων
1013 1563 1236 1617 ἀπονοίας
1275 1564 1712 1630 ἀπεσχοινισμένος,
1747 1561 1956 1627 ἀνεπήδα

320 1652 348 1692 b
366 1646 485 1713 πρὸς
513 1646 620 1715 ὅρος
645 1646 744 1712 ἅμα
770 1651 866 1701 τοῖς
892 1650 1136 1711 μαθηταῖς·
1173 1643 1204 1697 ἃ
1229 1645 1285 1710 δὴ
1312 1647 1388 1696 καὶ
1415 1647 1684 1710 ὑποδηλοῦν
1710 1644 1957 1710 εἰρήκαμεν

367 1730 422 1781 τό
449 1753 498 1780 τε
525 1730 707 1791 ἄβατον
734 1729 900 1795 ὥσπερ
927 1730 1003 1780 καὶ
1029 1729 1258 1793 ἀνήνυτον
1284 1733 1380 1782 τοῖς
1406 1728 1647 1782 Ἰουδαίοις
1672 1731 1755 1792 τῆς
1791 1730 1852 1781 ὡς
1886 1728 1955 1779 ἐπ’

369 1810 511 1862 αὑτὸν
543 1813 669 1870 ὁδοῦ,
703 1814 779 1863 καὶ
812 1811 899 1875 τὴν
934 1811 991 1880 ἐξ
1027 1812 1170 1876 ὀργῆς
1206 1813 1289 1874 τῆς
1322 1813 1396 1861 ἐπὶ
1431 1814 1497 1879 τῷ
1531 1810 1670 1862 πάθει
1704 1809 1958 1875 γενομένην
1980 1831 2029 1856 20

369 1894 675 1960 ἀναχώρησιν
725 1900 808 1945 τοῦ
859 1897 1076 1960 Χριστοῦ
1134 1892 1271 1960 μέχρι
1330 1898 1505 1958 καιροῦ,
1556 1895 1704 1956 δῆλον
1755 1891 1825 1943 ὅτι
1876 1897 1959 1942 τοῦ

368 1975 647 2042 πρέποντος,
702 1977 778 2027 καὶ
830 1975 900 2027 ὅτι
951 1974 1214 2042 περιφανὴς
1265 1974 1399 2025 ἔσται
1451 1973 1665 2039 Χριστὸς
1717 1973 1815 2038 ἅμα
1863 1979 1961 2028 τοῖς

371 2059 535 2109 ἑαυτοῦ
573 2061 815 2122 μαθηταῖς,
855 2056 969 2108 ὅταν
1006 2057 1199 2124 ἐκβαίνῃ
1238 2056 1323 2120 τὴν
1361 2055 1592 2106 Ἰουδαίαν
1630 2058 1705 2107 καὶ
1745 2055 1863 2121 πρὸς
1902 2055 1962 2106 τὰ

372 2140 482 2203 ε”θνη
509 2138 676 2207 βαδίζῃ
701 2141 959 2203 μετατιθεὶς
990 2139 1059 2189 ἐπ’
1087 2139 1236 2188 ἐκεῖνα
1266 2137 1352 2201 τὴν
1377 2135 1532 2205 χάριν·
1574 2136 1669 2189 ἀπὸ
1704 2137 1758 2188 δέ
1788 2160 1842 2203 γε
1877 2143 1962 2188 τοῦ

331 2243 354 2271 c
373 2221 510 2288 ὅρους
535 2221 642 2276 τοῦς
668 2221 919 2285 ἑπομένους
946 2221 1072 2289 αὐτῷ
1098 2220 1454 2282 κατεσκέπτετο,
1482 2221 1558 2271 καὶ
1583 2218 1782 2287 προσέτι
1812 2221 1961 2290 τούτῳ
1983 2242 2031 2279 25

372 2307 590 2356 διενοεῖτο
615 2307 721 2369 περὶ
747 2305 941 2370 τροφῆς.
992 2305 1066 2354 καὶ
1093 2308 1232 2353 τοῦτο
1258 2300 1307 2352 δὲ
1333 2302 1480 2354 πάλιν
1506 2302 1729 2368 ἐλέγομεν
1754 2302 1964 2368 καθάπερ

372 2388 422 2437 ἐν
459 2385 592 2455 τύπῳ
631 2386 879 2450 σημαίνειν
918 2387 993 2436 καὶ
1032 2384 1117 2449 τὴν
1157 2384 1337 2436 ἄνωθεν
1371 2389 1468 2438 τοῖς
1507 2385 1657 2450 ἁγίοις
1696 2407 1962 2452 χρεωστου-

372 2469 518 2532 μένην
538 2466 819 2531 ἐπισκοπὴν,
839 2466 958 2518 κατὰ
984 2465 1038 2518 τό
1061 2474 1088 2497 “
1108 2466 1391 2535 Ὀφθαλμοὶ
1418 2468 1595 2532 Κυρίου
1621 2468 1694 2518 ἐπὶ
1721 2467 1962 2526 δικαίους,”

374 2552 451 2602 καὶ
477 2550 548 2602 ὅτι
575 2555 670 2601 τῶν
696 2550 971 2614 σεβομένων
998 2549 1141 2600 αὐτὸν
1169 2549 1253 2599 οὐκ
1285 2548 1589 2615 ἀπρονοήτως
1621 2547 1715 2616 ε”χει
1749 2550 1774 2600 ὁ
1800 2553 1961 2614 Χρισ-

373 2632 468 2686 τός.
513 2630 612 2683 εἶτα
637 2631 920 2702 παραδόξως
947 2633 972 2683 ὁ
999 2629 1151 2685 πολὺς
1177 2631 1467 2699 ἀπετρέφετο
1491 2634 1650 2695 δῆμος,
1678 2630 1755 2682 διά
1788 2654 1840 2697 γε
1871 2635 1965 2682 τῶν
1985 2652 2035 2689 30

423 2816 457 2849 5.
484 2807 542 2849 τῆς
559 2818 632 2841 om.
653 2806 695 2840 B.
858 2806 912 2841 16.
938 2805 974 2840 δὲ
992 2811 1215 2849 assumptum
1233 2817 1273 2838 ex
1295 2805 1335 2839 B.
1400 2806 1584 2850 Τιβεριάδα
1604 2805 1645 2839 Β.
1807 2816 1862 2840 20.
1889 2803 1964 2850 τῆς]

380 2857 417 2893 -{-
438 2853 482 2888 ὡς
503 2853 544 2887 Β.
607 2853 728 2887 παθεῖν
747 2853 790 2888 B.
954 2863 1009 2888 21.
1035 2854 1095 2886 τοῦ
1113 2852 1171 2886 alt.
1190 2863 1260 2886 orn.
1279 2851 1414 2897 Migne.
1576 2862 1631 2897 25.
1658 2851 1903 2887 κατεσκέπτετο
1923 2851 1964 2885 Β.

375 2899 595 2934 διεσκέπτετο
613 2899 680 2934 Ed.
837 2900 891 2934 28.
918 2899 1052 2934 δικαίως
1067 2898 1165 2944 prius
1184 2898 1354 2943 scriptum
1372 2905 1493 2944 postea
1509 2911 1597 2934 corr.
1617 2899 1664 2933 D.
1866 2908 1921 2943 29.
1948 2899 1966 2931 ὁ

376 2947 526 2990 Χριστός
546 2946 586 2980 Β.
607 2948 692 2982 Θεός
711 2946 777 2981 Ed.
921 2957 977 2992 30.
1003 2960 1042 2991 γε
1062 2945 1104 2980 Β.
1121 2959 1158 2979 τε
1176 2944 1243 2979 Ed.
