2084 3317
104 185 128 226 i.
157 188 303 241 16,17.
355 188 431 230 IN
473 189 514 230 S.
549 188 884 230 JOANNEM.
947 187 1072 227 LIB.
1107 186 1143 226 Ι.
1205 186 1339 226 CAP.
1373 185 1450 225 IX.
1619 184 1693 223 151

105 303 132 325 ‘⁶
156 296 219 346 Ὁ
265 297 422 348 ὀπίσω
465 320 557 361 μου
608 295 872 364 ἐρχόμενος,
917 294 1188 361 ἔμπροσθέν
1233 316 1325 358 μου
1375 292 1581 359 γέγονεν,
1629 291 1700 340 ὅτι
1762 295 1899 376 ἓξὲπζὸ.

105 384 132 407 “
157 378 342 444 πρῶτός
383 402 473 442 μου
513 377 616 443 ἧν·”
673 381 750 430 καὶ
795 378 889 444 γὰρ
931 384 958 406 “
979 379 1028 428 ἐκ
1068 382 1151 427 τοῦ
1195 374 1515 441 πληρώματος
1558 373 1700 422 αὐτοῦ
1762 380 1882 412 Ib·1⁶·

105 466 133 489 ‘⁶
158 459 287 523 ἡμεῖς
325 459 498 514 πάντες
539 459 821 523 ἐλάβομεν.”
889 461 966 510 καὶ
1006 456 1228 523 νομιζέτω
1268 458 1442 520 μηδεὶς,
1479 452 1701 505 Ἰωάννου

104 540 190 605 μὲν
227 540 256 606 ἢ
297 544 372 593 καὶ
411 547 506 593 τῶν
545 543 713 593 ἄλλων
753 542 902 607 ἁγίων
942 540 984 591 οἳ
1023 539 1142 590 κατὰ
1181 537 1289 593 τοὺς
1328 541 1412 601 τῆς
1457 538 1702 599 ἐπιδημιας

64 637 86 676 5
106 623 334 690 γεγόνασι
380 624 585 690 καιροὺς,
636 624 967 690 ὑπερανίσχειν
1011 621 1094 673 τὸν
1136 622 1404 686 Μονογενῆ·
1468 618 1703 682 ἡττᾶσθαι

105 703 255 771 γεμὴν
301 705 421 756 κατὰ
470 705 556 770 τὴν
601 704 748 784 δόξαγ
793 710 887 756 τῶν
933 704 1264 771 ἀρχαιοτέρων,
1308 702 1438 766 οἵπερ
1483 699 1611 764 ἦσαν
1655 700 1749 749 ε’νᾰ

107 788 332 857 ἁγιασμῷ
379 785 741 850 διαλάμποντες,
787 785 906 837 κατὰ
953 784 1060 838 τοὺς
1106 785 1286 834 ἄνωθεν
1331 785 1413 846 τῆς
1458 780 1704 845 ἐπιδημίας

106 868 317 936 χρόνους·
377 868 608 936 θεωρήσει
649 868 743 934 γὰρ
783 866 924 918 αὐτὸν
963 864 1091 918 πολὺ
1129 865 1184 916 τὸ
1225 864 1487 925 Μωυσέως,
1529 864 1698 931 φησὶν,

107 951 426 1012 ἀναβαίνοντα
459 952 644 1017 μέτρον,
681 950 828 1001 καίτοι
864 949 919 1000 τὸ
951 948 1120 1014 μεῖζον,
1156 950 1217 1000 ὡς
1256 946 1375 1012 πρὸς
1413 946 1625 1005 ἐκείνους,
1656 946 1705 994 ἐν

41 1055 88 1083 10
107 1033 331 1101 ἁγιασμῷ
376 1034 670 1096 κεκτημένου·
728 1031 860 1097 παρὰ
907 1029 1088 1084 πάντας
1133 1029 1226 1095 γὰρ
1272 1027 1414 1079 αὐτὸν
1459 1026 1705 1092 ἐγνωκέναι

107 1118 280 1182 σαφῶς
321 1116 345 1165 ὁ
389 1114 642 1178 νομοθέτης
684 1112 1075 1175 διεβεβαιώσατο.
1144 1110 1366 1173 Ἰωάννης
1409 1108 1493 1172 μὲν
1533 1108 1615 1159 οὖν
1653 1107 1709 1175 ἐξ

109 1197 225 1249 ἰδίας
251 1196 481 1264 ἠλέγχετο
509 1196 683 1264 φωνῆς,
713 1198 775 1250 ὡς
804 1196 959 1246 ὀπίσω
987 1194 1129 1263 δόξης
1154 1192 1335 1258 ἐβάδιζε
1362 1197 1444 1242 τοῦ
1471 1194 1704 1256 Χριστοῦ·

108 1277 290 1345 ἔρχεται
327 1278 375 1329 δὲ
411 1276 608 1329 κατόπιν
634 1281 714 1343 τῆς
752 1276 1088 1343 λαμπρότητος
1125 1276 1281 1336 αὐτοῦ,
1311 1275 1385 1324 καὶ
1421 1271 1553 1323 οὐδὲν
1581 1271 1707 1325 ὅλως

110 1361 178 1411 ἐπ’
207 1360 362 1430 ἐκείνῳ
401 1360 455 1411 τὸ
493 1359 787 1426 ζητούμενον,
822 1358 851 1424 ἢ
886 1360 963 1410 καὶ
998 1360 1330 1424 ἀποτραχῦνον
1363 1358 1444 1420 τῆς
1484 1355 1746 1419 ἀληθείας-ε

45 1456 90 1494 15
111 1440 197 1505 τὴν
223 1444 420 1508 εὕρεσιν.

189 1524 347 1575 Πόθεν
390 1525 471 1575 οῦν
516 1525 609 1591 ἄρα
659 1527 735 1576 καὶ
785 1522 928 1575 αὐτὸν
979 1523 1241 1589 εὑρήσομεν
1290 1520 1373 1572 τὸν
1424 1518 1706 1588 ἱεροφάντην

114 1608 331 1658 Μωυσέα
382 1610 464 1671 τῆς
515 1613 598 1657 τοῦ
649 1607 827 1672 Κυρίου
880 1604 1022 1674 δόξης
1073 1605 1369 1668 ἡττώμενον,
1430 1600 1702 1670 ἐξεταζέτω,

112 1692 276 1757 φησὶν,
320 1691 344 1739 ὁ
388 1689 658 1757 φιλομαθὴς
703 1688 789 1752 τὴν
830 1690 1052 1738 δοθεῖσαν
1094 1687 1204 1750 ἡμῖν
1247 1684 1321 1736 διὰ
1361 1690 1444 1734 τοῦ
1487 1686 1706 1747 Σωτῆρος

112 1771 238 1840 χάριν
274 1770 599 1836 εὐαγγελικὴν,
626 1774 718 1821 ἀντὶ
755 1769 934 1838 χάριτος
970 1771 1052 1832 τῆς
1089 1770 1279 1830 νομικῆς
1315 1769 1398 1829 τῆς
1438 1764 1512 1816 διὰ
1550 1769 1701 1815 Μωυ-

45 1877 94 1901 20
112 1854 250 1907 σε’ως·
303 1853 409 1903 τότε
445 1851 538 1919 γὰρ
577 1851 633 1915 δὴ
669 1850 898 1918 θεωρήσει
933 1850 1148 1919 τοσούτῳ
1184 1850 1426 1915 κρείττονα
1461 1847 1543 1898 τὸν
1569 1846 1703 1908 Υὶὸν,

112 1935 304 2004 ὅσῳπερ
344 1933 401 1984 ἂν
442 1934 656 2002 φαίνοιτο
695 1937 776 1997 τῆς
820 1932 938 1984 κατὰ
984 1932 1127 1994 νόμον
1165 1931 1402 1984 πολιτείας
1441 1928 1500 1980 τὰ
1536 1929 1707 1992 ἀμείνω

114 2021 392 2081 νομοθετῶν,
419 2018 496 2067 καὶ
521 2014 713 2067 πάντων
740 2016 857 2078 ὁμοῦ
883 2019 977 2065 τῶν
1004 2013 1080 2064 διὰ
1109 2013 1356 2067 Μωυσέως
1388 2011 1624 2080 εἰσφέρων
1650 2010 1708 2061 τὰ

113 2099 351 2160 βελτίονα.
407 2105 424 2150 ὁ
461 2096 547 2162 μὲν
573 2097 667 2164 γὰρ
705 2100 830 2165 νόμος
866 2098 990 2166 φησὶ
1019 2094 1094 2147 δια
1121 2096 1344 2150 Μωυσέως
1372 2091 1497 2156 ἐδόθη,
1525 2097 1546 2153 ἦ
1577 2093 1709 2162 χάρις
1727 2122 1749 2146 a
1779 2113 1860 2147 102
1879 2113 1929 2146 A.

117 2186 194 2232 καὶ
235 2207 256 2241 η
294 2179 479 2241 ἀλήθεια
519 2177 595 2231 δια
629 2181 768 2240 Ἰησοῦ
808 2181 991 2248 Χριστοῦ
1031 2178 1208 2244 ἐγένετο.
1272 2178 1341 2230 τίς
1380 2177 1460 2227 οῦν
1495 2177 1587 2242 ἄρα
1626 2181 1708 2226 τοῦ

47 2273 95 2312 25
115 2263 258 2325 νόμου
283 2262 402 2328 πρὸς
435 2261 520 2326 τὴν
549 2260 623 2312 διὰ
657 2267 739 2312 τοῦ
768 2263 989 2326 Σωτῆρος
1024 2259 1150 2329 χάριν
1177 2260 1204 2324 ἡ
1231 2257 1451 2327 διαφορὰ,
1479 2257 1708 2323 θεωρήσει

112 2343 261 2396 πάλιν
287 2346 311 2395 ὁ
339 2342 655 2413 φιλοζητητὴς
689 2345 765 2394 καὶ
798 2345 977 2409 ἑταῖρος
1006 2343 1214 2408 ἱδρώτων
1240 2343 1448 2406 ἀγαθῶν·
1490 2341 1632 2405 ὀλίγα
1660 2339 1707 2390 δὲ

113 2427 242 2490 ἡμεῖς
277 2429 467 2492 ἐροῦμεν
500 2428 602 2476 ἀντὶ
636 2429 851 2487 πολλῶν,
884 2424 1123 2490 ἀμήρυτόν
1155 2447 1258 2474 τινα
1292 2426 1368 2474 καὶ
1402 2421 1584 2489 μακρὸν
1614 2425 1708 2472 τῶν

114 2511 189 2560 ἐπὶ
238 2509 417 2561 τούτοις
469 2504 785 2574 θεωρημάτων
833 2506 916 2557 τὸν
967 2504 1166 2572 ἀριθμὸν
1218 2505 1332 2556 ὄντα
1384 2503 1702 2556 πιστεύοντες.

1768 2586 1841 2618 Gal.
1858 2587 1903 2618 iii.

116 2592 280 2641 οὐκοῦν
307 2592 332 2641 ὀ
358 2588 444 2654 μὲν
465 2589 604 2652 νόμος
631 2588 864 2654 κατέκρινε
893 2587 975 2639 τὸν
1002 2588 1203 2650 κόσμον·
1242 2594 1269 2616 “
1290 2585 1594 2637 Συνε’κλεισε”
1614 2584 1706 2652 γὰρ
1771 2640 1807 2661 22

126 2673 136 2687 (
250 2672 263 2687 N
377 2674 386 2687 ’
461 2673 470 2687 ³
540 2677 558 2685 Α
598 2679 624 2700 (ί
684 2670 695 2686 X
793 2671 804 2683 Ι
939 2673 949 2685 r
996 2670 1009 2684 X
1072 2672 1082 2685 c
1224 2670 1235 2686 Ι
1307 2670 1329 2683 ,5
1377 2671 1386 2684 ε
1465 2669 1474 2682 Q
1600 2673 1619 2682 Α
1671 2666 1680 2679 Ι

49 2692 142 2728 300
175 2677 296 2726 Θεος
333 2675 377 2722 δι
417 2695 559 2722 αυτου
644 2694 702 2721 τα
736 2694 892 2722 παντα
928 2694 1017 2721 υπο
1058 2692 1304 2735 αμαρτιαν,
1360 2692 1420 2721 ως
1456 2691 1480 2718 ο
1510 2671 1706 2721 Παυλος

164 2819 197 2853 3.
224 2805 412 2851 ἐλάβομεν]
436 2810 473 2847 -Ι-
494 2807 547 2840 καὶ
564 2807 664 2851 χάριν
681 2806 753 2840 ἀντὶ
770 2807 908 2851 χάριτος
927 2805 968 2839 Β.
1160 2815 1193 2848 5.
1220 2802 1353 2847 καιροὺς·
1369 2805 1552 2847 γεγόνασιν
1569 2803 1708 2837 inverso

118 2855 238 2888 ordine
258 2853 300 2888 B.
365 2853 490 2886 Statim
508 2853 749 2898 ὑπερανίσχειν
768 2853 809 2887 Β.
828 2852 1046 2897 ὑπερανέχειν
1065 2851 1130 2885 Ed.
1325 2861 1378 2883 12.
1405 2849 1502 2894 ἰδίας]
1524 2849 1646 2885 οἷκείας
1667 2850 1707 2884 Β.

118 2902 270 2946 Χριστοῦ
290 2900 331 2933 Β.
350 2901 430 2933 Υἶοῦ
450 2899 515 2933 Ed.
702 2910 754 2944 17.
782 2899 908 2943 Κυρίου
928 2899 969 2932 Β.
990 2900 1141 2942 Χριστοῦ
1161 2896 1226 2930 Ed.
1412 2907 1467 2930 20.
1493 2899 1660 2931 τοσοῦτον
1677 2909 1707 2930 a.

120 2959 175 2991 27.
194 2946 251 2981 Ad
269 2946 437 2991 ἀμήρυτον
455 2945 598 2980 adnotat
615 2946 645 2979 E
660 2958 750 2990 mg.:
776 2946 810 2980 ἐκ
829 2948 889 2980 τοῦ
906 2946 1044 2988 λεξικοῦ
1061 2947 1121 2978 τοῦ
1138 2944 1236 2988 ἁγίου
1255 2944 1449 2986 Κυρίλλουε
1475 2943 1710 2987 ἀτελεύτητος,

119 2994 306 3039 ἄφθαρτος.
371 2994 498 3037 μακρὸν
517 2993 607 3027 D.E.
629 2993 762 3037 Migne.
780 2993 910 3037 μακρὰν
929 2992 995 3025 Ed.
1015 2992 1067 3025 καὶ
1084 2991 1212 3034 μακρὸν
1230 3002 1299 3023 om.
1321 2989 1360 3023 B.
