2084 3317
336 178 420 218 206
739 172 789 212 B.
823 168 1097 211 CYRILLI
1138 164 1518 207 ALEXANDR.
1704 161 1748 200 ii.
1771 169 1835 213 15,
1857 158 1921 197 16.

339 283 459 350 θάρη
494 281 588 349 γὰρ
623 280 768 333 ὅντως
804 281 829 329 ὁ
866 274 1142 328 δεσποτικὸς
1179 273 1418 338 ἀμπελὼν,
1445 271 1594 331 σέβας
1620 267 1705 333 μὲν
1731 264 1843 317 αὐτὸ
1870 264 1924 316 τὸ

338 371 442 432 περὶ
469 364 523 415 τὸ
551 368 673 416 θεῖον
693 366 855 413 πατεῖν
878 355 1228 420 διδασκόμενος,
1248 361 1348 408 ταῖς
1375 353 1423 404 δὲ
1448 358 1542 404 τῶν
1561 348 1926 418 προεστηκότων

341 445 715 515 αἰσχροκερδίαις
742 446 804 497 εἷς
829 446 994 492 πᾶσαν
1021 438 1330 489 ἀπαιδευσίαν
1356 433 1781 502 ἀποχερσούμενος.

279 642 324 679 Ι5
369 639 444 679 Καὶ
480 638 663 679 Ποιήσας
702 636 762 676 ὡς
801 633 1062 691 φραΓὲλλιον
1099 631 1146 673 ἐκ
1184 628 1380 685 σχοινίων
1418 628 1582 668 Πάντας
1619 625 1821 672 ἐξέβαλεν
1859 621 1905 661 ἐκ

303 733 324 759 e
1019 717 1093 755 τοῦ
1132 711 1261 769 ἱεροῦ.
1950 715 1972 752 5

417 835 706 899 Ἀγανακτεῖ
734 830 820 895 μὲν
846 828 1033 883 εἰκότως
1067 830 1140 879 ἐπὶ
1175 832 1276 879 ταῖς
1309 830 1404 876 τῶν
1428 823 1667 875 Ἰουδαίων
1693 820 1933 872 ἀπονοίαις

345 917 370 966 ὁ
411 916 594 980 Σωτήρ·
653 915 705 965 οὐ
743 912 837 980 γὰρ
877 910 1003 963 οἶκον
1042 910 1263 976 ἐμπορίου
1302 906 1384 959 τὸν
1423 911 1546 957 θεῖον
1585 907 1725 972 ἐχρῆν
1766 905 1934 953 ἀποτε-

123 997 284 1029 S.Matth.

123 1042 254 1082 xxi.13.
349 1002 536 1049 λεῖσθαι
588 995 713 1058 ναὸν,
767 995 877 1045 ἀλλ’
932 992 1059 1044 οἶκον
1108 993 1260 1059 εὐχῆς·
1336 991 1456 1040 οὕτω
1507 986 1601 1053 γὰρ
1648 986 1930 1052 γέγραπται.

349 1079 540 1131 δεικνύει
579 1077 626 1130 δέ
661 1079 744 1129 οὐκ
779 1079 826 1128 ἐν
857 1079 1022 1145 ψιλοῖς
1057 1074 1111 1125 τὸ
1148 1073 1318 1137 κίνημα
1352 1070 1528 1136 λόγοις,
1560 1067 1693 1119 ἀλλὰ
1727 1069 1936 1131 πληγαῖς

124 1177 203 1211 139
221 1175 273 1212 Α.
310 1164 424 1213 alca}
461 1160 661 1227 μάστιγι
699 1164 793 1211 τῶν
833 1162 966 1225 ἱερῶν
1005 1157 1174 1226 ἐξωθεῖ
1206 1153 1490 1221 περιβόλων,
1531 1151 1831 1215 δουλοπρεπῆ
1871 1150 1936 1198 δι-
1958 1169 2005 1194 10

349 1244 488 1296 καίως
540 1244 696 1296 αὐτοῖς
745 1239 999 1304 ἐπινοήσας
1051 1239 1136 1302 τὴν
1187 1236 1430 1302 τιμωρίαν·
1491 1235 1544 1284 οὐ
1594 1232 1687 1298 γὰρ
1736 1231 1939 1293 ἔμελλον

350 1325 671 1394 ὑποδέξασθαι
710 1322 791 1374 τὸν
829 1324 1165 1387 ἐλευθεροῦντα
1205 1318 1281 1370 διὰ
1320 1318 1525 1370 πίστεως
1563 1314 1695 1365 Υὶόν.
1762 1312 1850 1379 ὅρα
1891 1312 1946 1362 δέ

350 1431 427 1471 μοι
465 1411 623 1460 καλῶς
658 1409 719 1459 ὡς
756 1407 803 1456 ἐν
829 1403 968 1455 εἰκόνι
1003 1400 1297 1469 πραγμάτων
1322 1397 1745 1466 καταγραφόμενον
1775 1393 1830 1445 τὸ
1866 1393 1942 1444 διὰ

130 1500 291 1533 10012111·
351 1496 434 1541 τοῦ
463 1488 663 1540 Παύλου
698 1485 956 1554 λεγόμενον
983 1491 1008 1513 “
1030 1484 1095 1535 Εἴ
1123 1506 1192 1537 τις
1226 1481 1309 1533 τὸν
1336 1479 1448 1532 ναὸν
1479 1485 1562 1530 τοῦ
1589 1482 1714 1529 Θεοῦ
1749 1476 1938 1543 φθείρῃ,

133 1555 181 1585 17.

351 1581 379 1602 ‘⁵
406 1576 573 1641 φθερεῖ
593 1576 759 1621 τοῦτον
787 1567 1001 1621 ὁ,Θεός.”
1824 1585 1827 1587 ’
1967 1579 2012 1615 15

291 1771 336 1806 16
416 1766 573 1822 Ἄρατε
610 1768 744 1806 ταῦτα
782 1764 990 1805 ἐντεῦθεν·
1036 1760 1091 1809 μή
1131 1756 1294 1801 Ποιεῖτε
1330 1757 1403 1800 τὸν
1441 1752 1558 1797 οἶκον
1596 1757 1669 1796 τοῦ
1707 1751 1877 1807 Πατρός

902 1860 981 1893 μου
1020 1840 1138 1885 οἶκον
1175 1840 1398 1898 ἐμπορίου.

432 1978 701 2030 Ἐπιτάττει
752 1976 836 2040 μὲν
881 1978 942 2029 ὡς
995 1972 1246 2037 δεσπότης,
1297 1973 1582 2038 χειραγωγεῖ
1628 1966 1675 2018 δὲ
1725 1964 1843 2032 πρὸς
1894 1963 1947 2015 τὸ

314 2060 538 2128 Ῑσπρέπον
569 2063 630 2114 ὡς
666 2058 971 2120 διδάσκαλος,
999 2055 1296 2122 παρατίθησί
1328 2075 1378 2103 τε
1412 2055 1471 2119 τῇ
1507 2047 1703 2101 κολάσει
1736 2048 1821 2113 τὴν
1854 2051 1949 2098 τῶν

358 2141 674 2206 πταισμάτων
705 2140 951 2209 ἐξήγησιν,
981 2142 1105 2189 αἰδοῖ
1137 2141 1195 2204 τῇ
1234 2137 1338 2202 περὶ
1376 2132 1495 2184 αὐτὰ
1532 2131 1834 2200 χαλεπαίνειν
1866 2131 1948 2180 οὑκ
1970 2155 2020 2179 20

361 2228 448 2277 ἐῶν
490 2224 572 2276 τὸν
619 2222 970 2286 ἐπιτιμώμενον.
1045 2217 1332 2283 σημειωτέον
1377 2215 1425 2267 δὲ
1477 2215 1548 2266 ὅτι
1594 2213 1741 2265 πάλιν
1786 2216 1951 2263 οἰκεῖον

362 2311 597 2359 ἀποκαλεῖ
637 2305 830 2371 Πατέρα
870 2305 1131 2366 μοναδικῶς
1174 2299 1257 2350 τὸν
1302 2296 1439 2360 Θεὸν,
1482 2299 1544 2350 ὡς
1589 2293 1727 2349 αὐτὸς
1772 2293 1828 2358 δὴ
1873 2295 1950 2344 καὶ

362 2391 504 2455 μόνος
555 2387 675 2440 κατὰ
725 2387 874 2455 φύσιν
921 2383 1144 2451 ὑπάρχων
1195 2382 1251 2450 ἐξ
1297 2381 1439 2431 αὐτοῦ
1491 2380 1566 2430 καὶ
1617 2375 1952 2444 γεγεννημένος

365 2475 569 2537 άληθῶς.
630 2474 668 2520 εἰ
703 2468 796 2535 γὰρ
831 2466 894 2532 μὴ
931 2472 1097 2517 τοῦτον
1129 2464 1222 2532 ε”χει
1255 2461 1338 2514 τὸν
1372 2461 1563 2528 τρόπον,
1588 2460 1690 2511 ἔστι
1724 2458 1772 2510 δέ
1807 2457 1952 2511 ὅντως

365 2555 470 2618 μεθ’
507 2554 640 2618 ἡμῶν
673 2553 697 2602 ὁ
733 2549 891 2616 Λόγος
931 2546 1039 2610 υἱὸς,
1072 2549 1134 2601 ὡς
1172 2545 1235 2599 εἷς
1274 2545 1331 2613 ἐξ
1368 2545 1512 2608 ἡμῶν,
1549 2541 1669 2593 κατὰ
1707 2541 1840 2593 θέσιν
1873 2543 1953 2604 δη-
1974 2562 2022 2600 25

417 2715 449 2745 4.
477 2702 520 2737 ὦς
537 2713 607 2736 om.
626 2713 655 2735 a.
812 2708 844 2744 5.
872 2695 980 2743 ἱεροῦ]
1001 2695 1110 2730 Addit
1127 2695 1168 2729 τά
1185 2709 1220 2728 τε
1237 2695 1394 2738 πρόβατα
1412 2693 1465 2726 καὶ
1481 2691 1559 2726 τοὺς
1574 2692 1660 2730 βόας
1677 2689 1730 2723 καὶ
1747 2691 1813 2722 τῶν
1830 2688 1954 2721 κολλυ-

369 2752 501 2790 βιστῶν
523 2747 638 2793 ἐξέχεε
661 2748 699 2781 τὸ
724 2746 828 2790 κέρμα
851 2746 904 2779 καὶ
927 2745 986 2779 τὰς
1006 2741 1171 2787 τραπέζας
1196 2741 1389 2785 ἀνέστρεψε
1416 2740 1468 2772 καὶ
1491 2740 1562 2773 τοῖς
1584 2738 1644 2772 τὰς
1665 2735 1869 2781 περιστερὰς
1885 2748 1955 2768 πω-

370 2798 494 2830 λοῦσιν
510 2792 602 2829 εἶπεν
620 2794 688 2828 Ed.
706 2794 816 2828 invito
836 2792 878 2826 B.
1014 2802 1047 2835 9.
1073 2787 1212 2823 δεικνύει
1232 2787 1273 2821 Β.
1294 2786 1399 2821 Cord.
1419 2785 1567 2820 δείκνυσι
1586 2783 1652 2817 Ed.
1785 2792 1836 2826 13.
1863 2781 1907 2815 ὡς
1923 2785 1957 2813 et

370 2843 577 2887 πραγμάτων
594 2853 663 2875 om.
688 2840 731 2874 B.
890 2849 943 2880 14.
967 2838 1152 2882 λεγόμενον
1171 2835 1212 2869 Β.
1229 2833 1435 2878 λελεγμένον
1456 2832 1520 2866 Ed.
1593 2828 1659 2875 τις]
1684 2833 1720 2870 -Ι-
1742 2827 1800 2862 οῧν
1819 2826 1885 2861 Ed.
1903 2827 1957 2860 in-

370 2890 443 2922 vito
463 2889 505 2922 B.
700 2886 753 2920 16.
779 2885 900 2920 ταύτης
919 2885 952 2918 D
970 2896 1043 2928 mg.
1239 2892 1293 2914 21.
1319 2881 1423 2914 πάλιν
1440 2878 1490 2912 ὅτι
1508 2878 1605 2924 prius
1624 2875 1760 2920 scripsit
1780 2875 1820 2908 B.
1840 2873 1958 2907 invitis

373 2935 526 2969 Catenis.
657 2945 712 2967 22.
738 2933 903 2967 ἀποκαλεῖ
920 2931 1057 2973 Πατέρα
1073 2929 1139 2962 hoc
1157 2927 1278 2962 ordine
1298 2926 1339 2961 B.
1360 2926 1452 2960 Catt.
1583 2935 1638 2968 23.
1653 2920 1771 2967 μόνος]
1796 2925 1831 2961 -1-
1854 2922 1872 2953 ὁ
1891 2918 1957 2954 Ed.

372 2982 486 3015 invitis
508 2981 548 3015 B.
567 2980 659 3014 Catt.
804 2990 858 3020 24.
885 2977 987 3013 ὅντως
1006 2977 1048 3010 Β.
1067 2975 1171 3010 οὕτως
1190 2974 1255 3008 Ed.
