2084 3317
123 160 293 216 vi.5-7.
346 162 421 203 IN
463 163 505 204 S.
539 161 874 204 JOANNEM.
938 161 1063 201 LIB.
1098 159 1185 201 III.
1248 159 1381 200 CAP.
1416 158 1493 198 IV.
1627 158 1711 197 407

200 269 338 320 Κατὰ
372 269 459 334 μὲν
493 271 574 321 οῦν
605 274 688 335 τῆς
724 271 936 337 ἱστορίας
970 269 1053 320 τὸν
1080 268 1243 333 λόγον,
1270 268 1353 318 οὐκ
1392 264 1488 317 ἀπὸ
1525 269 1711 315 σκοποῦ

122 353 408 402 συντείνεται
433 357 528 403 τῶν
553 353 803 418 εἰρημένων
829 352 856 416 ἡ
884 351 1092 414 δύναμις,
1109 347 1461 412 μεταβαλόντες
1489 345 1537 397 δὲ
1564 344 1713 397 πάλιν

121 431 241 483 αὐτὰ
266 432 385 500 πρὸς
411 434 607 500 θεωρίαν
632 432 961 497 πνευματικὴν,
988 435 1064 484 καὶ
1089 431 1143 484 τὸ
1170 433 1218 482 ἐν
1243 430 1375 499 τύπῳ
1411 427 1541 495 παχὺ
1576 450 1710 492 περι-

123 514 351 580 κείροντες
384 518 566 582 σχῆμα,
593 515 881 582 γυμνότερον
911 515 1000 579 ἤδη
1038 514 1208 584 φαμὲν,
1236 515 1298 566 ὡς
1338 510 1413 562 διὰ
1451 510 1713 576 προθυμίας
1732 528 1753 554 θ

81 608 103 648 5
124 597 306 661 ἀγαθῆς
345 600 420 648 καὶ
458 599 665 652 πίστεως
704 597 812 651 τοὺς
852 597 1178 664 ἐπιζητοῦντας
1217 594 1371 655 αὐτὸν,
1411 591 1623 657 καθάπερ
1662 590 1719 659 ἐξ

125 676 274 744 ὅρους,
301 678 357 747 ἐξ
381 680 573 748 ὑψηλῆς
599 677 819 743 δηλονότι
845 682 921 730 καὶ
948 683 1235 744 θεοπρεποῦς
1269 678 1351 739 τῆς
1381 673 1714 741 προγνώσεως,

124 761 479 826 προαναβλέπει
519 760 654 824 Θεὸς,
690 760 810 811 κατὰ
853 760 908 811 τὸ
947 761 1186 826 εἰρημένον
1224 756 1354 824 παρὰ
1392 762 1474 807 τοῦ
1516 755 1716 806 Παύλου

125 847 153 870 “
179 842 281 896 Οὓς
312 842 405 908 γὰρ
436 843 666 908 προέγνω,
695 845 769 893 καὶ
799 842 1039 908 προώρισε
1074 840 1391 908 συμμόρφους
1425 841 1507 901 τῆς
1543 835 1715 890 εἰκόνος
1777 846 1879 919 ΞΞΠΙΞ

124 930 152 953 “
177 929 261 974 τοῦ
299 928 417 975 Υἱοῦ
461 925 618 987 αὑτοῦ,
658 924 852 978 τούτους
898 926 973 974 καὶ
1017 921 1286 974 ἐκάλεσεν.”
1353 922 1519 988 ἐπαίρει
1560 919 1716 969 τοίνυν
1780 913 1844 972 3οῘ
1883 897 1914 930 9,

55 1032 104 1058 10
124 1003 222 1061 τοῖις
273 1005 535 1075 ὀφθαλμοὺς
586 1012 604 1058 o‘
655 1004 883 1072 Χριστὸς,
924 1007 1059 1056 οἱονεὶ
1110 1007 1192 1068 τῆς
1244 1004 1370 1057 θείας
1421 1000 1717 1068 ἐπισκέψεως

123 1086 282 1156 ἀξίους
308 1087 446 1141 ὄντας
472 1088 769 1139 ἐπιδεικνύων
795 1087 902 1142 τοὺς
929 1089 1214 1154 ἀγαπῶντας
1239 1084 1399 1136 αὐτόν·
1441 1083 1604 1148 ὥσπερ
1636 1082 1718 1133 οὖν
1735 1100 1757 1124 a
1787 1091 1869 1126 276
1888 1089 1937 1124 A·

123 1168 286 1232 ἀμέλει
331 1171 407 1220 καὶ
449 1172 496 1221 ἐν
535 1170 754 1235 εὐλογίας
798 1168 958 1239 τρόπῳ
1000 1167 1120 1235 πρὸς
1161 1167 1244 1219 τὸν
1281 1165 1484 1232 Ἰσραὴλ
1529 1164 1717 1230 ἐλέγετο

124 1258 151 1280 “
177 1251 382 1318 Ἐπάραι
410 1251 583 1317 Κύριος
617 1251 670 1303 τὸ
705 1251 969 1319 πρόσωπον
1003 1252 1144 1302 αὑτοῦ
1180 1251 1255 1301 ἐπὶ
1292 1247 1350 1299 σὲ
1387 1250 1461 1299 καὶ
1502 1246 1598 1314 δώῃ
1637 1269 1717 1297 σοι
1779 1244 1883 1320 {6¹²OE
1896 1243 1939 1273 vi.

124 1339 152 1362 ‘⁶
178 1332 403 1399 εἰρήνην·”
445 1335 555 1385 ἀλλ’
586 1335 639 1385 οὐ
665 1334 802 1402 μέχρι
828 1333 973 1398 μόνης
999 1335 1082 1397 τῆς
1117 1331 1412 1400 ἐπισκέψεως
1448 1330 1476 1394 ἡ
1515 1331 1588 1381 ἐπὶ
1623 1332 1719 1382 τοῖς

57 1435 103 1474 15
123 1420 326 1480 τιμῶσιν
352 1416 494 1467 αὑτὸν
522 1417 717 1483 ὁρίζεται
743 1416 894 1484 χάρις,
921 1413 1053 1466 ἀλλά
1084 1438 1128 1465 τι
1159 1417 1234 1466 καὶ
1264 1414 1421 1480 ἕτερον
1446 1413 1718 1478 προστιθεὶς

124 1499 149 1548 ὁ
201 1498 426 1565 μακάριος
478 1498 860 1565 Εὑαγγελιστὴς,
915 1500 998 1549 οὐκ
1049 1497 1353 1564 ἀπρονοήτως
1404 1495 1573 1562 ε”χοντα
1624 1497 1718 1543 τῶν

123 1580 284 1649 ὄχλων
311 1581 503 1632 δεικνύει
530 1580 611 1632 τὸν
632 1581 824 1647 Κύριον,
853 1581 963 1631 ἀλλ’
996 1584 1057 1634 εἰς
1084 1578 1266 1648 τροφὰς
1292 1570 1381 1643 ἤδη
1410 1579 1485 1628 καὶ
1511 1577 1714 1627 πανδαι-

122 1665 236 1715 σίαν
268 1662 664 1730 εὐτρεπιζόμενον·
712 1663 787 1714 ἵνα
827 1663 883 1727 δὴ
921 1662 1072 1714 ποίλιν
1105 1661 1181 1712 διὰ
1219 1661 1388 1712 τούτου
1427 1662 1537 1727 νοῇς
1575 1656 1629 1708 τὸ
1669 1658 1718 1707 ἐν

312 1747 323 1763 l
550 1744 561 1760 Ῐ
873 1746 883 1760 )
1181 1742 1193 1759 Ι
1389 1742 1400 1756 Ι
1671 1738 1682 1753 ἵ
1860 1749 1868 1756 v

121 1769 392 1813 παροιμιαις
444 1749 705 1815 φερομενον
757 1752 784 1775 “
812 1749 887 1796 Ου
938 1751 1272 1809 λιμοκτονησει
1325 1746 1499 1807 Κυριος
1553 1743 1717 1807 ψυχην
1779 1738 1924 1818 {sm-X·

54 1836 150 1881 20“
177 1827 405 1879 δικαίαν·”
446 1827 612 1879 ἑαυτὸν
642 1827 735 1893 γὰρ
773 1828 1080 1893 παρατίθησι,
1114 1824 1325 1891 καθάπερ
1365 1824 1509 1889 ἄρτον
1547 1822 1604 1890 ἐξ
1641 1813 1786 1872 οὐ-Ῑ).

120 1916 281 1977 ρανοῦ,
322 1912 397 1960 καὶ
436 1909 519 1963 τὰς
557 1914 651 1960 τῶν
690 1909 1001 1979 φοβουμένων
1044 1907 1187 1960 αὑτὸν
1225 1905 1489 1974 ἀποθρέψει
1534 1903 1712 1973 ψυχάς·

119 1995 277 2046 πάντα
328 1992 376 2044 δὲ
425 1993 580 2046 αὐτοῖς
631 1992 855 2059 ἑτοιμάζει
907 1990 967 2043 τὰ
1016 1990 1216 2058 ζωαρκῆ,
1268 1987 1481 2055 καθάπερ
1537 1987 1619 2037 οῦν
1669 1987 1718 2037 ἐν

121 2080 335 2146 ψαλμοῖς
388 2074 517 2141 λέγει
561 2074 615 2126 τό
657 2082 683 2104 “
709 2075 1013 2138 ςΗτοίμασας
1063 2071 1151 2138 τὴν
1200 2071 1386 2140 τροφὴν
1430 2071 1598 2131 αὐτῶν,
1645 2068 1716 2119 ὅτι
1779 2071 1926 2146 ξιξ-Μὶν·

121 2165 149 2189 “
175 2159 322 2211 οὕτως
367 2157 395 2221 ἡ
441 2157 689 2219 ἑτοιμασία
735 2156 873 2208 σου.”
933 2157 1010 2206 καὶ
1062 2154 1201 2208 αὐτὸς
1253 2153 1306 2203 δέ
1352 2176 1445 2205 που
1494 2153 1646 2220 φησὶν
1691 2151 1715 2201 ὁ

51 2261 101 2301 25
120 2240 334 2308 Χριστός
363 2247 389 2269 ‘⁶
409 2237 567 2303 Ἀμὴν
594 2237 719 2303 ἀμὴν
750 2239 879 2302 λέγω
917 2239 1037 2301 ὑμῖν,
1064 2238 1089 2288 ὁ
1129 2235 1379 2305 ἐρχόμενος
1416 2234 1535 2300 πρὸς
1570 2232 1627 2297 μὲ
1662 2233 1715 2283 οὐ
1776 2227 1912 2311 ᾗὲῗῖὅ

120 2330 149 2352 “
174 2322 238 2387 μὴ
273 2321 476 2389 πεινάσῃ
511 2320 748 2372 πώποτε·”
792 2320 1013 2372 ἐπιδώσει
1043 2318 1151 2386 γὰρ,
1178 2317 1390 2384 καθάπερ
1426 2316 1515 2380 ἤδη
1551 2315 1711 2381 προεί-

120 2428 290 2470 πομεν,
321 2403 404 2458 τὰς
442 2403 499 2473 ἐξ
534 2404 733 2469 οὐρανοῦ
772 2402 993 2467 δηλονότι
1031 2401 1228 2470 τροφὰς,
1264 2403 1337 2452 καὶ
1375 2398 1460 2463 τὴν
1490 2399 1714 2460 πολυειδῆ

119 2493 203 2539 τοῦ
236 2487 514 2548 Πνεύματος
553 2483 975 2555 ἐπιδαψιλεύσεται
1013 2483 1165 2553 χάριν.
1219 2480 1528 2550 εὐτρεπίζεται
1567 2477 1754 2545 γεμὴνο

118 2569 237 2637 πρὸς
263 2567 317 2620 τὸ
344 2570 504 2619 δοῦναι
539 2572 636 2621 τοῖς
670 2573 930 2634 προσιοῦσι
964 2566 1048 2621 τὰς
1083 2565 1280 2634 τροφὰς,
1308 2562 1412 2615 οὐδὲ
1446 2563 1714 2629 περιμείνας

1776 2646 1870 2676 Rom.

48 2677 101 2713 30
118 2650 205 2717 τὴν
243 2650 446 2715 αἴτησιν.
504 2657 531 2680 “
553 2649 624 2701 Τὸ
669 2649 764 2717 γὰρ
807 2650 856 2701 τί
894 2648 1262 2718 προσευξόμεθα
1302 2647 1410 2698 καθ’
1452 2644 1477 2697 ὃ
1520 2648 1592 2696 δεῖ
1631 2645 1714 2695 οὐκ
1774 2690 1832 2720 vffi
1862 2689 1900 2721 26

169 2838 201 2861 2.
227 2827 478 2871 μεταλαβόντες
497 2825 539 2860 Β.
723 2836 758 2869 9.
784 2825 887 2859 αὐτοῦ
905 2830 1129 2869 assumptum
1147 2835 1188 2857 ex
1208 2822 1250 2857 B.
1445 2829 1498 2865 15¹.
1526 2834 1557 2854 τι
1576 2820 1629 2853 καὶ
1646 2819 1713 2854 hoc

120 2874 242 2908 ordine
261 2873 303 2907 B.
489 2883 542 2917 17.
567 2872 771 2906 πανδαισίαν
790 2872 884 2906 Β.Ι).
900 2871 1104 2907 πανδαισίας
1122 2869 1189 2904 Ed.
1359 2878 1412 2902 20.
1442 2867 1651 2911 παρατίθησι
1671 2866 1714 2900 Β.

123 2920 315 2966 παραθήσει
334 2919 402 2954 Ed.
652 2929 709 2953 21.
733 2918 924 2965 ἀποτρέψει
944 2918 1079 2963 Migne.
1328 2925 1383 2960 23.
1408 2913 1503 2960 λέγει
1520 2915 1558 2949 τό
1578 2913 1620 2948 Β.
1638 2913 1713 2947 ἐλέ-

121 2982 201 3013 γετο
220 2967 286 3001 Ed.
