<?xml version="1.0" encoding="UTF-8"?>
<!DOCTYPE html PUBLIC "-//W3C//DTD XHTML 1.0 Transitional//EN"
    "http://www.w3.org/TR/xhtml1/DTD/xhtml1-transitional.dtd">
<html xmlns="http://www.w3.org/1999/xhtml" xml:lang="en" lang="en">
 <head>
  <title>
</title>
<meta http-equiv="Content-Type" content="text/html;charset=utf-8" />
  <meta name='ocr-system' content='tesseract 3.04.00' />
  <meta name='ocr-capabilities' content='ocr_page ocr_carea ocr_par ocr_line ocrx_word'/>
</head>
<body>
  <div class='ocr_page' id='page_1' title='image "./operacyrilli03cyriuoft_0248.png"; bbox 0 0 2084 3317; ppageno 0'>
   <div class='ocr_carea' id='block_1_1' title="bbox 277 152 1857 204">
    <p class='ocr_par' dir='ltr' id='par_1_1' title="bbox 277 152 1857 204">
     <span class='ocr_line' id='line_1_1' title="bbox 277 152 1857 204; baseline 0.007 -11"><span class='ocrx_word' id='word_1_1' title='bbox 277 154 358 193; x_wconf 85' lang='lat'>198</span> <span class='ocrx_word' id='word_1_2' title='bbox 675 155 726 194; x_wconf 89' lang='lat' dir='ltr'>B.</span> <span class='ocrx_word' id='word_1_3' title='bbox 759 155 1032 195; x_wconf 85' lang='lat' dir='ltr'>CYRILLI</span> <span class='ocrx_word' id='word_1_4' title='bbox 1073 155 1453 195; x_wconf 82' lang='lat' dir='ltr'><strong>ALEXANDR.</strong></span> <span class='ocrx_word' id='word_1_5' title='bbox 1658 152 1684 191; x_wconf 88' lang='lat' dir='ltr'>i·</span> <span class='ocrx_word' id='word_1_6' title='bbox 1703 162 1857 204; x_wconf 81' lang='lat'><strong>47-49·</strong></span> 
     </span>
    </p>
   </div>
   <div class='ocr_carea' id='block_1_2' title="bbox 875 313 1252 373">
    <p class='ocr_par' dir='ltr' id='par_1_2' title="bbox 875 313 1252 373">
     <span class='ocr_line' id='line_1_2' title="bbox 875 313 1252 373; baseline -0.003 -16"><span class='ocrx_word' id='word_1_7' title='bbox 875 316 1031 373; x_wconf 73' lang='grc' dir='ltr'>’Έρχου</span> <span class='ocrx_word' id='word_1_8' title='bbox 1070 317 1138 357; x_wconf 80' lang='grc' dir='ltr'>καὶ</span> <span class='ocrx_word' id='word_1_9' title='bbox 1176 313 1252 357; x_wconf 71' lang='grc' dir='ltr'>ἴδε.</span> 
     </span>
    </p>
   </div>
   <div class='ocr_carea' id='block_1_3' title="bbox 55 442 1940 1164">
    <p class='ocr_par' dir='ltr' id='par_1_3' title="bbox 276 442 1906 758">
     <span class='ocr_line' id='line_1_3' title="bbox 352 442 1862 515; baseline -0.001 -19"><span class='ocrx_word' id='word_1_10' title='bbox 352 446 571 512; x_wconf 77' lang='grc' dir='ltr'>Ἀρκέσει</span> <span class='ocrx_word' id='word_1_11' title='bbox 604 446 722 511; x_wconf 80' lang='grc' dir='ltr'>πρὸς</span> <span class='ocrx_word' id='word_1_12' title='bbox 755 448 920 498; x_wconf 86' lang='grc' dir='ltr'>πίστιν</span> <span class='ocrx_word' id='word_1_13' title='bbox 947 448 973 511; x_wconf 85' lang='grc' dir='ltr'>ἡ</span> <span class='ocrx_word' id='word_1_14' title='bbox 1009 446 1105 508; x_wconf 76' lang='grc' dir='ltr'>θέα,</span> <span class='ocrx_word' id='word_1_15' title='bbox 1131 448 1295 515; x_wconf 67' lang='grc' dir='ltr'>φησιν,</span> <span class='ocrx_word' id='word_1_16' title='bbox 1323 448 1397 497; x_wconf 78' lang='grc' dir='ltr'>καὶ</span> <span class='ocrx_word' id='word_1_17' title='bbox 1423 445 1568 509; x_wconf 90' lang='grc' dir='ltr'>μόνον</span> <span class='ocrx_word' id='word_1_18' title='bbox 1594 448 1655 497; x_wconf 80' lang='grc' dir='ltr'>εἰς</span> <span class='ocrx_word' id='word_1_19' title='bbox 1688 442 1862 508; x_wconf 88' lang='grc' dir='ltr'>λόγους</span> 
     </span>
     <span class='ocr_line' id='line_1_4' title="bbox 276 526 1863 594; baseline 0.001 -18"><span class='ocrx_word' id='word_1_20' title='bbox 276 526 429 577; x_wconf 80' lang='grc' dir='ltr'>ἐλθὼν</span> <span class='ocrx_word' id='word_1_21' title='bbox 467 528 877 592; x_wconf 86' lang='grc' dir='ltr'>συνομολογήσεις</span> <span class='ocrx_word' id='word_1_22' title='bbox 915 527 1214 594; x_wconf 79' lang='grc' dir='ltr'>γοργότερον,</span> <span class='ocrx_word' id='word_1_23' title='bbox 1255 530 1329 578; x_wconf 83' lang='grc' dir='ltr'>καὶ</span> <span class='ocrx_word' id='word_1_24' title='bbox 1368 526 1707 578; x_wconf 80' lang='grc' dir='ltr'>ἀνενδοιάστως</span> <span class='ocrx_word' id='word_1_25' title='bbox 1750 527 1863 590; x_wconf 83' lang='grc' dir='ltr'>ἐρεῖς</span> 
     </span>
     <span class='ocr_line' id='line_1_5' title="bbox 278 606 1864 676; baseline -0.001 -18"><span class='ocrx_word' id='word_1_26' title='bbox 278 608 418 658; x_wconf 77' lang='grc' dir='ltr'>αὐτὸν</span> <span class='ocrx_word' id='word_1_27' title='bbox 443 608 588 662; x_wconf 82' lang='grc' dir='ltr'>ὅντως</span> <span class='ocrx_word' id='word_1_28' title='bbox 617 609 841 676; x_wconf 79' lang='grc' dir='ltr'>ὑπάρχειν</span> <span class='ocrx_word' id='word_1_29' title='bbox 867 607 950 659; x_wconf 79' lang='grc' dir='ltr'>τὸν</span> <span class='ocrx_word' id='word_1_30' title='bbox 976 609 1383 674; x_wconf 80' lang='grc' dir='ltr'>προσδοκώμενον.</span> <span class='ocrx_word' id='word_1_31' title='bbox 1437 608 1527 675; x_wconf 84' lang='grc' dir='ltr'>χρὴ</span> <span class='ocrx_word' id='word_1_32' title='bbox 1555 607 1602 658; x_wconf 75' lang='grc' dir='ltr'>δὲ</span> <span class='ocrx_word' id='word_1_33' title='bbox 1628 606 1864 658; x_wconf 86' lang='grc' dir='ltr'>πιστεύειν</span> 
     </span>
     <span class='ocr_line' id='line_1_6' title="bbox 278 689 1906 758; baseline 0 -20"><span class='ocrx_word' id='word_1_34' title='bbox 278 690 411 752; x_wconf 82' lang='grc' dir='ltr'>ἡμᾶς,</span> <span class='ocrx_word' id='word_1_35' title='bbox 460 689 531 740; x_wconf 79' lang='grc' dir='ltr'>ὅτι</span> <span class='ocrx_word' id='word_1_36' title='bbox 575 713 663 756; x_wconf 92' lang='grc' dir='ltr'>περ</span> <span class='ocrx_word' id='word_1_37' title='bbox 710 690 767 755; x_wconf 78' lang='grc' dir='ltr'>ἦν</span> <span class='ocrx_word' id='word_1_38' title='bbox 811 691 911 741; x_wconf 89' lang='grc' dir='ltr'>θεία</span> <span class='ocrx_word' id='word_1_39' title='bbox 956 714 1024 744; x_wconf 90' lang='grc' dir='ltr'>τις</span> <span class='ocrx_word' id='word_1_40' title='bbox 1075 694 1148 741; x_wconf 74' lang='grc' dir='ltr'>καὶ</span> <span class='ocrx_word' id='word_1_41' title='bbox 1201 691 1398 758; x_wconf 81' lang='grc' dir='ltr'>ἄρῤητος</span> <span class='ocrx_word' id='word_1_42' title='bbox 1449 690 1597 757; x_wconf 85' lang='grc' dir='ltr'>χάρις,</span> <span class='ocrx_word' id='word_1_43' title='bbox 1643 694 1738 742; x_wconf 85' lang='grc' dir='ltr'>τοῖς</span> <span class='ocrx_word' id='word_1_44' title='bbox 1781 693 1906 739; x_wconf 85' lang='grc' dir='ltr'>τοῦ5</span> 
     </span>
    </p>

    <p class='ocr_par' dir='ltr' id='par_1_4' title="bbox 55 771 1940 1164">
     <span class='ocr_line' id='line_1_7' title="bbox 57 771 1865 846; baseline 0 -26"><span class='ocrx_word' id='word_1_45' title='bbox 57 811 133 846; x_wconf 73' lang='lat'>133</span> <span class='ocrx_word' id='word_1_46' title='bbox 149 809 198 846; x_wconf 46' lang='lat' dir='ltr'>A·</span> <span class='ocrx_word' id='word_1_47' title='bbox 238 774 499 843; x_wconf 58' lang='grc' dir='ltr'>ειΣωτῆρος</span> <span class='ocrx_word' id='word_1_48' title='bbox 541 771 702 837; x_wconf 90' lang='grc' dir='ltr'>λόγοις</span> <span class='ocrx_word' id='word_1_49' title='bbox 745 773 1141 840; x_wconf 76' lang='grc' dir='ltr'>συνεκτρέχουσα,</span> <span class='ocrx_word' id='word_1_50' title='bbox 1180 774 1256 823; x_wconf 80' lang='grc' dir='ltr'>καὶ</span> <span class='ocrx_word' id='word_1_51' title='bbox 1296 772 1379 825; x_wconf 83' lang='grc' dir='ltr'>τὰς</span> <span class='ocrx_word' id='word_1_52' title='bbox 1423 776 1517 822; x_wconf 85' lang='grc' dir='ltr'>τῶν</span> <span class='ocrx_word' id='word_1_53' title='bbox 1557 771 1865 836; x_wconf 80' lang='grc' dir='ltr'>ἀκροωμένων</span> 
     </span>
     <span class='ocr_line' id='line_1_8' title="bbox 55 851 1866 934; baseline 0.002 -32"><span class='ocrx_word' id='word_1_54' title='bbox 55 861 180 934; x_wconf 44' lang='lat'>3122}</span> <span class='ocrx_word' id='word_1_55' title='bbox 279 851 440 919; x_wconf 77' lang='grc' dir='ltr'>ψυχὰς</span> <span class='ocrx_word' id='word_1_56' title='bbox 479 852 862 920; x_wconf 72' lang='grc' dir='ltr'>καταθέλγουσα.</span> <span class='ocrx_word' id='word_1_57' title='bbox 923 856 1045 905; x_wconf 79' lang='grc' dir='ltr'>οὕτω</span> <span class='ocrx_word' id='word_1_58' title='bbox 1084 854 1176 920; x_wconf 79' lang='grc' dir='ltr'>γὰρ</span> <span class='ocrx_word' id='word_1_59' title='bbox 1222 855 1500 919; x_wconf 78' lang='grc' dir='ltr'>γέγραπται,</span> <span class='ocrx_word' id='word_1_60' title='bbox 1539 853 1610 903; x_wconf 77' lang='grc' dir='ltr'>ὅτι</span> <span class='ocrx_word' id='word_1_61' title='bbox 1649 861 1674 882; x_wconf 88' lang='grc'>“</span> <span class='ocrx_word' id='word_1_62' title='bbox 1694 851 1866 906; x_wconf 88' lang='grc' dir='ltr'>πάντες</span> 
     </span>
     <span class='ocr_line' id='line_1_9' title="bbox 92 927 1867 1003; baseline 0.001 -18"><span class='ocrx_word' id='word_1_63' title='bbox 92 927 98 934; x_wconf 52' lang='grc'><strong>’</strong></span> <span class='ocrx_word' id='word_1_64' title='bbox 143 927 168 935; x_wconf 65' lang='lat'>‚.</span> <span class='ocrx_word' id='word_1_65' title='bbox 279 940 305 962; x_wconf 78' lang='lat'>‘⁴</span> <span class='ocrx_word' id='word_1_66' title='bbox 333 935 593 1001; x_wconf 73' lang='grc' dir='ltr'>ἐθαύμαζον</span> <span class='ocrx_word' id='word_1_67' title='bbox 618 937 691 987; x_wconf 80' lang='grc' dir='ltr'>ἐπὶ</span> <span class='ocrx_word' id='word_1_68' title='bbox 719 941 812 990; x_wconf 82' lang='grc' dir='ltr'>τοῖς</span> <span class='ocrx_word' id='word_1_69' title='bbox 840 935 1002 1002; x_wconf 78' lang='grc' dir='ltr'>λόγοις</span> <span class='ocrx_word' id='word_1_70' title='bbox 1026 939 1107 1000; x_wconf 77' lang='grc' dir='ltr'>τῆς</span> <span class='ocrx_word' id='word_1_71' title='bbox 1139 934 1330 1003; x_wconf 85' lang='grc' dir='ltr'>χάριτος</span> <span class='ocrx_word' id='word_1_72' title='bbox 1363 940 1458 988; x_wconf 82' lang='grc' dir='ltr'>τοῖς</span> <span class='ocrx_word' id='word_1_73' title='bbox 1491 935 1867 1001; x_wconf 78' lang='grc' dir='ltr'>ἐκπορευομένοις</span> 
     </span>
     <span class='ocr_line' id='line_1_10' title="bbox 279 1015 1868 1083; baseline 0.002 -17"><span class='ocrx_word' id='word_1_74' title='bbox 279 1021 306 1044; x_wconf 85' lang='grc'><strong>“</strong></span> <span class='ocrx_word' id='word_1_75' title='bbox 332 1016 426 1067; x_wconf 82' lang='grc' dir='ltr'>ἀπὸ</span> <span class='ocrx_word' id='word_1_76' title='bbox 465 1023 548 1067; x_wconf 83' lang='grc' dir='ltr'>τοῦ</span> <span class='ocrx_word' id='word_1_77' title='bbox 587 1017 826 1081; x_wconf 87' lang='grc' dir='ltr'>στόματος</span> <span class='ocrx_word' id='word_1_78' title='bbox 865 1019 1053 1069; x_wconf 84' lang='grc' dir='ltr'>αὐτοῦ·”</span> <span class='ocrx_word' id='word_1_79' title='bbox 1101 1020 1162 1071; x_wconf 87' lang='grc' dir='ltr'>ὡς</span> <span class='ocrx_word' id='word_1_80' title='bbox 1201 1017 1294 1083; x_wconf 83' lang='grc' dir='ltr'>γὰρ</span> <span class='ocrx_word' id='word_1_81' title='bbox 1332 1015 1520 1083; x_wconf 84' lang='grc' dir='ltr'>ἐνεργὴς</span> <span class='ocrx_word' id='word_1_82' title='bbox 1558 1018 1582 1067; x_wconf 86' lang='grc' dir='ltr'>ὁ</span> <span class='ocrx_word' id='word_1_83' title='bbox 1622 1016 1765 1082; x_wconf 88' lang='grc' dir='ltr'>λόγος</span> <span class='ocrx_word' id='word_1_84' title='bbox 1805 1019 1868 1069; x_wconf 78' lang='grc' dir='ltr'>εἰς</span> 
     </span>
     <span class='ocr_line' id='line_1_11' title="bbox 280 1097 1940 1164; baseline 0.002 -16"><span class='ocrx_word' id='word_1_85' title='bbox 280 1097 487 1162; x_wconf 80' lang='grc' dir='ltr'>δύναμιν,</span> <span class='ocrx_word' id='word_1_86' title='bbox 514 1100 634 1151; x_wconf 78' lang='grc' dir='ltr'>οὕτω</span> <span class='ocrx_word' id='word_1_87' title='bbox 661 1102 736 1150; x_wconf 79' lang='grc' dir='ltr'>καὶ</span> <span class='ocrx_word' id='word_1_88' title='bbox 762 1104 824 1154; x_wconf 81' lang='grc' dir='ltr'>εἰς</span> <span class='ocrx_word' id='word_1_89' title='bbox 850 1099 903 1150; x_wconf 81' lang='grc' dir='ltr'>τὸ</span> <span class='ocrx_word' id='word_1_90' title='bbox 930 1103 1104 1151; x_wconf 83' lang='grc' dir='ltr'>πείθειν</span> <span class='ocrx_word' id='word_1_91' title='bbox 1130 1099 1187 1164; x_wconf 83' lang='grc' dir='ltr'>ἧν</span> <span class='ocrx_word' id='word_1_92' title='bbox 1212 1098 1381 1153; x_wconf 78' lang='grc' dir='ltr'>ἱκανός.</span> <span class='ocrx_word' id='word_1_93' title='bbox 1893 1114 1940 1138; x_wconf 91' lang='lat'>10</span> 
     </span>
    </p>
   </div>
   <div class='ocr_carea' id='block_1_4' title="bbox 213 1296 1667 1355">
    <p class='ocr_par' dir='ltr' id='par_1_5' title="bbox 213 1296 1667 1355">
     <span class='ocr_line' id='line_1_12' title="bbox 213 1296 1667 1355; baseline 0.001 -18"><span class='ocrx_word' id='word_1_94' title='bbox 213 1297 262 1341; x_wconf 89' lang='lat'>48</span> <span class='ocrx_word' id='word_1_95' title='bbox 471 1296 557 1338; x_wconf 75' lang='grc' dir='ltr'>Ἴδε</span> <span class='ocrx_word' id='word_1_96' title='bbox 594 1297 759 1339; x_wconf 45' lang='lat' dir='ltr'>&amp;meac</span> <span class='ocrx_word' id='word_1_97' title='bbox 791 1298 1074 1355; x_wconf 75' lang='grc' dir='ltr'>ἸσραΗλίτΗε,</span> <span class='ocrx_word' id='word_1_98' title='bbox 1112 1299 1156 1339; x_wconf 78' lang='grc' dir='ltr'>ἐν</span> <span class='ocrx_word' id='word_1_99' title='bbox 1195 1296 1232 1352; x_wconf 98' lang='lat' dir='ltr'>sp</span> <span class='ocrx_word' id='word_1_100' title='bbox 1264 1297 1392 1339; x_wconf 70' lang='grc' dir='ltr'>δόλος</span> <span class='ocrx_word' id='word_1_101' title='bbox 1429 1298 1505 1339; x_wconf 80' lang='grc' dir='ltr'>οὐκ</span> <span class='ocrx_word' id='word_1_102' title='bbox 1542 1298 1667 1339; x_wconf 82' lang='grc' dir='ltr'>ἔστιν.</span> 
     </span>
    </p>
   </div>
   <div class='ocr_carea' id='block_1_5' title="bbox 235 1427 1947 2231">
    <p class='ocr_par' dir='ltr' id='par_1_6' title="bbox 235 1427 1947 2231">
     <span class='ocr_line' id='line_1_13' title="bbox 357 1427 1871 1497; baseline 0.001 -20"><span class='ocrx_word' id='word_1_103' title='bbox 357 1428 509 1478; x_wconf 75' lang='grc' dir='ltr'>Οὔπω</span> <span class='ocrx_word' id='word_1_104' title='bbox 565 1427 651 1492; x_wconf 83' lang='grc' dir='ltr'>τὴν</span> <span class='ocrx_word' id='word_1_105' title='bbox 700 1428 776 1479; x_wconf 75' lang='grc' dir='ltr'>διὰ.</span> <span class='ocrx_word' id='word_1_106' title='bbox 831 1429 1041 1493; x_wconf 86' lang='grc' dir='ltr'>σημείων</span> <span class='ocrx_word' id='word_1_107' title='bbox 1088 1429 1398 1492; x_wconf 77' lang='grc' dir='ltr'>ἐπιτηδεύσας</span> <span class='ocrx_word' id='word_1_108' title='bbox 1446 1429 1681 1497; x_wconf 74' lang='grc' dir='ltr'>ἐπίδειξιν,</span> <span class='ocrx_word' id='word_1_109' title='bbox 1733 1428 1871 1497; x_wconf 75' lang='grc' dir='ltr'>ἑτέρῳ</span> 
     </span>
     <span class='ocr_line' id='line_1_14' title="bbox 235 1508 1870 1577; baseline 0 -16"><span class='ocrx_word' id='word_1_110' title='bbox 235 1508 443 1577; x_wconf 64' lang='grc' dir='ltr'>ὺτρόπῳ</span> <span class='ocrx_word' id='word_1_111' title='bbox 488 1511 703 1576; x_wconf 84' lang='grc' dir='ltr'>Χριστὸς</span> <span class='ocrx_word' id='word_1_112' title='bbox 747 1509 852 1564; x_wconf 80' lang='grc' dir='ltr'>τούς</span> <span class='ocrx_word' id='word_1_113' title='bbox 895 1533 943 1561; x_wconf 89' lang='grc' dir='ltr'>τε</span> <span class='ocrx_word' id='word_1_114' title='bbox 986 1511 1176 1563; x_wconf 78' lang='grc' dir='ltr'>οἰκείους</span> <span class='ocrx_word' id='word_1_115' title='bbox 1222 1510 1486 1562; x_wconf 82' lang='grc' dir='ltr'>ἀναπείθειν</span> <span class='ocrx_word' id='word_1_116' title='bbox 1526 1512 1738 1577; x_wconf 82' lang='grc' dir='ltr'>ἐπειρᾶτο</span> <span class='ocrx_word' id='word_1_117' title='bbox 1782 1534 1870 1573; x_wconf 82' lang='grc' dir='ltr'>μα-</span> 
     </span>
     <span class='ocr_line' id='line_1_15' title="bbox 282 1588 1866 1661; baseline 0.002 -21"><span class='ocrx_word' id='word_1_118' title='bbox 282 1590 443 1654; x_wconf 80' lang='grc' dir='ltr'>θητάς,</span> <span class='ocrx_word' id='word_1_119' title='bbox 470 1593 546 1642; x_wconf 81' lang='grc' dir='ltr'>καὶ</span> <span class='ocrx_word' id='word_1_120' title='bbox 571 1591 677 1646; x_wconf 75' lang='grc' dir='ltr'>τοὺς</span> <span class='ocrx_word' id='word_1_121' title='bbox 713 1592 820 1644; x_wconf 79' lang='grc' dir='ltr'>ὅσοι</span> <span class='ocrx_word' id='word_1_122' title='bbox 845 1615 934 1659; x_wconf 91' lang='grc' dir='ltr'>περ</span> <span class='ocrx_word' id='word_1_123' title='bbox 960 1592 1087 1657; x_wconf 77' lang='grc' dir='ltr'>ἦσαν</span> <span class='ocrx_word' id='word_1_124' title='bbox 1112 1597 1208 1643; x_wconf 84' lang='grc' dir='ltr'>τῶν</span> <span class='ocrx_word' id='word_1_125' title='bbox 1234 1593 1360 1661; x_wconf 72' lang='grc' dir='ltr'>αὐτῷ</span> <span class='ocrx_word' id='word_1_126' title='bbox 1384 1591 1684 1659; x_wconf 89' lang='grc' dir='ltr'>προσιόντων</span> <span class='ocrx_word' id='word_1_127' title='bbox 1710 1588 1866 1643; x_wconf 91' lang='grc' dir='ltr'>νουνε-</span> 
     </span>
     <span class='ocr_line' id='line_1_16' title="bbox 281 1672 1943 1742; baseline 0.002 -21"><span class='ocrx_word' id='word_1_128' title='bbox 281 1672 512 1739; x_wconf 78' lang='grc' dir='ltr'>χέστεροι,</span> <span class='ocrx_word' id='word_1_129' title='bbox 553 1676 614 1728; x_wconf 87' lang='grc' dir='ltr'>ὡς</span> <span class='ocrx_word' id='word_1_130' title='bbox 655 1675 723 1739; x_wconf 80' lang='grc' dir='ltr'>ε’ίη</span> <span class='ocrx_word' id='word_1_131' title='bbox 761 1674 847 1738; x_wconf 75' lang='grc' dir='ltr'>μὲν</span> <span class='ocrx_word' id='word_1_132' title='bbox 885 1674 1025 1728; x_wconf 77' lang='grc' dir='ltr'>αὐτὸς</span> <span class='ocrx_word' id='word_1_133' title='bbox 1066 1675 1090 1724; x_wconf 84' lang='grc' dir='ltr'>ὁ</span> <span class='ocrx_word' id='word_1_134' title='bbox 1130 1674 1249 1725; x_wconf 77' lang='grc' dir='ltr'>κατὰ</span> <span class='ocrx_word' id='word_1_135' title='bbox 1288 1675 1438 1742; x_wconf 83' lang='grc' dir='ltr'>φύσιν</span> <span class='ocrx_word' id='word_1_136' title='bbox 1463 1673 1577 1727; x_wconf 76' lang='grc' dir='ltr'>Υἱὸς</span> <span class='ocrx_word' id='word_1_137' title='bbox 1616 1677 1690 1725; x_wconf 76' lang='grc' dir='ltr'>καὶ</span> <span class='ocrx_word' id='word_1_138' title='bbox 1732 1674 1869 1737; x_wconf 81' lang='grc' dir='ltr'>Θεὸς,</span> <span class='ocrx_word' id='word_1_139' title='bbox 1897 1697 1943 1735; x_wconf 91' lang='lat'>15</span> 
     </span>
     <span class='ocr_line' id='line_1_17' title="bbox 282 1755 1869 1825; baseline 0.001 -21"><span class='ocrx_word' id='word_1_140' title='bbox 282 1755 385 1818; x_wconf 83' lang='grc' dir='ltr'>ἥκοι</span> <span class='ocrx_word' id='word_1_141' title='bbox 423 1755 470 1806; x_wconf 80' lang='grc' dir='ltr'>δὲ</span> <span class='ocrx_word' id='word_1_142' title='bbox 507 1759 590 1820; x_wconf 83' lang='grc' dir='ltr'>τῆς</span> <span class='ocrx_word' id='word_1_143' title='bbox 625 1757 848 1808; x_wconf 84' lang='grc' dir='ltr'>ἁπάντων</span> <span class='ocrx_word' id='word_1_144' title='bbox 873 1757 1004 1807; x_wconf 78' lang='grc' dir='ltr'>ἕνεκα</span> <span class='ocrx_word' id='word_1_145' title='bbox 1038 1757 1275 1822; x_wconf 88' lang='grc' dir='ltr'>σωτηρίας</span> <span class='ocrx_word' id='word_1_146' title='bbox 1312 1759 1359 1807; x_wconf 82' lang='grc' dir='ltr'>ἐν</span> <span class='ocrx_word' id='word_1_147' title='bbox 1387 1757 1656 1825; x_wconf 71' lang='grc' dir='ltr'>ἀνθρωπεία</span> <span class='ocrx_word' id='word_1_148' title='bbox 1688 1760 1869 1825; x_wconf 81' lang='grc' dir='ltr'>μορφῇ.</span> 
     </span>
     <span class='ocr_line' id='line_1_18' title="bbox 282 1837 1875 1905; baseline 0.003 -19"><span class='ocrx_word' id='word_1_149' title='bbox 282 1837 351 1889; x_wconf 85' lang='grc' dir='ltr'>τίς</span> <span class='ocrx_word' id='word_1_150' title='bbox 393 1837 474 1887; x_wconf 75' lang='grc' dir='ltr'>οὖν</span> <span class='ocrx_word' id='word_1_151' title='bbox 513 1839 537 1888; x_wconf 86' lang='grc' dir='ltr'>ὁ</span> <span class='ocrx_word' id='word_1_152' title='bbox 579 1839 752 1904; x_wconf 82' lang='grc' dir='ltr'>τρόπος</span> <span class='ocrx_word' id='word_1_153' title='bbox 793 1840 818 1889; x_wconf 86' lang='grc' dir='ltr'><strong>ὁ</strong></span> <span class='ocrx_word' id='word_1_154' title='bbox 855 1838 975 1905; x_wconf 84' lang='grc' dir='ltr'>πρὸς</span> <span class='ocrx_word' id='word_1_155' title='bbox 1012 1839 1178 1889; x_wconf 89' lang='grc' dir='ltr'>πίστιν</span> <span class='ocrx_word' id='word_1_156' title='bbox 1216 1838 1495 1903; x_wconf 86' lang='grc' dir='ltr'>ἐπαγωγός;</span> <span class='ocrx_word' id='word_1_157' title='bbox 1545 1839 1573 1901; x_wconf 83' lang='grc' dir='ltr'>ἡ</span> <span class='ocrx_word' id='word_1_158' title='bbox 1613 1838 1875 1904; x_wconf 87' lang='grc' dir='ltr'>θεοπρεπὴς</span> 
     </span>
     <span class='ocr_line' id='line_1_19' title="bbox 284 1917 1874 1988; baseline 0.001 -21"><span class='ocrx_word' id='word_1_159' title='bbox 284 1918 506 1982; x_wconf 83' lang='grc' dir='ltr'>δηλονότι</span> <span class='ocrx_word' id='word_1_160' title='bbox 545 1924 737 1984; x_wconf 81' lang='grc' dir='ltr'>γνῶσις.</span> <span class='ocrx_word' id='word_1_161' title='bbox 802 1918 858 1970; x_wconf 78' lang='grc' dir='ltr'>τὸ</span> <span class='ocrx_word' id='word_1_162' title='bbox 896 1918 989 1985; x_wconf 80' lang='grc' dir='ltr'>γὰρ</span> <span class='ocrx_word' id='word_1_163' title='bbox 1032 1919 1196 1970; x_wconf 76' lang='grc' dir='ltr'>εἰδέναι</span> <span class='ocrx_word' id='word_1_164' title='bbox 1236 1919 1295 1969; x_wconf 80' lang='grc' dir='ltr'>τὰ</span> <span class='ocrx_word' id='word_1_165' title='bbox 1331 1917 1500 1981; x_wconf 82' lang='grc' dir='ltr'>πάντα,</span> <span class='ocrx_word' id='word_1_166' title='bbox 1539 1919 1668 1988; x_wconf 78' lang='grc' dir='ltr'>μόνῳ</span> <span class='ocrx_word' id='word_1_167' title='bbox 1708 1920 1874 1985; x_wconf 68' lang='grc' dir='ltr'>πρέπει</span> 
     </span>
     <span class='ocr_line' id='line_1_20' title="bbox 285 2000 1874 2069; baseline 0.001 -18"><span class='ocrx_word' id='word_1_168' title='bbox 285 2004 410 2069; x_wconf 71' lang='grc' dir='ltr'>Θεῷ·</span> <span class='ocrx_word' id='word_1_169' title='bbox 465 2001 743 2069; x_wconf 77' lang='grc' dir='ltr'>ἀποδέχεται</span> <span class='ocrx_word' id='word_1_170' title='bbox 787 2007 1036 2068; x_wconf 86' lang='grc' dir='ltr'>τοιγαροῦν</span> <span class='ocrx_word' id='word_1_171' title='bbox 1075 2000 1158 2052; x_wconf 81' lang='grc' dir='ltr'>τὸν</span> <span class='ocrx_word' id='word_1_172' title='bbox 1198 2000 1478 2065; x_wconf 82' lang='grc' dir='ltr'>Ναθαναὴλ,</span> <span class='ocrx_word' id='word_1_173' title='bbox 1518 2002 1571 2051; x_wconf 81' lang='grc' dir='ltr'>οὐ</span> <span class='ocrx_word' id='word_1_174' title='bbox 1613 2002 1874 2053; x_wconf 84' lang='grc' dir='ltr'>κολακείαις</span> 
     </span>
     <span class='ocr_line' id='line_1_21' title="bbox 285 2081 1947 2152; baseline -0.001 -20"><span class='ocrx_word' id='word_1_175' title='bbox 285 2082 506 2149; x_wconf 75' lang='grc' dir='ltr'>ἁρπάζων</span> <span class='ocrx_word' id='word_1_176' title='bbox 545 2087 607 2136; x_wconf 78' lang='grc' dir='ltr'>εἷς</span> <span class='ocrx_word' id='word_1_177' title='bbox 649 2082 880 2146; x_wconf 85' lang='grc' dir='ltr'>διάθεσιν,</span> <span class='ocrx_word' id='word_1_178' title='bbox 925 2084 1034 2134; x_wconf 81' lang='grc' dir='ltr'>ἀλλ’</span> <span class='ocrx_word' id='word_1_179' title='bbox 1077 2083 1134 2152; x_wconf 75' lang='grc' dir='ltr'>ἐξ</span> <span class='ocrx_word' id='word_1_180' title='bbox 1170 2081 1234 2134; x_wconf 78' lang='grc' dir='ltr'>ὧν</span> <span class='ocrx_word' id='word_1_181' title='bbox 1273 2084 1399 2152; x_wconf 71' lang='grc' dir='ltr'>αὐτῷ</span> <span class='ocrx_word' id='word_1_182' title='bbox 1441 2082 1630 2150; x_wconf 82' lang='grc' dir='ltr'>συνῄδει</span> <span class='ocrx_word' id='word_1_183' title='bbox 1669 2082 1869 2134; x_wconf 84' lang='grc' dir='ltr'>πιστού-</span> <span class='ocrx_word' id='word_1_184' title='bbox 1898 2105 1947 2131; x_wconf 87' lang='lat'>20</span> 
     </span>
     <span class='ocr_line' id='line_1_22' title="bbox 247 2163 1265 2231; baseline 0.003 -18"><span class='ocrx_word' id='word_1_185' title='bbox 247 2186 270 2213; x_wconf 87' lang='lat' dir='ltr'>c</span> <span class='ocrx_word' id='word_1_186' title='bbox 285 2187 437 2228; x_wconf 82' lang='grc' dir='ltr'>μενος,</span> <span class='ocrx_word' id='word_1_187' title='bbox 466 2164 536 2216; x_wconf 81' lang='grc' dir='ltr'>ὅτι</span> <span class='ocrx_word' id='word_1_188' title='bbox 562 2165 783 2231; x_wconf 81' lang='grc' dir='ltr'>γινώσκει</span> <span class='ocrx_word' id='word_1_189' title='bbox 808 2165 1014 2230; x_wconf 85' lang='grc' dir='ltr'>καρδίας,</span> <span class='ocrx_word' id='word_1_190' title='bbox 1042 2167 1104 2218; x_wconf 88' lang='grc' dir='ltr'>ὡς</span> <span class='ocrx_word' id='word_1_191' title='bbox 1131 2163 1265 2219; x_wconf 77' lang='grc' dir='ltr'>Θεός.</span> 
     </span>
    </p>
   </div>
   <div class='ocr_carea' id='block_1_6' title="bbox 216 2355 1331 2408">
    <p class='ocr_par' dir='ltr' id='par_1_7' title="bbox 216 2355 1331 2408">
     <span class='ocr_line' id='line_1_23' title="bbox 216 2355 1331 2408; baseline 0 -11"><span class='ocrx_word' id='word_1_192' title='bbox 216 2369 265 2405; x_wconf 86' lang='grc'>49</span> <span class='ocrx_word' id='word_1_193' title='bbox 822 2357 958 2400; x_wconf 81' lang='grc' dir='ltr'>Πόθεν</span> <span class='ocrx_word' id='word_1_194' title='bbox 995 2372 1047 2405; x_wconf 81' lang='grc' dir='ltr'>με</span> <span class='ocrx_word' id='word_1_195' title='bbox 1085 2355 1331 2408; x_wconf 71' lang='grc' dir='ltr'>Γινώσκειε;</span> 
     </span>
    </p>
   </div>
   <div class='ocr_carea' id='block_1_7' title="bbox 285 2487 1948 2720">
    <p class='ocr_par' dir='ltr' id='par_1_8' title="bbox 285 2487 1948 2720">
     <span class='ocr_line' id='line_1_24' title="bbox 350 2487 1878 2556; baseline -0.001 -17"><span class='ocrx_word' id='word_1_196' title='bbox 350 2487 583 2556; x_wconf 75' lang='grc' dir='ltr'>’Ἄρχεται</span> <span class='ocrx_word' id='word_1_197' title='bbox 610 2487 859 2554; x_wconf 78' lang='grc' dir='ltr'>θαυμάζειν</span> <span class='ocrx_word' id='word_1_198' title='bbox 883 2489 909 2539; x_wconf 84' lang='grc' dir='ltr'><strong>ὁ</strong></span> <span class='ocrx_word' id='word_1_199' title='bbox 930 2487 1211 2552; x_wconf 87' lang='grc' dir='ltr'>Ναθαναὴλ,</span> <span class='ocrx_word' id='word_1_200' title='bbox 1233 2491 1308 2539; x_wconf 80' lang='grc' dir='ltr'>καὶ</span> <span class='ocrx_word' id='word_1_201' title='bbox 1335 2493 1543 2538; x_wconf 82' lang='grc' dir='ltr'>καλεῖται</span> <span class='ocrx_word' id='word_1_202' title='bbox 1568 2487 1687 2555; x_wconf 80' lang='grc' dir='ltr'>πρὸς</span> <span class='ocrx_word' id='word_1_203' title='bbox 1712 2489 1878 2539; x_wconf 84' lang='grc' dir='ltr'>πίστιν</span> 
     </span>
     <span class='ocr_line' id='line_1_25' title="bbox 285 2568 1873 2639; baseline -0.001 -18"><span class='ocrx_word' id='word_1_204' title='bbox 285 2571 374 2636; x_wconf 77' lang='grc' dir='ltr'>ἤδη</span> <span class='ocrx_word' id='word_1_205' title='bbox 400 2571 618 2632; x_wconf 81' lang='grc' dir='ltr'>βεβαίαν·</span> <span class='ocrx_word' id='word_1_206' title='bbox 663 2571 729 2621; x_wconf 77' lang='grc' dir='ltr'>ἔτι</span> <span class='ocrx_word' id='word_1_207' title='bbox 761 2570 809 2622; x_wconf 83' lang='grc' dir='ltr'>δὲ</span> <span class='ocrx_word' id='word_1_208' title='bbox 835 2569 1089 2634; x_wconf 79' lang='grc' dir='ltr'>μανθάνειν</span> <span class='ocrx_word' id='word_1_209' title='bbox 1115 2571 1253 2639; x_wconf 74' lang='grc' dir='ltr'>ἀξιοῖ,</span> <span class='ocrx_word' id='word_1_210' title='bbox 1278 2569 1423 2621; x_wconf 85' lang='grc' dir='ltr'>πόθεν</span> <span class='ocrx_word' id='word_1_211' title='bbox 1450 2568 1507 2620; x_wconf 78' lang='grc' dir='ltr'>ἂν</span> <span class='ocrx_word' id='word_1_212' title='bbox 1534 2570 1630 2637; x_wconf 77' lang='grc' dir='ltr'>ἔχοι</span> <span class='ocrx_word' id='word_1_213' title='bbox 1656 2575 1750 2621; x_wconf 83' lang='grc' dir='ltr'>τῶν</span> <span class='ocrx_word' id='word_1_214' title='bbox 1776 2571 1873 2620; x_wconf 86' lang='grc' dir='ltr'>κατ’</span> 
     </span>
     <span class='ocr_line' id='line_1_26' title="bbox 285 2651 1948 2720; baseline -0.001 -18"><span class='ocrx_word' id='word_1_215' title='bbox 285 2651 428 2703; x_wconf 84' lang='grc' dir='ltr'>αὐτὸν</span> <span class='ocrx_word' id='word_1_216' title='bbox 466 2651 553 2717; x_wconf 86' lang='grc' dir='ltr'>τὴν</span> <span class='ocrx_word' id='word_1_217' title='bbox 591 2657 793 2718; x_wconf 79' lang='grc' dir='ltr'>γνῶσιν·</span> <span class='ocrx_word' id='word_1_218' title='bbox 848 2654 1055 2719; x_wconf 81' lang='grc' dir='ltr'>ἀκριβεῖς</span> <span class='ocrx_word' id='word_1_219' title='bbox 1096 2651 1191 2717; x_wconf 79' lang='grc' dir='ltr'>γὰρ</span> <span class='ocrx_word' id='word_1_220' title='bbox 1234 2652 1345 2702; x_wconf 87' lang='grc' dir='ltr'>λίαν</span> <span class='ocrx_word' id='word_1_221' title='bbox 1383 2656 1429 2703; x_wconf 81' lang='grc' dir='ltr'>αὶ</span> <span class='ocrx_word' id='word_1_222' title='bbox 1477 2655 1759 2720; x_wconf 81' lang='grc' dir='ltr'>φιλομαθεῖς</span> <span class='ocrx_word' id='word_1_223' title='bbox 1801 2654 1876 2702; x_wconf 80' lang='grc' dir='ltr'>καὶ</span> <span class='ocrx_word' id='word_1_224' title='bbox 1899 2673 1948 2711; x_wconf 87' lang='lat'>25</span> 
     </span>
    </p>
   </div>
   <div class='ocr_carea' id='block_1_8' title="bbox 288 2815 1877 2953">
    <p class='ocr_par' dir='ltr' id='par_1_9' title="bbox 288 2815 1877 2953">
     <span class='ocr_line' id='line_1_27' title="bbox 338 2815 1876 2862; baseline -0.001 -12"><span class='ocrx_word' id='word_1_225' title='bbox 338 2828 366 2850; x_wconf 91' lang='lat'>1.</span> <span class='ocrx_word' id='word_1_226' title='bbox 384 2815 531 2861; x_wconf 81' lang='grc' dir='ltr'>”Ερχου]</span> <span class='ocrx_word' id='word_1_227' title='bbox 554 2816 748 2850; x_wconf 79' lang='lat' dir='ltr'><strong>Praemittit</strong></span> <span class='ocrx_word' id='word_1_228' title='bbox 766 2816 865 2862; x_wconf 78' lang='grc' dir='ltr'>Λέγει</span> <span class='ocrx_word' id='word_1_229' title='bbox 883 2816 971 2861; x_wconf 77' lang='grc' dir='ltr'>αὐτῷ</span> <span class='ocrx_word' id='word_1_230' title='bbox 990 2816 1158 2851; x_wconf 84' lang='grc' dir='ltr'>Φίλιππος</span> <span class='ocrx_word' id='word_1_231' title='bbox 1177 2815 1243 2849; x_wconf 85' lang='lat' dir='ltr'>Ed.</span> <span class='ocrx_word' id='word_1_232' title='bbox 1263 2816 1372 2849; x_wconf 78' lang='lat' dir='ltr'>invito</span> <span class='ocrx_word' id='word_1_233' title='bbox 1393 2816 1432 2849; x_wconf 78' lang='lat' dir='ltr'>B.</span> <span class='ocrx_word' id='word_1_234' title='bbox 1601 2825 1632 2861; x_wconf 86' lang='lat'>7.</span> <span class='ocrx_word' id='word_1_235' title='bbox 1659 2817 1712 2850; x_wconf 82' lang='grc' dir='ltr'>καὶ</span> <span class='ocrx_word' id='word_1_236' title='bbox 1731 2827 1794 2860; x_wconf 88' lang='lat' dir='ltr'>pro</span> <span class='ocrx_word' id='word_1_237' title='bbox 1810 2818 1876 2859; x_wconf 82' lang='grc' dir='ltr'>γὰρ</span> 
     </span>
     <span class='ocr_line' id='line_1_28' title="bbox 288 2860 1877 2908; baseline 0 -12"><span class='ocrx_word' id='word_1_238' title='bbox 288 2863 394 2897; x_wconf 90' lang='lat' dir='ltr'>Cord.</span> <span class='ocrx_word' id='word_1_239' title='bbox 506 2875 518 2896; x_wconf 94' lang='lat'><em>1</em></span> <span class='ocrx_word' id='word_1_240' title='bbox 532 2874 558 2897; x_wconf 83' lang='grc' dir='ltr'>ῐ.</span> <span class='ocrx_word' id='word_1_241' title='bbox 575 2862 664 2908; x_wconf 75' lang='grc' dir='ltr'>Ἴδε]</span> <span class='ocrx_word' id='word_1_242' title='bbox 687 2863 879 2897; x_wconf 78' lang='lat' dir='ltr'><strong>praemittit</strong></span> <span class='ocrx_word' id='word_1_243' title='bbox 897 2860 996 2897; x_wconf 78' lang='grc' dir='ltr'>Εἶὸεν</span> <span class='ocrx_word' id='word_1_244' title='bbox 1013 2864 1030 2896; x_wconf 90' lang='grc' dir='ltr'>ὁ</span> <span class='ocrx_word' id='word_1_245' title='bbox 1046 2861 1180 2906; x_wconf 80' lang='grc' dir='ltr'>Ἰησοῦς</span> <span class='ocrx_word' id='word_1_246' title='bbox 1196 2864 1255 2896; x_wconf 83' lang='grc' dir='ltr'>τόν</span> <span class='ocrx_word' id='word_1_247' title='bbox 1275 2863 1456 2906; x_wconf 79' lang='grc' dir='ltr'>Ναθαναὴλ</span> <span class='ocrx_word' id='word_1_248' title='bbox 1476 2863 1658 2907; x_wconf 80' lang='grc' dir='ltr'>ἐρχόμενον</span> <span class='ocrx_word' id='word_1_249' title='bbox 1674 2864 1758 2906; x_wconf 85' lang='grc' dir='ltr'>πρὸς</span> <span class='ocrx_word' id='word_1_250' title='bbox 1776 2863 1877 2896; x_wconf 80' lang='grc' dir='ltr'>αὐτὸν</span> 
     </span>
     <span class='ocr_line' id='line_1_29' title="bbox 289 2908 1876 2953; baseline 0 -11"><span class='ocrx_word' id='word_1_251' title='bbox 289 2910 341 2942; x_wconf 83' lang='grc' dir='ltr'>καὶ</span> <span class='ocrx_word' id='word_1_252' title='bbox 359 2909 452 2953; x_wconf 77' lang='grc' dir='ltr'>λέγει</span> <span class='ocrx_word' id='word_1_253' title='bbox 469 2910 554 2952; x_wconf 87' lang='grc' dir='ltr'>πρὸς</span> <span class='ocrx_word' id='word_1_254' title='bbox 571 2910 672 2943; x_wconf 82' lang='grc' dir='ltr'>αὐτὸν</span> <span class='ocrx_word' id='word_1_255' title='bbox 690 2909 757 2944; x_wconf 87' lang='lat' dir='ltr'>Ed.</span> <span class='ocrx_word' id='word_1_256' title='bbox 776 2910 886 2943; x_wconf 76' lang='lat' dir='ltr'>invito</span> <span class='ocrx_word' id='word_1_257' title='bbox 906 2909 946 2944; x_wconf 85' lang='lat' dir='ltr'>B.</span> <span class='ocrx_word' id='word_1_258' title='bbox 1090 2920 1142 2950; x_wconf 82' lang='lat'>15.</span> <span class='ocrx_word' id='word_1_259' title='bbox 1169 2911 1186 2942; x_wconf 89' lang='grc' dir='ltr'>ό</span> <span class='ocrx_word' id='word_1_260' title='bbox 1205 2921 1274 2943; x_wconf 85' lang='lat' dir='ltr'>om.</span> <span class='ocrx_word' id='word_1_261' title='bbox 1296 2909 1337 2943; x_wconf 85' lang='lat' dir='ltr'>B.</span> <span class='ocrx_word' id='word_1_262' title='bbox 1484 2920 1537 2943; x_wconf 80' lang='lat'>22.</span> <span class='ocrx_word' id='word_1_263' title='bbox 1566 2909 1758 2943; x_wconf 80' lang='lat' dir='ltr'><strong>Praemittit</strong></span> <span class='ocrx_word' id='word_1_264' title='bbox 1778 2908 1876 2953; x_wconf 57' lang='grc' dir='ltr'>,λέγει</span> 
     </span>
    </p>
   </div>
   <div class='ocr_carea' id='block_1_9' title="bbox 288 2956 852 3001">
    <p class='ocr_par' dir='ltr' id='par_1_10' title="bbox 288 2956 852 3001">
     <span class='ocr_line' id='line_1_30' title="bbox 288 2956 852 3001; baseline 0.002 -12"><span class='ocrx_word' id='word_1_265' title='bbox 288 2956 376 3001; x_wconf 79' lang='grc' dir='ltr'>αὐτῷ</span> <span class='ocrx_word' id='word_1_266' title='bbox 396 2956 577 2998; x_wconf 80' lang='grc' dir='ltr'>Ναθαναὴλ</span> <span class='ocrx_word' id='word_1_267' title='bbox 597 2956 663 2990; x_wconf 81' lang='lat' dir='ltr'>Ed.</span> <span class='ocrx_word' id='word_1_268' title='bbox 681 2956 790 2990; x_wconf 84' lang='lat' dir='ltr'>invito</span> <span class='ocrx_word' id='word_1_269' title='bbox 811 2956 852 2990; x_wconf 88' lang='lat' dir='ltr'>B.</span> 
     </span>
    </p>
   </div>
  </div>
 </body>
</html>
