2084 3317
356 150 440 189 Α186
760 154 805 192 13.
842 153 1115 193 CYRILLI
1159 153 1538 194 ALEXANDR.
1717 156 1939 209 v1'.33,39.

358 266 383 286 “’
411 263 506 312 τοῖς
545 261 817 324 εὑρίσκουσι
855 262 1076 326 γνῶσιν,”
1110 262 1325 311 τουτέστι
1363 266 1458 314 τοῖς
1498 264 1703 322 εὐσεβῶς
1743 262 1939 326 μελετή-

357 362 478 390 σασι
517 343 828 406 διερμηνεύειν
869 366 916 393 τε
964 346 1038 393 καὶ
1080 348 1198 393 νοεῖν
1238 343 1297 393 τὰ
1336 345 1382 393 ἐν
1421 348 1519 396 ταῖς
1560 344 1697 396 θειάις
1737 348 1943 411 γραφαῖς

355 422 610 488 μυστήρια.
677 422 917 492 ἀπόδειξιν
956 425 1113 474 τοίνυν
1152 424 1318 487 ὥσπερ
1358 424 1460 474 τινὰ
1499 427 1573 475 καὶ
1612 426 1944 492 πληροφορίαν

134 518 211 553 331
226 518 277 552 A.
318 505 529 570 ειέναργῆ
580 510 662 556 τοῦ
713 505 777 568 μὴ
827 505 1220 569 ἐκβληθήσεσθαι
1270 505 1363 573 ἔξω
1407 504 1490 556 τὸν
1533 505 1782 573 ἐρχόμενον
1826 505 1944 571 πρὸς

356 583 512 647 αὐτὸν,
538 587 587 636 ἐν
614 586 795 640 τούτοις
821 588 929 650 ἡμῖν
954 591 1051 640 τοῖς
1082 585 1245 651 λόγοις
1274 592 1470 638 ποιεῖται
1497 586 1722 653 Χριστός.
1773 587 1944 652 ταύτης
1964 601 1986 638 5

355 664 449 732 γὰρ
493 665 550 730 δή
592 689 677 730 τοι,
720 669 884 736 φησὶν,
927 668 1057 719 ἕνεκα
1102 670 1185 731 τῆς
1230 669 1378 722 αἰτίας
1423 667 1626 732 κατέβην
1666 668 1723 737 ἐξ
1765 670 1944 736 οὐρανοῦ,

354 748 612 810 τουτέστιν,
652 748 898 815 ἄνθρωπος
943 749 1119 815 γέγονα
1164 749 1284 801 κατὰ
1328 749 1415 813 τὴν
1453 750 1662 800 εὐδοκίαν
1699 756 1781 801 τοῦ
1820 754 1945 801 Θεοῦ

355 831 432 879 καὶ
472 829 677 896 Πατρὸς,
712 830 857 895 μόνον
892 830 940 881 δὲ
979 832 1083 899 οὐχὶ
1122 834 1198 882 καὶ
1236 830 1518 895 ἀβουλήτοις
1558 832 1787 895 ὁμιλῆσαι
1824 831 1946 897 πρά-

354 933 537 975 γμασιν
570 913 623 962 οὐ
660 912 1026 980 παρῃτησάμην,
1060 913 1194 981 ἄχρις
1228 913 1286 963 ἂν
1315 912 1596 981 ἐξανύσαιμι
1633 917 1730 966 τοῖς
1768 916 1832 966 εἰς
1868 911 1946 977 ἐμὲ

355 993 636 1044 πιστεύουσι
671 994 756 1058 τὴν
789 995 974 1045 αἰώνιον
1001 993 1120 1060 ζωὴν
1147 997 1223 1045 καὶ
1256 994 1343 1058 τὴν
1376 996 1425 1045 ἐκ
1463 999 1637 1061 νεκρῶν
1659 995 1940 1058 ἀναβίωσιν,
1969 1015 2016 1040 10

355 1075 662 1142 καταργήσας
688 1081 770 1127 τοῦ
798 1075 1004 1127 θανάτου
1029 1076 1083 1127 τὸ
1110 1075 1292 1143 κράτος.
1349 1077 1398 1127 τί
1425 1076 1473 1126 δὲ
1499 1075 1557 1140 ἧν
1583 1077 1675 1142 ἄρα
1699 1075 1754 1128 τὸ
1780 1077 1939 1129 ἀνεθέ-

310 1161 336 1202 b
356 1157 504 1221 λητόν
537 1180 587 1208 τε
625 1160 701 1208 καὶ
739 1157 940 1222 θελητὸν
973 1162 1040 1227 τῷ
1074 1161 1305 1227 Χριστῷ;
1354 1159 1382 1222 ἡ
1420 1157 1550 1225 παρὰ
1587 1163 1683 1208 τῶν
1707 1157 1945 1210 Ἰουδαίων

353 1238 526 1302 ἀτιμία,
570 1241 799 1305 λοιδορίαι
844 1242 920 1291 καὶ
967 1241 1122 1306 ὕβρεις
1167 1242 1243 1290 καὶ
1289 1241 1430 1290 αἰκίαι
1475 1240 1552 1290 καὶ
1596 1238 1826 1306 μάστιγες
1869 1242 1945 1291 καὶ

352 1320 686 1384 ἐμπτύσματα,
739 1323 815 1372 καὶ
863 1321 982 1387 πρὸς
1033 1320 1216 1375 τούτοις
1267 1321 1334 1372 ε”τι
1384 1323 1714 1390 συκοφαντίαι,
1766 1325 1840 1372 καὶ
1890 1322 1945 1373 τὸ

352 1407 619 1453 τελευταῖον
655 1405 727 1471 ἐφ’
767 1402 961 1466 ἅπασιν,
1000 1405 1025 1453 ὁ
1063 1407 1146 1467 τῆς
1185 1402 1367 1469 σαρκὸς
1405 1403 1618 1457 θάνατος.
1675 1408 1823 1454 ταῦτα
1860 1403 1945 1467 μὲν
1969 1425 2014 1464 15

351 1482 445 1550 γὰρ
483 1485 538 1535 δι’
576 1485 696 1548 ἡμᾶς
735 1484 852 1536 ἑκὼν
886 1484 1125 1549 ὑπέμεινεν
1160 1487 1185 1536 ὁ
1224 1485 1455 1551 Χριστὸς,
1490 1484 1600 1536 ἀλλ’
1638 1484 1763 1552 ε’ίπερ
1800 1485 1943 1536 ἐνεδέ-

351 1588 462 1632 χετο
487 1565 553 1630 μὴ
578 1567 795 1618 παθόντα
822 1571 1082 1634 κατορθοῦν
1108 1566 1161 1618 τὸ
1197 1568 1269 1635 ἐφ’
1298 1567 1410 1631 ἡμῖν
1435 1565 1833 1632 σπουδαζόμενον,
1861 1568 1943 1619 οὐκ

350 1645 409 1697 ἂν
443 1646 651 1712 ἠθέλησε
685 1652 868 1700 παθεῖν·
914 1648 1070 1713 ἐπειδὴ
1110 1648 1159 1700 δὲ
1196 1647 1384 1703 πάντως
1418 1672 1469 1700 τε
1501 1651 1576 1700 καὶ
1615 1648 1946 1716 ἀπαραιτήτως

351 1727 556 1791 ἔμελλον
582 1731 797 1781 Ἰουδαῖοι
830 1735 1136 1795 κατατολμᾶν
1168 1730 1227 1781 τὰ
1260 1732 1328 1782 ἐπ’
1362 1731 1488 1799 αὐτῷ
1522 1730 1768 1797 γεγονότα,
1794 1754 1940 1782 κατα-

311 1831 334 1859 e
352 1810 534 1877 δέχεται
559 1810 613 1862 τὸ
639 1816 820 1875 παθεῖν,
846 1817 1044 1864 ποιεῖται
1072 1811 1119 1863 δὲ
1147 1812 1350 1877 θελητὸν
1375 1811 1430 1863 τὸ
1456 1811 1758 1878 ἀνεθέλητον,
1785 1813 1861 1864 διὰ
1886 1813 1945 1864 τὰ
1966 1838 2015 1862 20

349 1893 399 1942 ἐκ
433 1898 518 1943 τοῦ
551 1892 732 1948 πάθους
768 1893 998 1961 χρήσιμα,
1025 1898 1418 1949 συνευδοκοῦντος
1449 1896 1575 1965 αὐτῷ
1605 1901 1689 1946 τοῦ
1717 1900 1842 1947 Θεοῦ
1868 1898 1945 1947 καὶ

352 1972 560 2040 Πατρὸς,
595 1979 671 2026 καὶ
709 1979 879 2043 χρῆναι
916 1975 1071 2027 πάντα
1109 1976 1363 2043 προθύμως
1402 1978 1668 2043 ὑπενεγκεῖν
1708 1976 1823 2043 ὑπὲρ
1861 1980 1944 2040 τῆς

348 2054 572 2108 ἁπάντων
623 2058 860 2123 σωτηρίας
912 2057 1364 2124 συγκατανεύοντος.
1439 2060 1489 2109 ἐν
1539 2058 1634 2126 γὰρ
1685 2058 1741 2124 δὴ
1792 2059 1943 2130 τούτῳ

346 2136 564 2200 μάλιστα
601 2137 688 2202 τὴν
726 2139 929 2205 ἄμετρον
967 2142 1050 2203 τῆς
1093 2140 1218 2193 θείας
1259 2139 1451 2209 φύσεως
1493 2139 1766 2206 ἀγαθότητα
1806 2165 1943 2192 κατο-

346 2219 554 2288 ψόμεθα,
598 2223 660 2274 ὡς
699 2223 775 2272 καὶ
813 2220 928 2272 αὐτὸ
970 2221 1026 2271 δι’
1068 2221 1188 2285 ἡμᾶς
1230 2220 1414 2288 αἱρετὸν
1450 2227 1688 2273 ποιεῖσθαι
1729 2223 1783 2274 τὸ
1825 2224 1941 2275 ἀπό-
1964 2242 2012 2280 25

345 2306 530 2367 βλητον
565 2303 619 2353 οὐ
652 2303 1041 2368 παραιτουμένης.
1098 2302 1168 2354 ὅτι
1207 2303 1255 2354 δὲ
1294 2306 1370 2355 καὶ
1408 2303 1692 2369 ἀνεθέλητον
1723 2305 1808 2369 μέν
1841 2329 1942 2361 πως

345 2386 449 2435 ἐστι
474 2388 542 2452 τῷ
569 2387 755 2451 Σωτῆρι
783 2388 984 2453 Χριστῷ
1019 2384 1073 2435 τὸ
1109 2387 1184 2436 ἐπὶ
1216 2390 1283 2455 τῷ
1317 2390 1512 2456 σταυρῷ
1548 2386 1713 2450 πάθος,
1739 2387 1941 2452 θελητὸν

346 2466 395 2517 δὲ
420 2467 477 2517 δι’
505 2466 626 2530 ἡμᾶς
663 2468 737 2517 καὶ
764 2465 851 2531 τὴν
877 2466 1089 2518 εὐδοκίαν
1115 2473 1198 2518 τοῦ
1226 2471 1351 2519 Θεοῦ
1377 2470 1453 2519 καὶ
1482 2468 1687 2536 Πατρὸς,
1714 2468 1940 2534 συνήσεις

392 2571 425 2607 6.
451 2571 491 2616 δή
509 2583 580 2606 om.
599 2572 642 2608 B.
661 2572 793 2607 habent
812 2572 906 2608 Catt.
1124 2585 1157 2618 9.
1183 2575 1444 2619 παραιτησάμην
1463 2575 1510 2611 D.
1529 2574 1637 2610 Cord.
1656 2576 1745 2620 a.(?)
1812 2576 1940 2611 Statim

344 2618 465 2663 μέχρις
482 2630 513 2652 a.
532 2619 630 2664 ἄχρις
646 2619 753 2654 habet
772 2619 880 2654 Cord.
1056 2631 1108 2653 10.
1134 2620 1188 2653 καὶ
1205 2623 1265 2664 τὴν
1283 2621 1318 2655 ἐκ
1337 2625 1462 2666 νεκρῶν
1478 2622 1666 2661 ἀναβίωσιν
1703 2625 1742 2666 τῇ
1761 2623 1797 2657 ἐκ
1815 2626 1940 2668 νεκρῶν

344 2665 530 2704 ἀναβιώσει
548 2677 578 2700 a.
756 2674 809 2709 15.
836 2668 937 2700 τοῦτο
956 2665 999 2700 Β.
1016 2665 1134 2700 invitis
1155 2666 1247 2701 Catt.
1431 2677 1484 2713 17.
1513 2667 1567 2713 ἐφ’
1586 2668 1663 2713 ἡμῖν
1702 2670 1810 2715 σφίσι
1830 2670 1937 2704 Cord.

344 2711 523 2746 Neutrum
540 2711 648 2746 habet
665 2723 695 2746 a.
842 2725 895 2758 19.
921 2714 1052 2756 τολμᾶν
1069 2725 1099 2747 a.
1239 2725 1293 2748 20.
1320 2715 1373 2748 καὶ
1392 2726 1454 2759 pro
1472 2716 1510 2749 τὸ
1528 2716 1587 2750 alt.
1607 2716 1744 2761 Migne.
1810 2716 1937 2751 Statim

343 2757 550 2801 ἀνεθέλητον
568 2758 646 2793 B.a.
663 2758 828 2803 ἀθέλητον
847 2759 953 2794 Cord.
973 2759 1041 2793 Ed.
1171 2771 1226 2794 22.
1252 2762 1383 2797 πάντως
1403 2761 1509 2795 Cord.
1529 2762 1639 2796 invito
1657 2774 1688 2796 a.
1817 2772 1873 2808 25.
1898 2764 1937 2797 τὸ

343 2816 413 2839 om.
433 2805 567 2849 Migne.
736 2806 864 2851 26—p.
884 2807 965 2849 488,
984 2818 1017 2850 9.
1046 2805 1143 2840 Haec
1162 2807 1314 2842 citantur
1331 2808 1367 2842 in
1386 2808 1546 2843 Concilio
1564 2809 1666 2843 tertio
1685 2809 1937 2844 Constantino-

343 2852 498 2894 politano
517 2852 586 2885 680
603 2863 696 2886 anno
713 2852 808 2893 hab„
828 2854 977 2887 Actione
994 2865 1028 2893 x,
1041 2865 1059 2886 e
1076 2853 1192 2887 libello
1214 2854 1344 2888 Romae
1362 2855 1550 2899 compilato
1568 2867 1718 2900 quorum
1737 2856 1936 2891 testimonia

343 2908 424 2931 cum
442 2898 652 2943 apographis
670 2899 705 2932 in
728 2899 819 2934 Bibl.
841 2899 1032 2933 Pam-iareb.
1052 2899 1324 2946 constantinop.
1345 2903 1470 2935 collata
1490 2907 1584 2936 sunt.
1646 2901 1756 2938 Cone.
1775 2902 1832 2938 vii.
1851 2903 1932 2946 841.

343 2943 396 2977 ed.
418 2943 529 2979 colet.
548 2951 581 2979 et
598 2944 676 2980 cod.
694 2946 822 2981 Vienn.
844 2946 938 2981 Hist.
958 2947 1053 2983 Eccl.
1072 2946 1178 2982 Ness.
1199 2958 1254 2992 32.
1275 2947 1399 2983 Lamb.
1419 2959 1477 2994 59.
1496 2948 1555 2983 fol.
1574 2959 1650 2994 107.
