2084 3317
162 144 216 186 vi.
236 145 305 187 68.
391 146 464 187 IN
506 146 549 187 S.
583 144 918 187 JOANNEM.
981 143 1106 184 LIB.
1140 142 1217 183 IV.
1280 141 1413 183 CAP.
1448 141 1525 181 IV.
1663 140 1748 179 569

162 256 237 305 καὶ
261 255 309 305 ἐν
333 259 483 306 πᾶσιν
510 254 648 308 αὐτὸς
671 253 908 322 πρωτεύει,
932 251 1052 304 κατὰ
1076 250 1159 302 τὸν
1187 254 1402 301 Παῦλον·
1446 253 1508 302 εἰς
1534 251 1669 312 τιμῆς
1696 245 1744 296 δὲ
1807 268 1906 300 Coki.
1925 269 1973 299 18.

159 335 308 387 τύπον
338 339 413 387 καὶ
452 338 683 405 ὑπεροχῆς
721 339 804 400 τῆς
842 334 961 386 κατὰ
998 334 1189 385 πάντων
1223 333 1277 383 τὸ
1316 332 1516 399 χρυσίον
1552 330 1744 393 λαμβά-

161 440 302 468 νεται.
381 418 794 482 κατεσκευασμένη
849 422 1100 483 τοιγαροῦν
1151 415 1178 480 ἡ
1235 413 1436 474 κιβωτὸς
1484 414 1532 463 ἐκ
1584 411 1746 481 ξύλων

159 498 391 563 ἀσήπτων
416 503 491 551 καὶ
524 500 872 568 κεχρυσωμένη,
901 502 977 550 καὶ
1004 497 1086 549 τὸν
1112 501 1236 548 θεῖον
1262 495 1384 564 εἶχεν
1409 494 1747 546 ἐναποτεθέντα

117 580 317 644 5νόμον,
358 585 421 636 εἷς
458 582 608 634 τύπον
646 587 728 633 τοῦ
766 581 1097 646 ἐνοικήσαντος
1137 580 1212 629 καὶ
1252 577 1500 630 ἑνωθέντος
1538 580 1596 644 τῇ
1635 577 1791 644 ἀγιάὒ

160 666 304 729 σαρκὶ
331 667 455 714 Θεοῦ
483 663 660 729 Λόγου·
702 665 830 731 ῥῆμα
865 663 959 729 γὰρ
987 667 1112 713 Θεοῦ
1149 662 1224 711 καὶ
1260 662 1285 711 ὁ
1321 659 1462 722 νόμος
1500 657 1572 722 ἧν,
1598 663 1635 708 εὶ
1672 660 1749 708 καὶ

159 743 224 808 μὴ
263 745 600 807 ἐνυπόστατον,
638 745 801 811 ὥσπερ
843 745 923 795 οὖν
957 746 1088 794 ἐστιν
1125 744 1149 793 ὁ
1189 741 1318 796 Υἱός.
1373 741 1662 792 καλύπτεται
1701 741 1749 791 δὲ

158 830 225 895 τῷ
262 826 669 890 καταπετάσματι.
732 829 806 877 καὶ
848 825 942 892 γὰρ
981 825 1038 890 ἧν
1075 849 1176 879 πως
1213 826 1289 875 καὶ
1328 822 1616 891 ἀσυμφανὴς
1654 826 1751 876 τοῖς

159 913 360 963 πολλοῖς
398 909 770 975 ἐνανθρωπήσας
808 909 832 958 ὁ
869 907 990 961 Θεὸς
1025 907 1197 972 Λόγος,
1225 909 1300 957 καὶ
1335 905 1598 972 περιβολὴν
1629 905 1750 972 ε”χων

92 1006 140 1031 10
158 989 211 1040 τὸ
244 990 362 1041 ἴδιον
397 996 555 1055 σῶμα,
592 992 667 1041 καὶ
706 988 869 1056 ὥσπερ
909 992 957 1040 ἐν
990 987 1381 1052 καταπετάσματι
1421 987 1750 1039 διαλανθάνων

157 1075 215 1140 τῇ
255 1073 348 1141 ἰδίᾳ
385 1076 543 1139 σαρκὶ,
578 1074 640 1126 ὡς
675 1073 885 1123 ἐντεῦθεν
916 1071 1019 1122 οὐδὲ
1055 1069 1318 1137 ἐγνωκότας
1354 1069 1484 1123 τινας
1517 1071 1660 1121 αὐτοῦ
1697 1069 1750 1120 τὸ

159 1154 411 1220 θεοπρεπὲς
443 1155 644 1224 ἀξίωμα,
669 1155 783 1206 ποτὲ
818 1154 902 1219 μὲν
929 1158 1217 1205 καταλιθοῦν
1244 1155 1504 1220 ἐπιχειρεῖν,
1532 1152 1751 1218 ἔγκλημα

157 1236 473 1300 ποιουμένους,
501 1237 571 1288 ὅτι
597 1260 686 1302 περ
717 1237 963 1303 ἄνθρωπος
996 1235 1074 1298 ὧν,
1103 1234 1268 1286 ἑαυτὸν
1293 1233 1409 1286 εἶναι
1442 1235 1576 1300 λε’γοι
1603 1235 1744 1286 Θεόν·
1766 1276 1788 1302 0
1809 1235 1904 1318 {¹}er
1920 1246 1953 1266 x.

158 1317 272 1369 ποτὲ
323 1318 373 1369 δὲ
421 1318 585 1382 πάλιν,
631 1318 764 1370 οὐδὲν
809 1318 932 1372 ὅλως
984 1320 1359 1384 ὑπερυθριῶντας
1403 1321 1546 1368 εἰπεῖν
1588 1325 1614 1347 “
1640 1319 1749 1384 Οὐχ
1808 1323 1936 1406 Ξὲξΐὲ2

245 1400 266 1410 Λ

91 1410 140 1449 15
161 1407 186 1429 “
213 1399 347 1455 οὑτός
382 1403 514 1452 ἐστιν
543 1402 730 1464 Ἰησοῦς
766 1402 791 1451 ὃ
826 1399 922 1455 υἱὸς
953 1400 1155 1469 Ἰωσὴφ,
1186 1399 1240 1450 οὗ
1280 1400 1408 1464 ἡμεῖς
1447 1399 1635 1463 οἴδαμεν
1667 1399 1750 1451 τὸν

159 1488 186 1510 “
210 1483 392 1550 πατέρα
430 1485 506 1534 καὶ
544 1482 630 1547 τὴν
665 1482 871 1549 μητέρα;
921 1487 1022 1536 πῶς
1062 1488 1144 1533 νῦν
1180 1481 1310 1548 λέγει
1349 1481 1420 1533 ὅτι
1459 1481 1516 1550 ἐξ
1550 1483 1750 1548 οὐρανοῦ

158 1571 186 1594 “
211 1566 516 1630 καταβέβηκα
536 1566 576 1627 ;”
618 1566 785 1616 οὐκοῦν
811 1565 865 1615 τὸ
898 1565 1175 1632 ἐπεῤῥίφθαι
1202 1568 1259 1632 τῇ
1287 1568 1475 1632 κιβωτῷ
1508 1563 1563 1615 τὸ
1598 1587 1746 1615 κατα-

157 1646 395 1711 πέτασμα,
421 1647 475 1699 τὸ
501 1647 891 1714 ἀγνοηθήσεσθαι
917 1646 1049 1713 παρὰ
1074 1652 1170 1701 τοῖς
1201 1652 1404 1701 πολλοῖς
1437 1649 1749 1712 ὑποσημαίνει

156 1728 240 1780 τὸν
269 1729 476 1794 Ἰησοῦν.
538 1729 597 1795 ἦν
631 1731 713 1781 οὖν
748 1731 839 1796 ἄρα
879 1731 952 1780 καὶ
994 1730 1022 1793 ἡ
1062 1728 1262 1790 κιβωτὸς
1301 1733 1364 1782 εἰς
1401 1729 1549 1780 τύπον
1584 1731 1743 1781 αὐτοῦ.

89 1825 140 1852 20
158 1810 233 1861 διὰ
267 1811 360 1877 γάρ
393 1835 465 1863 τοι
501 1818 640 1863 τοῦτο
677 1815 751 1862 καὶ
785 1811 1063 1878 προεβάδιζε
1090 1816 1183 1862 τῶν
1209 1811 1266 1880 ἐξ
1286 1810 1491 1877 Ἰσραὴλ
1518 1811 1637 1862 κατὰ
1661 1811 1748 1876 τὴν

155 1891 325 1958 ἔρημον
355 1893 441 1957 τὴν
471 1900 554 1945 τοῦ
587 1898 711 1945 Θεοῦ
747 1894 883 1962 τάξιν
917 1896 1272 1959 ἀποπληροῦσα
1305 1892 1423 1944 τότε·
1476 1893 1615 1947 αὐτὸς
1653 1893 1746 1960 γὰρ
1766 1905 1795 1951 d

153 1973 212 2039 ἦν
257 1976 282 2025 ὁ
325 1981 409 2026 τοῦ
454 1981 574 2026 λαοῦ
621 1977 983 2041 καθηγούμενος.
1054 1980 1131 2027 καὶ
1180 1975 1359 2042 μάρτυς
1409 1977 1433 2026 ὁ
1479 1975 1748 2045 ψαλμῳδὸς

154 2055 310 2123 λε’γων
336 2064 363 2087 “
383 2058 444 2108 ‘O
475 2059 595 2112 Θεὸς
621 2061 669 2108 ἐν
695 2062 761 2127 τῷ
787 2056 1173 2125 προπορεύεσθαί
1199 2080 1259 2109 σε
1292 2057 1491 2109 ἐνώπιον
1518 2063 1600 2109 τοῦ
1625 2064 1747 2109 λαοῦ
1810 2061 1970 2147 gasmi.

155 2145 182 2168 ‘⁶
207 2161 312 2201 σου,
340 2141 389 2190 ἐν
416 2145 482 2209 τῷ
507 2141 763 2200 διαβαίνειν
790 2163 849 2191 σε
875 2139 962 2205 τὴν
988 2140 1174 2207 ἔρημον,
1202 2143 1265 2206 γῆ
1302 2141 1514 2205 ἐσείσθη,
1542 2142 1617 2191 καὶ
1652 2139 1746 2206 γὰρ
1833 2130 1840 2144 ’
1882 2128 1890 2137 ’

87 2226 183 2270 ²5“
210 2224 251 2271 οἱ
290 2222 477 2288 οὐρανοὶ
515 2222 772 2291 ἐσταξαν.”
833 2223 1224 2290 προελαυνούσης
1262 2222 1356 2289 γὰρ
1401 2225 1478 2273 καὶ
1516 2226 1747 2286 προβαδιι-

155 2300 328 2368 ζούσης
377 2305 446 2354 ἀεὶ
497 2306 580 2367 τῆς
631 2309 850 2365 κιβωτοῦ,
900 2303 1023 2358 Θεὸς
1068 2305 1321 2372 διαῤῥήδην
1365 2303 1745 2370 προπορεύεσθαι

155 2382 356 2449 λέγεται.
422 2386 731 2452 σαφεστέραν
775 2387 819 2437 δ’
868 2385 925 2437 ἂν
970 2386 1094 2454 ε”χοις
1144 2385 1231 2450 τὴν
1274 2388 1348 2436 ἐπὶ
1398 2385 1548 2454 τούτῳ
1597 2385 1746 2436 πάλιν

155 2465 408 2535 ἀπόδειξιν,
460 2469 603 2517 ἐκεῖνο
664 2467 1062 2531 διενθυμούμενος.
1144 2466 1333 2517 ἐκέλευέ
1382 2490 1496 2518 ποτε
1545 2472 1641 2521 τοῖς
1692 2468 1750 2536 ἐξ

153 2547 357 2614 Ἰσραὴλ
382 2547 459 2599 διὰ
488 2549 734 2604 Μωυσέως
765 2551 789 2600 ὁ
817 2549 952 2613 Θεὸς,
980 2551 1248 2610 ἀναβαίνειν
1275 2548 1360 2610 μὲν
1385 2549 1743 2615 τεθαρσηκότως
1763 2576 1785 2603 e

86 2651 137 2688 30
154 2630 229 2680 ἐπὶ
259 2628 313 2680 τὸ
350 2628 457 2696 ὅρος
491 2629 544 2680 τὸ
574 2632 727 2697 Σηεῖρ,
753 2633 1076 2698 ἐκπολιορκεῖν
1103 2631 1151 2682 δὲ
1177 2631 1261 2682 τὸν
1285 2632 1586 2697 Ἀμορῥαῖον·
1630 2632 1740 2682 ἀλλ’
1806 2636 1909 2722 ξθιὶὲ·
1925 2637 1946 2669 i.

203 2771 235 2794 2.
262 2759 367 2794 τύπον
386 2759 428 2794 Β.
447 2761 575 2805 τρόπον
593 2760 660 2795 Ed.
777 2773 828 2797 10.
856 2761 991 2807 ὥσπερ]
1016 2766 1053 2802 -†-
1075 2762 1162 2806 ἕχων
1182 2762 1223 2796 Β.
1349 2773 1402 2796 ΙΙ.
1431 2762 1497 2806 ἰδίᾳ
1518 2762 1559 2795 Β.
1578 2762 1656 2807 ἁγίᾳ
1675 2762 1743 2799 Ed,

154 2808 246 2842 τινὰς
263 2807 366 2840 αὐτοῦ
383 2806 450 2841 hoc
469 2807 590 2841 ordine
609 2807 704 2842 B.D.
862 2820 913 2854 13·
939 2811 1036 2855 λέγοι
1054 2820 1124 2841 om.
1142 2808 1183 2841 Β.
1342 2821 1393 2851 14.
1419 2807 1533 2854 οὐδὲν]
1553 2809 1623 2843 οὐδ’
1643 2810 1682 2844 ἂν
1700 2810 1743 2846 Β.

159 2853 212 2887 16.
239 2855 298 2887 νῦν
317 2853 411 2887 Β.Ῑ).
430 2853 488 2888 οὖν
507 2853 573 2887 Ed.
663 2855 701 2899 ἐξ
720 2854 799 2889 B.D
817 2867 889 2900 mg.
910 2855 944 2889 ἐκ
962 2858 1021 2890 τοῦ
1042 2855 1087 2888 D.
1108 2854 1175 2888 Ed.
1380 2865 1433 2900 17.
1459 2858 1519 2899 τὴν
1537 2857 1682 2897 κιβωτὸν
1702 2857 1744 2891 Β.

158 2900 285 2934 Statim
303 2901 342 2934 τὸ
359 2900 602 2943 καταπέτασμα
622 2900 715 2935 B.D.
734 2914 767 2936 v.
786 2903 808 2936 l.
826 2902 861 2936 in
881 2902 948 2937 Ed.
966 2914 1038 2947 mg.
1057 2902 1097 2936 τὰ
1116 2902 1400 2945 καταπετάσματα
1420 2901 1486 2937 Ed.
1602 2904 1655 2938 18.
1682 2919 1745 2948 σηε·

155 2947 263 2990 μαίνει
284 2946 325 2981 Β.
474 2958 525 2991 29.
553 2949 570 2981 ὁ
589 2954 809 2993 assumptum
829 2960 869 2983 ex
890 2949 931 2982 B.
1077 2960 1133 2993 30.
1159 2948 1218 2991 μὲν
1236 2960 1299 2993 pro
1318 2948 1353 2982 δέ
1375 2948 1415 2984 Β.

214 3013 306 3040 VOL.
331 3014 358 3042 L
925 3017 951 3054 4
974 3017 999 3043 D
