2084 3317
120 125 174 166 vi.
193 125 342 177 61,62.
376 125 450 166 IN
494 126 536 165 S.
569 125 903 166 JOANNEM.
965 124 1090 165 LIB.
1125 123 1203 163 IV.
1265 123 1398 164 CAP.
1432 122 1518 163 III.
1620 123 1704 163 549

121 237 195 286 καὶ
228 235 354 286 οὗτοι
386 233 534 286 πάλιν
565 233 647 285 τὸν
678 234 820 301 ἄρτον
851 233 1209 298 ἀποπέμπονται
1245 231 1327 284 τὸν
1353 230 1594 296 ἀληθινὸν,
1624 231 1706 281 οὐκ

103 317 415 382 ιε’ρυθριῶντες
443 313 597 380 λέγειν
623 316 820 384 Σκληρός
847 316 960 367 ἐστιν
987 321 1004 366 ὁ
1033 315 1173 380 λόγος
1201 312 1332 368 οὗτος.

194 401 286 447 Δεῖ
317 401 567 462 τοιγαροῦν
605 396 790 465 σοφοὺς
829 394 944 447 εἶναι
981 395 1090 449 τοὺς
1126 399 1222 446 τῶν
1260 394 1395 446 θείων
1433 392 1709 459 μυστηρίων

119 477 367 544 ἀκροατὰς,
419 481 491 529 δεῖ
536 479 755 542 δοκίμους
805 475 920 529 εἶναι
969 475 1261 544 τραπεζίτας,
1312 478 1374 529 ὡς
1432 474 1598 526 εἰδέναι
1654 473 1708 525 τὸ

78 567 100 605 5
121 557 313 622 δόκιμον
351 561 427 610 καὶ
465 557 519 610 τὸ
559 559 848 626 παράσημον
887 557 1110 623 νόμισμα,
1149 559 1226 608 καὶ
1265 557 1381 622 μήτε
1419 561 1514 610 τοῖς
1551 556 1711 607 πίστει

119 643 426 707 παραδεκτοῖς
466 641 667 708 ἀκαίρως
704 639 896 706 ἐπάγειν
927 640 1013 704 τὴν
1048 639 1320 708 ἀνεξίτητον
1352 638 1561 705 ζήτησιν,
1592 637 1710 701 μήτε

120 726 217 776 τοῖς
243 725 324 786 τῆς
357 721 592 789 ζητήσεως
627 723 858 786 δεομένοις
893 721 1279 773 ἐπασωτεύεσθαι
1311 721 1476 772 πίστιν
1498 719 1603 770 ἔσθ’
1634 718 1711 769 ὅτε

121 803 208 868 τὴν
233 803 487 870 ἐπιζήμιον,
514 803 788 855 ἀποδιδόναι
821 802 871 853 δὲ
900 802 954 854 τὸ
981 801 1168 871 ἑκάστῳ
1193 801 1377 868 πρέπον
1402 806 1497 853 τῶν
1523 807 1706 852 λαλου-

172 885 185 902 l
375 890 387 903 x
469 887 479 901 5
544 886 555 901 θ
624 886 636 903 Ι
742 882 763 901 ‘l
929 885 969 902 ‘l
1142 885 1153 902 Ι
1320 884 1332 898 ἱ
1392 885 1401 899 ’
1503 884 1514 901 Ι
1651 883 1662 898 2
1698 882 1708 897 2

120 908 287 949 μενων,
314 909 390 937 και
425 889 469 937 δι
509 889 687 939 ευθειας
723 907 890 951 ωσπερ
927 907 1039 935 ιεναι
1073 890 1254 950 τριβου,
1286 907 1341 935 το
1379 890 1605 935 εκκλινειν
1639 905 1697 933 επ
1731 890 1758 932 d

53 986 102 1012 10
121 968 268 1037 ἄμφω
293 966 707 1033 παραιτουμένους.
759 968 852 1035 ὁδῷ
886 964 981 1032 γὰρ
1015 968 1250 1033 βασιλικῇ
1276 964 1564 1031 πορεύεσθαι
1590 962 1707 1030 πρέ-

119 1072 196 1101 πει
223 1049 306 1101 τὸν
332 1052 395 1103 εἷς
421 1046 655 1116 ὀρθότητα
681 1048 887 1101 πίστεως
913 1046 1141 1115 τρέχοντα
1166 1050 1250 1111 τῆς
1276 1049 1325 1098 ἐν
1350 1049 1566 1115 Χριστῷ.

196 1237 337 1278 Τοῦτο
375 1238 484 1286 ὑμᾶς
522 1237 815 1294 σκανδαλίζει;
867 1236 942 1279 ἐὰν
982 1234 1054 1278 οὖν
1094 1241 1286 1293 θεωρῆτε
1323 1236 1396 1278 τὸν
1436 1233 1525 1277 υἱὸν
1562 1237 1637 1276 τοῦ

345 1319 575 1377 ἀνθρώπου
614 1319 901 1370 ἀναβαίνοντα
939 1321 1047 1361 ὅπου
1086 1316 1136 1360 ἦν
1174 1319 1223 1362 τὸ
1261 1320 1499 1377 Πρότερον;

195 1434 284 1486 Ἐκ
331 1436 519 1498 πολλῆς
570 1433 693 1499 ἄγαν
740 1436 823 1497 τῆς
873 1433 1077 1498 ἀμαθίας
1128 1436 1223 1483 τῶν
1275 1431 1365 1484 ὑπὸ
1415 1435 1483 1499 τῷ
1528 1433 1715 1496 Σωτῆρι

58 1525 104 1564 Ι5
124 1519 324 1585 Χριστῷ
363 1515 753 1581 μαθητευομένων
792 1514 911 1570 τινὲς
954 1517 1030 1566 ἐπὶ
1071 1520 1168 1569 τοῖς
1208 1515 1317 1581 παρ’
1360 1515 1503 1565 αὐτοῦ
1547 1513 1711 1577 λόγοις
1732 1539 1754 1566 e

123 1598 531 1665 ἐσκανδαλίζοντο.
582 1597 737 1660 ἐπειδὴ
777 1597 872 1665 γὰρ
911 1599 1210 1665 ἐπηκροῶντο
1248 1596 1473 1662 λέγοντος
1501 1602 1526 1625 “
1553 1593 1711 1659 Ἀμὴν

126 1687 154 1710 “
180 1680 304 1744 ἀμὴν
330 1680 458 1746 λέγω
494 1682 614 1744 ὑμῖν,
642 1678 723 1730 ἐὰν
747 1678 812 1744 μὴ
850 1678 1036 1748 φάγητε
1072 1678 1158 1743 τὴν
1182 1678 1341 1745 σάρκα
1375 1683 1458 1729 τοῦ
1493 1679 1592 1728 υἱοῦ
1628 1681 1711 1727 τοῦ

128 1768 154 1791 “
180 1762 431 1828 ἀνθρώπου
469 1763 545 1812 καὶ
582 1762 718 1825 πίητε
764 1761 907 1812 αὐτοῦ
952 1759 1006 1812 τὸ
1046 1759 1174 1825 αἷμα,
1214 1761 1297 1811 οὐκ
1342 1759 1467 1827 ἔχετε
1507 1757 1627 1824 ζωὴν
1665 1759 1714 1809 ἐν

127 1851 155 1873 “
180 1845 402 1897 ἑαυτοῖς·”
458 1848 521 1898 εἰς
560 1841 780 1907 ὠμότητά
813 1865 918 1893 τινα
958 1845 1251 1909 θηριοπρεπῆ
1292 1845 1543 1893 καλεῖσθαι
1581 1844 1715 1910 σφᾶς

57 1946 105 1970 20
128 1924 478 1989 ὑπελάμβανον,
518 1926 580 1978 ὡς
625 1926 953 1992 σαρκοφαγεῖν
993 1921 1080 1987 μὲν
1124 1923 1467 1990 ἀπανθρώπως,
1507 1920 1622 1985 αἷμα
1666 1920 1715 1973 δὲ

125 2009 289 2076 ῥοφεῖν
332 2005 678 2068 ἐπιτάττεσθαι,
720 2007 796 2056 καὶ
840 2004 935 2056 ὅσα
982 2007 1059 2056 καὶ
1102 2005 1248 2069 μόνον
1293 2007 1494 2056 ἀκοῦσαι
1540 2002 1716 2073 φρικτὰ

1734 1240 1781 1277 62

1773 1604 1880 1644 Supra

1771 1658 1839 1679 ver.
1854 1655 1870 1686 5
1877 1656 1893 1686 3
1901 1670 1907 1678 .

126 2095 272 2140 ταῦτα
297 2093 444 2140 ποιεῖν
468 2087 831 2154 ἀναγκάζεσθαι.
884 2088 937 2138 οὐ
964 2087 1058 2154 γὰρ
1084 2085 1264 2155 ᾕδεσάν
1289 2110 1389 2141 πως
1415 2092 1499 2137 τοῦ
1523 2109 1709 2150 μυστη-
1732 2108 1754 2133 a
1788 2098 1871 2134 375
1885 2096 1938 2131 A.

124 2172 228 2238 ρίου
268 2171 322 2222 τὸ
367 2169 563 2233 κάλλος,
603 2172 679 2220 καὶ
724 2168 810 2232 τὴν
851 2169 1116 2236 ηὑρημένην
1159 2168 1228 2221 ἐπ’
1274 2170 1400 2238 αὐτῷ
1443 2167 1717 2232 καλλίστην

128 2253 410 2316 οἰκονομίαν·
470 2253 545 2303 ἐπὶ
597 2251 656 2302 δέ
694 2274 747 2316 γε
797 2252 947 2321 τούτῳ
999 2249 1181 2302 κάκεῖνό
1232 2274 1325 2303 που
1369 2250 1557 2303 πάντως
1607 2250 1714 2300 καθ’

60 2348 108 2388 25
130 2333 317 2388 ἑαυτοὺς
354 2334 622 2401 ἐλογίζοντο
659 2338 771 2388 Πῶς
805 2334 865 2386 ἂν
895 2335 1006 2399 ἡμῖν
1037 2333 1093 2386 τὸ
1128 2334 1423 2401 ἀνθρώπινον
1456 2338 1599 2397 σῶμα
1631 2332 1718 2397 τὴν

129 2415 315 2467 αἰώνιον
341 2416 632 2485 ἐμφυτεύσαι
664 2415 819 2482 ζωήν,
865 2417 915 2468 τί
940 2416 989 2468 δὲ
1021 2416 1183 2482 ὀνήσει
1216 2415 1335 2483 πρὸς
1368 2414 1636 2467 ἀθανασίαν
1661 2413 1716 2466 τὸ

129 2498 240 2562 ἡμῖν
279 2497 516 2566 ὁμοφυέςς
573 2500 729 2552 συνεὶς
772 2503 1023 2565 τοιγαροῦν
1063 2499 1087 2548 ὁ
1127 2496 1341 2564 Χριστὸς
1379 2496 1438 2547 τὰ
1476 2497 1524 2547 ἐν
1562 2497 1718 2549 αὐτοῖς

129 2578 448 2643 βουλεύματα·
523 2586 551 2609 “
575 2579 733 2631 πάντα
791 2579 885 2646 γὰρ
947 2577 1106 2645 γυμνὰ
1169 2580 1245 2629 καὶ
1303 2577 1717 2646 τετραχηλισμένα

132 2667 159 2690 “
184 2665 281 2715 τοῖς
319 2662 588 2729 ὀφθαλμοῖς
626 2662 812 2712 αὐτοῦ·”
869 2660 1111 2728 θεραπεύει
1148 2658 1296 2712 πάλιν
1335 2664 1397 2714 εἷς
1441 2659 1718 2728 κατάληψιν

183 2835 214 2859 2.
241 2823 443 2869 ἐρυθριῶσιν
462 2824 503 2858 Β.
660 2835 692 2869 3.
720 2822 800 2859 εἶναι
822 2825 954 2871 σοφοὺς
972 2825 1109 2859 inverso
1128 2823 1249 2858 ordine
1268 2823 1310 2857 Β.
1469 2831 1501 2867 5.
1529 2823 1567 2856 τὸ
1585 2834 1655 2856 om.
1675 2822 1717 2856 B.

135 2880 168 2916 7.
194 2873 264 2907 τοῖς
281 2883 352 2905 om.
372 2871 413 2905 B.
481 2870 607 2906 Statim
625 2873 683 2915 τῆς
700 2882 769 2905 om.
790 2871 835 2905 D.
964 2872 997 2906 8.
1024 2870 1173 2915 ἑκάστῳ]
1197 2874 1233 2910 4-
1255 2869 1337 2904 κατὰ
1354 2869 1395 2904 τὰ
1413 2870 1495 2915 ἔργα
1513 2870 1614 2906 αὐτοῦ
1632 2875 1665 2904 et
1682 2869 1720 2903 τὸ

134 2917 191 2953 hic
210 2918 408 2964 transponit
428 2918 469 2954 Β.
615 2927 671 2963 25.
698 2917 790 2962 ἡμῶν
808 2918 855 2953 D.
999 2928 1054 2963 29.
1081 2919 1150 2953 τοῖς
1171 2916 1211 2951 Β.
1231 2916 1266 2951 ἐν
1282 2917 1352 2952 τοῖς
1371 2915 1437 2950 Ed.

1778 2581 1870 2613 Heb.
1886 2581 1930 2613 iv.

1783 2634 1831 2665 13.
