2084 3317
337 158 421 198 630
739 156 789 196 B.
823 153 1093 195 CYRILLI
1134 149 1515 192 ALEXANDR.
1764 145 1835 186 vii.
1855 157 1923 196 24.

117 261 267 347 {³3:⁸25st
340 267 601 330 ἀπομαθεῖν
639 263 1000 327 συμβουλεύων,
1033 259 1308 312 ἐπιστέλλει
1345 257 1494 309 πάλιν
1520 263 1547 285 “
1567 256 1643 306 Οὐ
1681 252 1775 319 γὰρ
1814 254 1839 303 ὁ
1877 253 1927 303 ἐν

296 358 322 399 (1
342 354 368 377 “
391 351 457 398 τῶ
484 350 674 416 φανερῶ
700 344 976 398 Ἰουδαῖός’
953 366 1099 405 εστιν,
1126 342 1229 393 οὐδὲ
1265 341 1294 405 ἡ
1329 342 1377 391 ἐν
1403 343 1469 407 τῷ
1495 339 1684 406 φανερῷ
1709 337 1756 385 ἐν
1782 334 1928 401 σαρκὶ

339 427 637 495 “περιτομὴ,
679 428 789 478 ἀλλ’
833 428 857 477 ὁ
897 428 945 477 ἐν
982 428 1049 494 τῷ
1087 426 1278 491 κρυπτῷ
1315 423 1551 482 Ἰουδαῖος,
1587 420 1663 468 καὶ
1700 413 1928 482 περιτομὴ

340 518 367 540 “
396 511 588 577 καρδίας
626 511 675 560 ἐν
712 508 944 572 πνεύματι
982 507 1036 557 οὐ
1074 503 1330 572 γράμματι,
1370 503 1424 553 οὗ
1463 503 1488 552 ὁ
1527 500 1713 552 ἔπαινος
1751 498 1834 548 οὐκ
1874 496 1933 565 ἐξ

342 600 368 622 “
395 592 659 658 ἀνθρώπων
685 592 795 641 ἀλλ’
825 592 875 641 ε”κ
909 595 994 640 τοῦ
1021 588 1189 639 Θεοῦ.”
1243 585 1271 651 ὴ
1298 584 1391 652 γὰρ
1418 584 1522 650 οὐχὶ
1548 581 1623 632 διὰ
1649 581 1827 632 τούτων
1853 580 1929 630 καὶ
1949 597 1974 636 5

341 674 582 725 ὑποπείθει
621 672 792 724 λοιπὸν
827 675 890 725 εἰς
929 669 1085 736 ἑτέρας
1123 668 1299 721 ἐννοίας
1336 668 1405 718 ἐπ’
1440 665 1587 732 ἐκείνῃ
1621 660 1929 728 μεταβιβάζε-

121 755 173 830 {¹1³2
192 755 235 786 iv.
343 760 473 818 σθαι,
507 757 583 806 καὶ
622 755 675 805 οὐ
714 754 850 821 μέχρι
888 758 972 803 τοῦ
1011 750 1231 802 δεδόσθαι
1257 756 1284 779 ‘⁶
1303 749 1554 816 σφραγῖδα
1590 747 1673 808 τῆς
1711 745 1758 794 ἐν
1793 744 1933 808 ἀκρο-

912 833 997 898 τὴν
1037 830 1294 900 περιτομὴν
1330 833 1397 899 τῷ
1433 826 1715 895 προπάτορι,
1757 827 1934 876 διενθυ-

847 835 870 851 '2

344 845 371 868 ‘⁶
397 836 575 906 βυστίᾳ
613 836 841 898 πίστεως,

343 923 536 984 μεῖσθαι
574 917 815 981 βούλεται,
847 915 980 967 ἀλλά
1017 938 1062 967 τι
1101 915 1177 965 καὶ
1214 911 1367 978 μεῖζον
1401 912 1475 963 ἐπὶ
1512 908 1664 978 τούτῳ
1705 912 1824 958 νοεῖν
1858 907 1935 958 καὶ

343 1000 657 1065 πνευματικόν
675 1022 688 1064 ;
1958 1012 2008 1038 10

424 1083 661 1148 Ζητητέον
687 1086 938 1148 τοιγαροῦν
964 1080 1039 1131 καὶ
1066 1075 1405 1145 περισκεπτέον
1432 1076 1514 1126 οὐκ
1542 1074 1787 1137 ἀνειμένως
1812 1072 1882 1126 τίς
1907 1072 1935 1135 ἡ

308 1167 394 1219 θέν
432 1164 664 1229 πνεύματι
702 1162 946 1230 περιτομὴ,
984 1162 1108 1214 τίνος
1148 1160 1191 1211 δ’
1233 1157 1292 1209 ἂν
1332 1162 1484 1209 νοοῖτο
1526 1157 1780 1220 σύμβολον
1817 1155 1846 1218 ἡ
1890 1155 1938 1204 ἐν

347 1250 492 1314 σαρκὶ
533 1247 806 1311 τελουμένη,
846 1247 922 1296 καὶ
961 1242 1036 1295 διὰ
1073 1242 1213 1293 ποίαν
1251 1241 1402 1290 αἰτίαν
1441 1240 1523 1289 οὐκ
1561 1235 1848 1306 ἀδιαφόρως,
1889 1236 1939 1286 ἐν

346 1329 467 1398 ᾗπερ
506 1327 564 1380 ἂν
603 1329 752 1397 ἡμερα
790 1326 940 1394 τύχοι,
981 1324 1102 1392 μόνῃ
1141 1323 1187 1374 δὲ
1227 1325 1275 1373 ἐν
1314 1320 1460 1389 ὀγδόῃ
1501 1318 1820 1386 περιτέμνεται
1859 1316 1940 1368 ἅν-

347 1416 550 1477 θρωπος.
630 1410 735 1461 ἔστι
784 1409 941 1460 τοίνυν
993 1407 1144 1457 οὐδενὶ
1195 1408 1290 1455 τῶν
1341 1402 1490 1454 ὅντων
1541 1400 1832 1470 ἀμφίβολον,
1877 1399 1939 1452 ὡς
1963 1423 2009 1461 15

346 1493 535 1559 ἐπειπερ
567 1492 677 1556 ἡμῖν
711 1492 735 1542 ὁ
772 1513 956 1544 σκοπος
994 1509 1284 1540 συντεινεται
1318 1508 1438 1551 προς
1474 1482 1527 1535 τὸ
1563 1481 1720 1534 θέλειν
1748 1483 1937 1532 συνδεῖ-

353 1579 470 1626 σθαι
508 1578 574 1644 τῷ
609 1577 718 1643 Θεω
758 1571 833 1623 δια
871 1593 1070 1637 μεσιτου
1106 1573 1336 1637 Χριστοῦ,
1369 1566 1444 1618 δια
1482 1571 1620 1616 τοῦτο
1658 1563 1716 1628 δὴ
1754 1562 1944 1616 πάντως

129 1675 275 1712 431A.
310 1685 331 1709 a
352 1681 427 1709 και
490 1624 897 1724 πριοκαθαιρεσθαι
959 1652 1137 1720 πρέπει,
1200 1649 1569 1718 προαγνιζεσθαι
1632 1645 1708 1697 δια
1769 1642 1946 1711 τρόπου

352 1738 529 1794 παντὸς
576 1761 685 1792 τους
724 1742 787 1791 εἰς
829 1735 1090 1800 οἰκειότητα
1130 1733 1206 1785 διὰ
1247 1755 1454 1784 πιστεως
1501 1729 1841 1790 ἀναβαίνοντας
1879 1728 1947 1777 τῶ

353 1820 584 1890 πανάγνω
618 1819 866 1887 Δεσπότῃ.
923 1818 1184 1915 ληψόμεθα
1223 1815 1270 1866 δὲ
1310 1837 1372 1867 εις
1411 1813 1612 1880 ἀριστην
1649 1815 1733 1861 τοῦ
1771 1809 1947 1859 τοιοῦδε
1967 1835 2016 1860 20

355 1903 636 1970 πράγματος
671 1900 824 1952 εἰκόνα
859 1900 913 1951 τὸ
949 1898 1190 1966 εἱρημενον
1223 1919 1354 1963 παρα
1388 1899 1513 1947 Θεοῦ
1547 1915 1666 1959 προς
1699 1914 1782 1942 τον
1813 1888 1948 1956 ἅγιον

133 1996 257 2071 ἐξῆ-Ο
360 1984 578 2037 Μωυσέα
628 1990 656 2013 “
686 1981 918 2044 Καταβας
969 1979 1281 2046 διαμάρτυραι
1331 2001 1397 2046 τῳ
1447 1979 1568 2044 λαῶ,
1623 1997 1698 2024 και
1747 1971 1948 2037 ἅγνισον

137 2092 188 2115 11.
258 2064 266 2079 ’
359 2075 387 2098 “
414 2065 580 2120 αὐτοὺς
620 2064 831 2132 σήμερον
873 2066 949 2114 καὶ
991 2063 1166 2127 αὔριον,
1206 2062 1282 2111 καὶ
1323 2058 1646 2111 πλυνάτωσαν
1686 2053 1746 2106 τὰ
1790 2052 1950 2117 ἱμάτια

361 2158 387 2180 “
414 2151 604 2211 ἑαυτῶν,
634 2171 708 2199 και
748 2147 971 2197 ε’στωσαν
1006 2166 1180 2204 ετοιμοι
1218 2166 1281 2196 εις
1319 2140 1405 2205 τὴν
1439 2138 1612 2205 ἡμεραν
1646 2135 1733 2201 τὴν
1767 2136 1947 2202 τρίτην·

361 2235 474 2299 “τῇ
511 2229 606 2297 γὰρ
640 2228 792 2298 ἡμερα
826 2230 884 2295 τῇ
916 2227 1049 2294 τρίτῃ
1086 2223 1411 2287 καταβήσεται
1439 2220 1614 2287 Κύριος
1647 2221 1722 2270 ἐπὶ
1755 2240 1810 2268 το
1844 2215 1951 2282 ὅρος
1972 2245 2020 2284 25

316 2320 343 2361 b
365 2322 391 2344 “
419 2313 585 2365 Σινᾶ.”
629 2313 677 2363 ἐν
701 2311 786 2375 μὲν
811 2333 905 2376 γαρ
931 2312 998 2378 τῷ
1023 2306 1390 2374 προαγνιζεσθαι
1418 2307 1526 2366 δεῖν,
1552 2301 1639 2366 τὴν
1664 2299 1740 2352 δια
1764 2297 1953 2366 τρόπων

364 2396 607 2448 ἐπιείκειαν
633 2391 916 2457 ἐπιτηδεύειν
942 2389 1184 2452 βούλεται·
1228 2390 1276 2439 ἐν
1308 2385 1354 2438 δε
1393 2390 1459 2437 τῶ
1497 2386 1665 2453 χρῆναι
1704 2381 1764 2433 τὰ
1798 2381 1954 2449 ἀμφια

362 2476 666 2544 περιπλύνειν
714 2473 894 2535 αὐτοὺς,
940 2471 1026 2536 τὴν
1073 2471 1216 2521 αὐτοῦ
1266 2475 1350 2520 τοῦ
1401 2467 1625 2531 σώματος
1675 2463 1954 2531 ὑπεμφαίνει

365 2559 618 2626 κάθαρσιν.
689 2558 866 2625 ἄμφιον
907 2554 999 2622 γὰρ
1039 2551 1205 2619 ὥσπερ
1245 2553 1321 2602 καὶ
1360 2546 1624 2617 περιστολὴ
1669 2549 1752 2611 τῆς
1792 2546 1954 2613 ψυχῆς

366 2641 420 2694 τὸ
460 2638 605 2705 σῶμά
643 2641 794 2690 ἐστιν.
1976 2653 2026 2690 30

418 2775 447 2798 1.
472 2763 586 2810 λέγων
603 2773 667 2807 pro
684 2762 788 2796 πάλιν
806 2760 848 2795 Β.
1022 2768 1055 2803 5.
1082 2757 1137 2791 διὰ
1154 2755 1281 2790 τούτων
1299 2754 1368 2800 και]
1389 2755 1442 2788 καὶ
1461 2752 1501 2788 δι’
1520 2730 1629 2787 ῖιῗτῶν
1647 2766 1700 2785 και
1721 2750 1762 2784 Β.
1829 2748 1957 2783 Statim

366 2826 518 2862 ὑποτίθει
537 2826 580 2860 Β.
692 2836 746 2867 14.
773 2806 1030 2867 περιτέμνεταιὸ
1041 2821 1218 2865 ἅνθρωπος
1236 2819 1277 2853 Β.
1402 2817 1454 2851 16.
1483 2813 1708 2859 συντείνεται]
1728 2813 1896 2859 ἐγγίνεται
1916 2810 1957 2844 Β.

371 2884 424 2918 17.
451 2871 611 2918 μεσίτου]
636 2876 673 2912 4-
694 2874 754 2905 τοῦ
773 2870 839 2904 Ed.
858 2869 978 2904 invitls
998 2869 1039 2903 B.
1045 2869 1091 2902 D.
1334 2866 1386 2899 18.
1411 2860 1695 2909 προιιγνίζεσθαι]
1717 2860 1812 2894 deest
1832 2866 1870 2892 ut
1887 2857 1957 2892 vid.

369 2920 591 3001 60ῃῇἳηὶῑίοὶ
652 2929 737 3000 d35.
762 2919 801 2999 {b
819 2915 915 2962 ὅρος]
940 2921 976 2997 -tl-
998 2917 1035 2949 τὸ
1056 2914 1123 2949 Ed.
1142 2914 1252 2948 invito
1272 2912 1314 2946 B.
1331 2911 1479 2954 (Alex.,)
1493 2910 1554 2945 sed
1573 2910 1615 2944 cf.
1637 2907 1764 2953 Glaph.
1779 2905 1877 2952 316e
1895 2903 1960 2938 ubi

369 2978 407 3001 το
424 2978 504 3001 exn
532 2978 573 3001 en
608 2977 648 3000 co
677 2977 746 3000 1ces
790 2976 877 2999 onae
897 2976 942 2998 no
962 2975 1011 2997 ae.
