2084 3317
86 607 107 642 ΕΠ

61 1021 108 1046 10

59 1847 76 1870 2

60 2255 78 2278 to

85 2252 106 2290 <a

132 153 172 195 ii.
195 169 259 199 20.
385 157 461 198 IN
503 158 543 200 S.
577 157 912 199 JOANNEM.
975 157 1098 197 LIB.
1133 156 1194 197 II.
1256 157 1390 197 CAP.
1426 157 1461 196 I.
1635 155 1717 195 211

132 264 381 333 κεκυφότες
422 268 504 329 ἀεὶ,
545 268 620 316 καὶ
661 270 723 320 εἰς
761 266 883 330 μόνα
921 265 981 316 τὰ
1019 267 1093 316 ἐπὶ
1139 268 1220 329 τῆς
1264 267 1349 330 γῆς
1392 264 1720 316 κατανεύοντες

131 345 402 412 πράγματα,
419 352 513 398 τῶν
539 349 743 416 ὑψηλῶν
766 351 848 412 τῆς
874 352 936 402 εἰς
957 348 1175 413 Χριστὸν
1201 347 1442 406 εὐσεβείας
1469 344 1721 410 δογμάτων

130 429 361 492 μηδεμιάν
411 428 620 497 δέχοιντο
671 431 885 497 θεωρίαν,
939 431 992 480 οὐ
1044 430 1391 490 βασκαίνοντος
1441 429 1597 480 αὐτοῖς
1646 428 1720 477 ἐπὶ

129 508 310 563 τούτοις
361 516 444 561 τοῦ
496 512 841 578 φιλανθρώπου
893 516 1036 574 Θεοῦ,
1090 510 1374 580 ὶσοστάθμῳ
1426 508 1474 560 δὲ
1531 514 1722 573 μᾶλλον

130 591 410 657 κολάζοντος
437 593 541 661 δίκῃ
567 593 674 648 τοῦς
700 593 918 662 ἀφόρητα
944 592 1405 657 πλημμελήσαντας.

195 673 327 740 ‘'Opot
374 673 468 741 γὰρ
514 674 640 729 ὅπως
691 675 898 740 ἀνοήτως
944 675 1187 742 ὑβρίζουσι
1237 678 1320 739 τῆς
1363 675 1540 725 ἑαυτῶν
1585 675 1720 741 ἀφει-

129 756 316 810 δοῦντες
346 759 523 825 ψυχῆς.
579 759 603 808 ὁ
639 756 723 820 μὲν
747 756 841 823 γὰρ
871 757 1046 823 Κύριος
1077 758 1211 821 ἡμῶν
1240 758 1429 820 Ἰησοῦς
1456 758 1481 806 ὁ
1510 755 1723 822 Χριστὸς

128 837 244 887 ἴδιον
269 838 425 889 ἐκάλει
453 839 646 904 Πατερα
672 839 756 890 τὸν
783 839 910 890 Θεόν
937 847 963 869 “
987 838 1073 903 Μὴ
1103 844 1276 891 ποιεῖτε
1304 839 1461 904 λέγων
1488 838 1570 888 τὸν
1596 836 1722 888 οἶκον

128 926 156 948 “
181 925 264 970 τοῦ
296 920 489 987 Πατρός
523 944 613 985 μου
650 919 776 972 οἶκον
811 922 1078 988 ἐμπορίου.”
1133 919 1232 971 εἶτα
1271 921 1375 971 δεόν
1410 920 1577 973 αὐτοὺς
1604 918 1722 970 Υὶὸν
1739 929 1766 969 b

128 1000 216 1065 ἤδη
261 1005 335 1052 καὶ
382 1002 522 1065 Θεὸν,
560 1005 620 1056 ὡς
666 1005 716 1054 ἐκ
759 1007 887 1054 Θεοῦ
928 1005 1003 1054 καὶ
1048 1002 1240 1069 Πατρὸς
1285 1001 1532 1071 πεφηνότα
1579 1007 1718 1064 νοεῖν,

127 1082 378 1150 ἄνθρωπον
427 1083 493 1136 ε”τι
545 1083 727 1150 γυμνὸν
771 1088 846 1135 καὶ
897 1089 990 1136 τῶν
1039 1086 1149 1135 καθ’
1198 1085 1320 1148 ἡμᾶς
1373 1082 1600 1151 ὑπάρχειν
1644 1083 1725 1133 ἕνα

127 1165 424 1220 πιστεύουσι.
478 1165 554 1217 διά
589 1190 660 1218 τοι
692 1173 845 1230 τοῦτο,
873 1170 948 1218 καὶ
983 1166 1066 1218 τὸν
1097 1168 1172 1218 ἐπὶ
1208 1171 1266 1234 τῇ
1302 1171 1386 1217 τοῦ
1423 1171 1535 1216 ναοῦ
1573 1189 1719 1216 κατα-

128 1252 274 1316 σκευῇ
313 1248 642 1313 δαπανηθέντα
679 1248 854 1317 χρόνον
891 1250 1192 1315 προτείνουσι
1230 1248 1449 1314 λε’γοντες
1488 1248 1724 1316 Τέσσαρσι-

132 1354 262 1381 κοντα
304 1335 381 1382 καὶ
425 1328 470 1400 ’ἐξ
510 1331 643 1382 ἔτεσιν
675 1330 922 1401 ᾠκοδομήθη
959 1339 976 1383 ὁ
1017 1331 1116 1386 vos&
1152 1330 1283 1393 οὗτος,
1321 1336 1397 1381 καὶ
1436 1329 1489 1381 αὖ
1524 1332 1561 1381 ἐν
1594 1335 1725 1398 τρισὶν

129 1412 305 1481 ἡμέραις
353 1415 508 1482 ἐγερεῖς
558 1416 712 1475 αὐτόνς
772 1415 883 1464 ἀλλ’
929 1412 966 1464 ὦ
1016 1413 1152 1482 πάσῃ
1202 1413 1447 1476 μεθύοντες
1503 1412 1721 1480 ἀπονοίᾳ,

102 1496 314 1549 ’δικαίως
358 1494 416 1546 ἂν
455 1494 582 1559 οἶμαι
628 1495 782 1562 λε’γειν
825 1497 994 1558 αὐτοῖς,
1037 1501 1073 1547 εὶ
1118 1495 1275 1566 σοφὸς
1324 1497 1431 1558 ὑμῖν
1476 1493 1725 1563 ε’νῴκισται

84 1848 107 1870 0

128 1584 248 1639 νοῦς,
276 1582 312 1629 εἰ
338 1578 421 1629 τὸν
446 1579 555 1644 παρ’
586 1580 693 1641 ὑμῖν
721 1578 835 1629 ὄντα
862 1577 974 1629 ναὸν
1001 1577 1127 1629 οἷκον
1154 1576 1268 1628 εἶναι
1295 1582 1421 1628 Θεοῦ
1453 1576 1718 1637 πιστεύετε,
1743 1598 1764 1623 o

126 1665 227 1715 πῶς
262 1662 344 1711 οὐκ
380 1661 467 1712 ε”δει
503 1660 629 1712 Θεὸν
656 1660 770 1711 ὄντα
806 1660 927 1711 κατὰ
963 1660 1114 1729 φύσιν
1150 1662 1320 1711 ἐννοεῖν
1355 1659 1437 1710 τὸν
1470 1657 1724 1710 ἀκινδύνως

126 1747 268 1794 εἰπεῖν
301 1743 617 1809 θαρσήσαντα
645 1750 672 1771 “
696 1742 782 1807 Μὴ
819 1747 988 1794 ποιεῖτε
1023 1742 1106 1793 τὸν
1132 1741 1259 1793 οἶκον
1286 1747 1369 1792 τοῦ
1408 1739 1596 1807 Πατρός
1633 1762 1725 1803 μου

128 1831 154 1852 “
181 1822 307 1874 οἶκον
338 1825 561 1891 ἐμπορίου
580 1825 622 1887 ;'’
672 1822 778 1875 εἶπα
817 1829 918 1878 πῶς
958 1823 1029 1886 ἂν,
1064 1823 1165 1875 εἰπέ
1198 1846 1290 1886 μοι,
1324 1821 1496 1874 λοιπὸν
1532 1826 1725 1887 μακρῶν

126 1905 290 1971 ἐδεήθη
329 1907 513 1974 χρόνων
550 1910 612 1960 εἷς
651 1906 736 1970 τὴν
770 1906 869 1960 ἑνὸς
910 1906 1036 1957 οἴκου
1076 1903 1403 1969 κατασκευήν;
1460 1903 1488 1969 ἦ
1527 1908 1628 1957 πῶς
1666 1902 1726 1954 ἂν

126 1987 330 2052 ἠτόνησε
367 1987 485 2055 πρὸς
525 1987 640 2055 ὅπερ
679 1986 738 2038 ἂν
772 1987 906 2055 τύχοι
945 1992 1155 2053 γενικῶς,
1191 1988 1215 2038 ὁ
1254 1989 1302 2038 ἐν
1333 1986 1497 2050 μόναις
1533 1986 1724 2052 ἡμέραις

125 2069 243 2121 ἑπτά
269 2071 352 2121 τὸν
379 2070 578 2137 ἀριθμὸν
604 2070 708 2121 τόδε
735 2069 789 2121 τὸ
822 2069 1020 2133 σύμπαν
1046 2069 1215 2138 ἀφθίτῳ
1244 2068 1433 2131 δυνάμει
1471 2071 1720 2134 διατεχνη-

125 2151 345 2216 σοῖμενος,
372 2156 446 2204 καὶ
482 2155 531 2204 ἐν
562 2153 690 2223 μόνῳ
730 2157 796 2222 τῶ
827 2152 982 2204 θέλειν
1018 2153 1139 2220 ε”χων
1173 2151 1227 2203 τὸ
1265 2152 1532 2214 δύνασθαι;
1577 2157 1725 2201 ταῦτα

126 2232 218 2300 γὰρ
257 2235 345 2286 ἔδει
377 2235 651 2303 λογίζεσθαι
690 2234 772 2286 τὸν
804 2239 898 2286 τῶν
933 2239 1066 2302 ἱερῶν
1099 2232 1394 2302 γραμμάτων
1428 2232 1725 2297 ἐπιστήμονα

207 2315 217 2331 Ι

126 2324 261 2368 λαον.

178 2469 207 2492 1.
233 2458 291 2501 τῆς
309 2463 533 2504 assumptum
552 2470 593 2492 ex
613 2458 655 2492 Β.
801 2458 835 2492 6.
861 2457 1081 2502 ἀφειδοῦντες
1100 2457 1141 2491 Β.
1162 2456 1410 2502 ἀφειδήσαντες
1429 2455 1495 2489 Ed.
1581 2500 1586 2502 μ
1644 2462 1675 2498 7.
1704 2456 1722 2486 ὁ

127 2505 186 2538 alt.
205 2511 427 2549 assumptum
446 2517 487 2539 ex
508 2505 550 2538 B.
708 2515 761 2540 10.
789 2506 841 2539 καὶ
860 2506 919 2539 alt.
938 2510 1162 2548 assumptum
1180 2516 1221 2537 ex
1243 2504 1284 2537 B.
1336 2503 1444 2536 Deest
1462 2503 1496 2535 in
1519 2501 1545 2534 l.
1566 2500 1721 2534 Catenis.

132 2562 184 2585 12.
209 2553 248 2594 τῇ
268 2563 338 2585 om.
359 2551 399 2585 Β.
421 2551 550 2586 habent
570 2552 598 2586 Ι.
619 2551 782 2586 Catenae.
970 2563 1022 2593 14.
1048 2550 1424 2597 ᾠκοδομήθη-ἐγερεῖς
1441 2545 1582 2591 affl-6113]
1611 2548 1664 2580 καὶ
1682 2548 1723 2580 τὰ

128 2598 204 2641 ἑξῆς
225 2598 315 2632 Catt.
417 2598 470 2632 16.
498 2598 628 2644 σοφὸς]
654 2605 689 2639 -Ι-
712 2599 747 2632 ἐν
765 2598 831 2632 Ed.
850 2598 968 2633 invitis
989 2598 1065 2632 ss.1.
1085 2597 1191 2632 Cord.
1301 2598 1354 2631 18.
1381 2597 1505 2629 ἐννοεῖν
1523 2606 1593 2627 om.
1614 2593 1722 2627 (jord.

129 2643 234 2677 habet
253 2644 281 2678 I.
456 2656 509 2691 19.
536 2645 754 2690 θαρρήσαντα
773 2644 880 2679 Cord.
900 2644 1123 2689 θαρσήσαντα
1140 2644 1246 2678 habet
1264 2643 1292 2677 Ῑ.
1475 2651 1529 2674 20.
1557 2640 1629 2674 εἶπέ
1646 2639 1721 2685 μοι]

128 2689 278 2733 εἴποιμεν
298 2690 326 2725 Ι.
346 2690 453 2726 Cord.
578 2702 633 2726 21.
660 2690 749 2737 ἐνὸς]
773 2697 810 2732 -l-
832 2694 891 2726 τοῦ
911 2691 1017 2725 Cord.
1037 2691 1147 2725 invito
1168 2690 1196 2724 I.
1327 2699 1381 2722 22.
1408 2691 1564 2733 γεννικῶς
1585 2687 1722 2729 Migne.

129 2736 453 2788 ἡμέραις-σύμπαν
472 2738 502 2773 Ι,
522 2737 629 2773 Cord.
649 2738 715 2773 Ed.
735 2738 772 2783 ἓξ
791 2738 927 2782 ἡμέραις
945 2739 1022 2772 τόδε
1040 2739 1078 2771 τὸ
1095 2739 1161 2771 πᾶν
1178 2748 1208 2771 a.
1360 2746 1414 2777 24.
1441 2735 1528 2779 ἔχων
1545 2736 1591 2778 τῷ
1612 2733 1725 2767 θέλειν

128 2795 268 2817 mverso
286 2783 408 2817 ordine
428 2784 470 2819 B.
535 2786 623 2829 ἔχων
643 2785 670 2820 Ι.
690 2785 798 2820 Cord.
818 2785 885 2820 Ed.
906 2784 1056 2829 κατέχων
1073 2796 1104 2818 a.

871 3035 892 3059 1ss
915 3038 934 3061 (λ
961 3035 981 3061 2

1785 837 1891 873 Supra

1784 888 1851 907 vor.
1876 878 1921 908 16.
