2021 3296
649 167 1085 208 PRAEFATIO.
1625 170 1666 209 ix

295 291 373 338 (pp.
402 298 579 335 140-147
609 287 742 334 citata)
774 287 812 324 in
843 287 969 324 codice
999 287 1165 336 quodam
1196 287 1405 333 (Homilias
1437 289 1483 326 D.
1504 289 1665 326 Joannis

288 353 548 401 Chrysostomi
583 352 818 398 continente)
855 352 894 388 in
934 351 1170 388 Bibliotheca
1209 352 1245 389 S.
1278 352 1454 401 Dionysii
1488 352 1664 390 Montis‘¹<

289 418 429 455 Sancti.
489 417 595 454 Haec
617 417 706 454 folia
727 423 811 466 post
834 416 1000 454 inedium
1023 430 1090 454 sec.
1115 431 1139 453 x
1161 418 1301 466 scripta
1323 431 1401 454 esse
1422 424 1616 467 apparent.

133 505 314 545 Catenae
336 503 582 544 Nicetianae
615 507 795 556 quantus
828 503 930 542 mihi
960 502 1087 543 fuerit
1117 518 1228 552 usus,
1251 502 1321 543 vix
1352 503 1394 543 in
1427 504 1664 544 universum

75 572 261 614 dixerim.
345 573 397 612 In
433 572 475 612 iv
510 571 715 624 prioribus
756 570 874 611 libris
914 571 1061 611 horum
1099 571 1506 612 Commentariorum
1543 572 1586 612 in
1625 572 1666 613 S.

77 641 294 690 Joannem,
327 640 386 680 ita
417 654 480 680 res
511 644 574 680 est
604 644 802 693 tanquam
836 640 870 679 si
903 639 1059 679 nullius
1091 639 1495 680 Commentariorum
1530 640 1666 694 Cyri}-

76 708 266 749 lanorum
301 707 551 761 exemplario
584 707 758 748 Nicetae
799 707 916 761 copia
956 707 1128 748 fuisset:
1175 707 1307 748 multa
1344 708 1454 748 enim
1492 723 1543 748 ex
1578 709 1670 748 aliis

79 778 122 818 S.
146 776 294 830 Cyrilli
325 776 527 830 operibus,
551 779 599 816 ut
629 776 666 816 ei
696 790 785 816 mos
815 779 889 825 est,
916 775 1032 825 citat,
1059 776 1129 816 sed
1160 775 1309 816 horum
1339 775 1411 815 vix
1443 775 1538 816 ullis
1568 776 1668 816 locis

77 845 223 895 utitur,
260 845 340 885 nisi
382 844 452 898 qui
494 860 543 885 ex
583 844 815 898 antiquiore
850 844 923 885 illa
958 844 1134 885 veniunt
1168 844 1340 893 Catena,
1375 859 1498 898 quam
1539 844 1667 885 edidit

79 914 306 955 Corderius.
370 913 506 953 Simili
528 913 680 967 quippe
707 914 826 954 modo
848 913 1034 963 Nicetas,
1058 913 1101 953 in
1133 928 1288 967 magna
1318 912 1390 953 illa
1420 913 1463 953 in
1485 912 1670 953 Psalmos

77 986 233 1031 catena,
252 985 412 1034 praeter
434 996 536 1035 quae
558 997 607 1022 ex
629 982 713 1021 suis
735 981 924 1022 fontibus
945 981 1213 1034 deprompsit,
1227 981 1434 1034 permulta
1457 984 1671 1021 mutuatus

77 1054 140 1090 est
170 1064 220 1090 ex
250 1049 454 1103 epitomis,
479 1065 580 1103 quas
610 1050 858 1103 antiquioris
891 1050 933 1089 in
956 1049 1141 1090 Psalmos
1170 1049 1352 1090 Catenae
1383 1053 1526 1089 auctor
1556 1050 1669 1089 rede-

77 1122 211 1172 gerat,
232 1133 336 1172 quae
357 1118 402 1158 in
424 1117 524 1158 Cod.
550 1118 654 1171 Reg.
678 1118 770 1158 Par.
800 1130 879 1172 139
901 1122 943 1158 et
965 1117 1063 1158 Cod.
1093 1118 1134 1159 S.
1160 1117 1298 1157 Marci
1321 1117 1426 1157 Ven.
1452 1128 1499 1169 17
1520 1122 1668 1158 exstat.

136 1186 187 1226 In
208 1185 326 1226 libris
348 1201 386 1235 v,
410 1185 452 1226 vi
472 1186 645 1227 Nicetas
668 1186 800 1226 multo
830 1186 994 1226 uberius
1015 1186 1091 1226 hos
1113 1185 1443 1226 Commentarios
1465 1185 1669 1234 adhibuit,

78 1255 139 1295 ita
168 1259 217 1295 ut
246 1255 333 1308 ejus
362 1253 592 1295 testimonii
624 1253 850 1295 nonnullus
878 1254 933 1295 sit
964 1269 1073 1303 usus,
1098 1268 1178 1308 quo
1210 1257 1372 1294 textum
1401 1254 1500 1294 Cod.
1526 1254 1561 1293 B
1584 1254 1669 1306 ple-

79 1338 251 1377 rumque
277 1323 491 1377 integrum
519 1337 604 1363 esse
632 1322 780 1364 fiamus
811 1323 1014 1372 certiores,
1040 1337 1338 1377 nonnunquam
1369 1323 1496 1363 etiam
1527 1322 1598 1362 illa
1628 1323 1671 1364 in

80 1407 126 1433 eo
156 1391 312 1433 incerte
344 1391 497 1444 scripta
527 1391 745 1432 emendare
775 1391 992 1445 possimus.
1055 1391 1109 1431 In
1137 1391 1253 1432 libris
1275 1406 1371 1432 vero
1398 1391 1531 1431 ix—xii
1557 1394 1672 1431 tant-

80 1474 200 1515 opere
224 1459 353 1501 citata
380 1463 576 1509 coarctat,
598 1463 723 1514 atque
745 1459 904 1514 aliquot
925 1459 1174 1514 paginarum
1204 1459 1422 1500 materiam
1451 1461 1496 1500 in
1523 1474 1673 1513 pauco·

79 1543 172 1569 rum
203 1543 397 1570 versuum
434 1528 589 1582 redigit
625 1528 820 1582 spatium,
854 1532 900 1569 ut
930 1528 1002 1569 vix
1032 1528 1158 1569 ullius
1196 1528 1250 1568 sit
1287 1543 1385 1569 usus
1420 1528 1465 1568 in
1495 1531 1672 1569 textum.

81 1598 134 1638 In
166 1597 414 1651 fragmentis
449 1611 610 1651 quoque
642 1596 842 1638 librorum
878 1597 1186 1651 deperditorum
1219 1597 1286 1646 vii,
1322 1596 1412 1646 viii,
1446 1597 1580 1637 multa
1614 1597 1675 1637 ita

80 1669 180 1706 sunt
220 1680 465 1718 compressa,
508 1669 556 1706 ut
597 1666 850 1706 sententiam
892 1666 1030 1718 potius
1071 1680 1193 1719 quam
1235 1665 1321 1718 ipsa
1364 1665 1513 1719 Cyrilli
1549 1666 1674 1705 verba

80 1733 287 1783 referent;
317 1734 396 1773 alia
417 1733 601 1787 pleniora
622 1733 819 1774 videntur
840 1748 938 1774 esse.
1001 1733 1137 1774 Pauca
1158 1734 1360 1787 quaedam
1389 1733 1514 1773 nimis
1543 1733 1676 1773 haesi-

80 1805 220 1842 tanter
255 1801 367 1856 typis
403 1801 641 1842 mandanda
676 1801 785 1852 dedi,
823 1816 918 1843 cum
959 1805 1104 1842 contra
1144 1802 1344 1842 librorum
1385 1802 1674 1842 auctoritatem

82 1870 273 1910 omittere
302 1885 386 1910 non
418 1869 635 1919 auderem;
677 1869 795 1924 quale
827 1874 889 1910 est
920 1885 960 1924 p.
985 1871 1063 1923 691
1089 1886 1124 1911 a.
1189 1869 1402 1910 Scholium
1433 1869 1536 1910 illud
1567 1871 1675 1924 quod

83 1937 240 1992 Cyrillo
261 1937 454 1977 tribuunt
476 1953 512 1987 a,
535 1938 571 1987 lc,
595 1953 643 1987 m,
668 1938 760 1980 Cat.
787 1938 906 1979 Harl.
929 1938 1041 1979 illius
1061 1953 1147 1979 non
1168 1943 1242 1979 est.

141 2005 321 2047 Catenae
342 2007 387 2046 in
411 2007 453 2048 S.
478 2007 504 2046 J
508 2021 681 2047 oannem
704 2007 950 2048 Nicetianae
972 2007 1075 2047 duae
1104 2007 1356 2047 recensiones
1379 2007 1572 2047 videntur
1593 2022 1678 2046 esse

82 2073 239 2124 editae,·
282 2090 456 2129 quarum
486 2075 657 2116 alteram
689 2075 887 2116 exhibent
916 2076 1015 2116 Cod.
1047 2075 1348 2116 Moseoviensis
1376 2079 1500 2129 atque
1530 2075 1679 2115 Parisi-

82 2142 191 2183 ensis
220 2143 290 2184 ille
321 2159 444 2197 quem
476 2159 554 2198 ego
583 2145 608 2184 l:
638 2144 844 2198 appellavi
860 2161 871 2193 3
904 2145 1089 2193 alteram,
1116 2144 1158 2183 in
1189 2159 1311 2198 quem
1341 2144 1497 2184 Catena
1525 2143 1677 2183 Corde-

81 2210 198 2252 riana
237 2211 402 2252 videtur
444 2212 622 2266 amplius
663 2213 789 2253 fuisse
829 2212 1029 2262 adhibita,
1065 2213 1233 2253 exhibet
1271 2212 1370 2254 Cod.
1408 2212 1675 2259 Harlaiensis,

83 2294 214 2334 neque
245 2280 433 2334 equidem
466 2281 598 2321 ullum
629 2281 742 2321 aliud
773 2282 860 2335 ejus
890 2281 1101 2335 exemplar
1133 2281 1240 2322 novi.

140 2392 237 2433 Alia
257 2408 307 2433 ex
328 2393 392 2434 his
407 2393 728 2434 Commentariis
751 2393 881 2434 citata
902 2394 1115 2435 nominare
1136 2395 1253 2444 libet,
1269 2394 1378 2448 apud
1400 2392 1676 2446 Euthymium

83 2461 343 2516 Zigabenum
359 2462 403 2502 in
418 2462 617 2516 Panoplia
631 2462 896 2516 Dogmatica,
912 2462 1118 2516 prioribus
1132 2462 1534 2503 Commentariorum
1557 2460 1676 2501 foliis.

83 2529 153 2569 Ad
174 2530 248 2570 hos
271 2530 370 2571 Cod.
386 2531 616 2571 Viennensi
637 2546 734 2571 usus
756 2546 847 2571 sum
870 2531 1011 2572 Theol.
1034 2531 1181 2571 Nessel
1208 2532 1274 2583 76,
1297 2531 1468 2571 membr.
1527 2530 1679 2569 Exstat

85 2613 246 2652 quoque
278 2613 407 2639 unum
439 2599 505 2639 vel
535 2599 711 2639 alterum
742 2613 792 2639 ex
826 2599 868 2640 S.
893 2599 1052 2653 Cyrillo
1080 2603 1321 2652 excerptum
1351 2599 1394 2638 in
1417 2599 1516 2638 Cod.
1541 2597 1678 2638 Med.-

86 2665 210 2708 Laur.
244 2667 355 2708 Plut.
379 2667 433 2708 vi.
462 2681 524 2717 12,
555 2683 632 2709 sec.
654 2668 724 2708 xiv
747 2670 887 2721 (=p):
921 2668 1004 2709 vid.
1037 2672 1138 2708 tom.
1163 2668 1188 2707 i.
1219 2682 1258 2720 p.
1281 2677 1379 2721 552,
1406 2667 1515 2707 inter
1547 2670 1679 2706 notas.

134 2784 153 2804 *
186 2785 228 2819 In
261 2797 334 2820 uno
367 2786 494 2821 horum
530 2787 602 2821 foll.
632 2787 667 2820 in
699 2785 735 2820 S.
765 2787 928 2832 Dionysii
961 2787 1190 2826 Monasterio,
1223 2785 1405 2820 scholium
1441 2785 1680 2819 Eusebianum

87 2839 212 2883 (Cord.
236 2853 270 2885 p.
290 2842 335 2875 80
353 2841 432 2886 fin.)
451 2843 600 2882 citatum
627 2842 683 2875 cui
706 2842 982 2887 superscriptum
1008 2848 1059 2875 est
1078 2841 1249 2881 Εὗσεβίου
1275 2841 1464 2883 Καισαρίας
1489 2841 1524 2874 ἐκ
1551 2842 1609 2873 τόῦ
1636 2842 1681 2875 εἷς

86 2896 144 2929 τὸν
163 2897 288 2938 Δανιὴλ
308 2896 563 2941 ὑποδείγματος.
615 2896 656 2930 In
683 2897 759 2942 ipso
785 2897 918 2930 scholio
945 2897 1030 2930 nihil
1057 2898 1204 2939 alicuius
1232 2896 1401 2929 momenti
1423 2896 1593 2929 variatum
1619 2901 1681 2938 est,

87 2951 153 2983 nisi
171 2951 237 2984 ἀπὸ
254 2953 390 2995 πρώτου
408 2951 509 2996 κύρου
527 2952 708 2992 βασιλείας
725 2952 820 2986 ἔτους
838 2964 901 2996 pro
919 2952 984 2985 ἀπὸ
1001 2954 1136 2996 πρώτου
1155 2954 1212 2985 τοῦ
1231 2950 1333 2995 κὺρου
1349 2952 1541 2992 βασιλείας.

149 3020 238 3049 VOL.
261 3023 285 3048 1z
876 3010 900 3048 b
