2084 3317
323 205 406 243 314
725 199 774 238 B.
808 194 1082 237 CYRILLI
1123 188 1500 234 ALEXANDR.
1783 191 1909 232 v.17.

325 310 540 378 πατέρων
559 307 811 361 εὐπειθείας
839 301 1210 368 καταδικάζουσι,
1228 299 1313 364 τὴν
1339 301 1388 350 ἐκ
1413 300 1508 349 τῶν
1527 289 1914 363 ἀρῥωστημάτων

328 391 545 458 ἐπήρειαν
588 394 718 441 νικᾶν
759 390 807 439 ἐν
850 383 1086 454 σαββάτῳ
1128 382 1214 446 τὴν
1256 380 1405 450 φύσιν
1444 379 1527 429 οὐκ
1569 373 1911 441 ἐπιτρέποντες,

329 474 446 526 ὅσον
478 496 539 527 εις
578 471 631 523 τὸ
670 492 839 565 χρηναι
878 468 1056 519 διώκειν
1091 463 1364 529 ἐπείγεσθαι
1397 460 1480 511 τὸν
1503 458 1693 523 Ἰησουν
1727 455 1910 521 εὐεργε-

329 562 501 607 τοῦντα
527 552 646 605 κατὰ
672 551 725 603 τὸ
752 549 1019 611 σάββατον.

467 715 522 756 ‘O
560 715 709 770 Πατήρ
747 727 826 762 μου
864 713 949 753 ἕως
987 710 1083 767 ἄρτι
1119 707 1350 765 ἔρῃ-ἅζεται,
1388 702 1506 752 mis-d)
1541 699 1782 758 ὲρΓάςομαι.
1939 706 1962 745 5

293 800 314 826 e

409 829 694 896 Διαλεγεται
737 827 822 892 μὲν
868 829 930 880 ὡς
975 827 1023 877 ἐν
1065 821 1303 891 σαββάτω
1347 815 1574 886 Χριστός.
1645 818 1783 866 τοῦτο
1828 808 1922 877 γὰρ

334 913 516 980 ἀνάγκη
543 911 598 962 τό
614 909 734 966 “Ἐως
768 910 862 978 ἄρτι
896 911 1122 973 δηλοῦν,
1113 907 1186 958 ίνα
1220 904 1303 956 τὸν
1328 903 1468 970 ἑαυτῇ
1501 897 1742 965 πρέποντα
1775 893 1924 959 λόγον

334 996 363 1060 ἡ
401 1000 484 1047 τοῦ
524 992 821 1060 θεωρήματος
860 991 1049 1059 δεχηται
1090 988 1296 1052 δύναμις.
1355 980 1659 1036 ἀπαιδεύτους
1699 976 1748 1029 δὲ
1787 975 1925 1028 ὄντας

337 1077 445 1131 τοὺς
470 1076 734 1138 Ἰουδαίους,
761 1076 837 1125 καὶ
871 1074 940 1128 τίς
973 1072 1059 1136 μέν
1090 1072 1196 1122 ἐστι
1231 1066 1351 1120 κατὰ
1387 1064 1537 1134 φύσιν
1569 1063 1652 1113 οὐκ
1687 1058 1865 1111 εἰδότας
1901 1057 1926 1108 6

341 1157 632 1225 Μονογενὴς,
659 1156 788 1226 μόνω
815 1154 863 1207 δε
890 1153 1190 1206 ἀνατιθεντας
1216 1152 1283 1220 τῶ
1309 1152 1418 1217 Θεῷ
1444 1169 1518 1198 και
1547 1144 1704 1210 Πατρι
1736 1146 1818 1192 τοῦ
1853 1137 1928 1190 διὰ
1950 1158 1998 1183 10

343 1241 593 1294 Μωυσεως
619 1239 764 1303 νόμου
790 1261 872 1289 τον
899 1234 1114 1302 ὁρισμον,
1143 1234 1268 1302 αὐτῶ
1294 1255 1343 1283 τε
1376 1231 1543 1297 χρῆναι
1575 1249 1650 1277 και
1683 1223 1931 1275 πείθεσθαι

341 1322 471 1393 μόνω
528 1319 985 1384 διαβεβαιουμενους,
1039 1315 1304 1368 ἀναπειθειν
1353 1314 1566 1376 πειρᾶται
1617 1309 1806 1374 σαφῶς,
1861 1301 1932 1354 ότι

121 1422 264 1459 213A
304 1404 499 1460 a7r02v‘ra
544 1409 611 1456 τῶ
652 1404 808 1468 Πατρι
852 1398 1201 1467 συνεργάζεται,
1244 1419 1319 1447 και
1363 1416 1450 1457 την
1490 1396 1573 1443 τοῦ
1615 1386 1933 1455 γεννήσαντος

347 1489 496 1563 φύσιν
540 1487 660 1555 ἔχων
704 1487 751 1536 ἐν
794 1484 957 1552 ἑαυτῷ,
996 1480 1072 1532 δια
1116 1478 1170 1531 τὸ
1216 1475 1280 1542 μὴ
1326 1473 1481 1541 ἕτερόν
1523 1495 1568 1524 τι
1612 1470 1721 1536 παρ’
1765 1470 1935 1519 ἐκεῖνον

348 1570 587 1639 ὑπάρχειν,
634 1567 752 1619 όσον
796 1566 904 1631 ἧκεν
949 1567 1011 1617 εἷς
1058 1561 1144 1626 τὴν
1186 1563 1269 1624 τῆς
1321 1557 1484 1609 οὐσίας
1528 1550 1805 1613 ταυτότητα,
1849 1548 1936 1615 οὐχ
1959 1568 2005 1606 15

347 1653 503 1721 ἕτερόν
529 1675 572 1703 τι
599 1648 830 1720 φρονήσει
856 1646 968 1699 ποτὲ
994 1643 1126 1712 παρὰ
1151 1642 1205 1694 τὸ
1231 1645 1297 1711 τῷ
1326 1639 1537 1709 φύσαντι
1563 1638 1744 1686 δοκοῦν.
1800 1654 1861 1685 ως
1888 1629 1938 1680 δὲ

349 1740 432 1800 τῆς
468 1736 609 1798 αὐτῆς
646 1730 869 1799 ὑπάρχων
902 1727 1066 1781 οὐσίας
1100 1731 1247 1777 ταῦτα
1285 1724 1360 1774 καὶ
1396 1719 1721 1783 βουλεύσεται,
1748 1719 1940 1779 μᾶλλον

352 1819 400 1869 δὲ
436 1816 574 1871 αὐτος
608 1813 832 1882 ὑπάρχων
857 1813 884 1876 ἡ
921 1811 1053 1878 ζῶσα
1086 1806 1242 1871 βουλὴ
1280 1808 1354 1857 καὶ
1390 1803 1581 1868 δύναμις
1616 1803 1699 1851 τοῦ
1728 1794 1938 1863 Πατρος,

352 1903 530 1967 ἐνεργεῖ
551 1922 610 1950 τα
635 1897 791 1949 πάντα
816 1896 864 1946 ἐν
888 1898 1011 1946 πᾶσι
1036 1889 1153 1956 μετὰ
1182 1887 1386 1955 Πατρός.

418 1982 524 2033 Ἵνα
555 1980 710 2032 τοίνυν
735 1976 818 2028 τὸν
850 1979 1020 2027 εἰκαῖον
1051 1976 1144 2024 τῶν
1169 1970 1408 2021 Ἰουδαίων
1434 1963 1789 2032 ἀποκρούσηται
1822 1981 1938 2025 γογ-
1963 1977 2013 2004 20

353 2063 557 2132 γυσμὸν,
591 2063 666 2112 καὶ
705 2056 971 2125 δυσωπήσῃ
1010 2054 1261 2106 διώκοντας
1296 2051 1368 2120 ἐφ’
1402 2048 1467 2103 οῖς
1504 2045 1804 2115 χαλεπαίνειν
1837 2040 1941 2092 ἐδό-

309 2155 337 2195 b
357 2171 483 2210 κουν,
511 2144 683 2196 ὡσανει
710 2144 792 2206 τῆς
821 2162 928 2205 περι
955 2137 1008 2188 τὸ
1035 2135 1289 2233 σάββατον
1315 2126 1754 2200 καταφρονηθείσης
1787 2125 1941 2188 τιμῆς,

356 2231 414 2282 O
457 2229 605 2295 Πατήρ
645 2249 726 2293 μου
769 2223 920 2292 φησιν
963 2218 1040 2275 ἕως
1084 2217 1179 2287 ἀρτι
1221 2215 1456 2286 ἐργάζεται
1502 2207 1635 2277 κάγω
1678 2207 1943 2278 ἐργάζομαι.

359 2312 505 2377 μόνον
555 2307 649 2375 γὰρ
698 2307 800 2374 οὐχὶ
850 2302 1061 2355 τοιοῦτόν
1111 2322 1156 2351 τι
1206 2295 1574 2361 κατασημαίνειν
1618 2289 1843 2354 βούλεται
1890 2290 1949 2338 Εἰ

360 2393 595 2448 πιστεύεις
631 2390 863 2456 ἄνθρωπε,
896 2382 1088 2449 νεύματί
1118 2404 1167 2433 τε
1204 2404 1279 2432 και
1313 2376 1545 2442 βουλήσει
1579 2379 1662 2426 τοῦ
1699 2370 1758 2424 τὰ
1793 2369 1948 2423 πάντα
1971 2389 2019 2429 25

362 2471 703 2544 συμπήξαντός
738 2493 787 2522 τε
824 2492 898 2521 και
932 2485 1284 2535 τεχνησαμενου
1312 2465 1437 2513 Θεοῦ
1473 2457 1558 2522 τὴν
1584 2456 1738 2508 κτίσιν
1764 2456 1945 2505 διοικεῖ-

364 2564 479 2611 σθαι
506 2581 581 2609 και
616 2553 736 2606 κατὰ
765 2552 819 2605 τὸ
851 2549 1119 2612 σάββατον,
1146 2548 1207 2600 ὡς
1224 2545 1452 2644 ἀνίσχειν
1479 2539 1563 2604 μὲν
1588 2538 1738 2603 ἥλιον,
1765 2536 1948 2601 ὀμβρο-

364 2642 528 2694 τόκους
567 2661 616 2689 τε
655 2635 824 2700 ὁμοίως
862 2633 1077 2683 ἀνίεσθαι
1109 2627 1281 2694 πηγὰς,
1315 2627 1389 2677 καὶ
1426 2620 1632 2689 καρποὺς
1667 2618 1753 2685 μὲν
1783 2619 1832 2668 ἐκ
1865 2617 1954 2682 γῆς

367 2722 650 2789 ἀνατρέχειν,
677 2719 730 2770 οὐ
765 2711 1160 2783 παραιτουμένους
1195 2709 1279 2774 τὴν
1305 2708 1454 2777 αὔξην
1480 2703 1556 2757 διὰ
1589 2701 1644 2756 τὸ
1678 2700 1951 2763 σάββατον,

418 2885 449 2920 7.
476 2874 511 2908 ἐν
528 2873 609 2915 αὐτῇ
631 2871 673 2905 B.
793 2881 826 2913 9.
853 2867 928 2901 ἐστι
946 2864 1254 2900 om.B.11.
1282 2875 1333 2894 και
1353 2871 1422 2893 om.
1443 2857 1484 2891 B.
1609 2865 1661 2896 14.
1686 2850 1763 2896 παρ’
1783 2849 1908 2884 ἐκεῖνόν
1924 2861 1956 2881 τι

370 2924 506 2956 invenso
524 2919 644 2953 mdine
665 2917 704 2951 B
858 2923 909 2959 15.
936 2912 1012 2956 ἧκεν
1031 2914 1255 2964 assumptum
1272 2919 1311 2941 ex
1330 2907 1371 2940 B.
1529 2911 1582 2948 17.
1606 2897 1727 2956 rufi-tq]
1749 2895 1899 2942 Conjiclt
1916 2894 1958 2928 τὰ

371 2970 453 3002 αὐτὰ
473 2968 505 3000 D
525 2978 596 3010 mg.
615 2964 718 2999 ταύτὰ
736 2963 824 2996 bene
842 2961 913 2995 edit
932 2959 1067 3003 Mlgne.
1131 2953 1329 2995 βουλεύεται
1350 2953 1391 2987 Β.
1593 2958 1648 2992 23.
1668 2945 1757 2990 κάγὼ
1776 2942 1957 2988 ἐργάζομαι

373 3021 552 3057 assumpta
570 3024 609 3045 ex
632 3011 671 3044 Β
773 3008 826 3042 26
853 3004 1096 3051 τεχνισαμένου
1117 3003 1161 3036 D.
