2084 3317
332 167 417 207 214.
735 167 784 208 B.
819 164 1097 207 CYRILLI
1138 162 1517 204 ALEXANDR.
1791 160 1834 200 i1.
1857 171 1922 210 24.

112 294 193 328 144
207 292 260 327 A.
294 276 684 342 εικαταπλήττων
734 279 998 342 θεοπρεπεῖ,
1050 272 1300 339 σαγηνεύει
1354 270 1473 338 πρὸς
1531 270 1708 331 πίστιν,
1759 269 1815 337 ἐξ
1861 267 1925 318 ὧν

335 362 616 426 ἐνεργοῦντα
655 358 906 418 τεθεάνται,
946 355 1211 407 κατανεύειν
1250 353 1678 414 ἀναπεπεισμένους
1723 350 1793 401 ὅτι
1837 372 1927 415 περ

337 441 483 495 ὅντως
509 441 712 508 ὑπάρχοι
739 439 861 492 Θεὸς
889 439 913 489 ὁ
940 442 1034 489 τῶν
1061 440 1208 490 οὕτως
1232 434 1542 504 ἀξιαγάστων
1570 432 1864 500 δημιουργός.

274 667 321 700 24
547 660 681 704 Αὐτὸς
719 660 763 702 δὲ
796 660 964 701 ἸΗσοῦε
1001 658 1077 700 οὐκ
1114 658 1333 700 ἐπίστευεν
1371 657 1524 700 ἑαυτὸν
1563 653 1720 698 αὐτοῖς.

418 799 523 850 Οὐκ
563 797 793 867 ἀσφαλὴς
832 798 859 861 ἡ
900 797 1066 862 γνώμη
1105 799 1199 845 τῶν
1238 794 1344 860 ἄρτι
1382 791 1778 854 πεπιστευκότων,
1817 790 1927 840 ἀλλ’
1951 804 1972 841 5

345 881 447 932 οὐδὲ
494 881 734 947 ἱδρυμένος
779 881 804 930 ὁ
853 884 957 933 νοῦς
1002 880 1077 928 ἐπὶ
1122 881 1298 942 νεαροῖς
1343 879 1438 928 τοῖς
1480 874 1705 935 θαύμασι·
1770 875 1845 923 καὶ
1888 876 1932 923 οἱ

299 972 326 1012 b
345 961 522 1029 τρόπον
547 961 651 1014 τινὰ
678 960 869 1029 χλωρὸν
893 961 959 1011 ε”τι
985 959 1067 1010 τὸν
1093 962 1174 1022 τῆς
1201 955 1510 1023 κατηχήσεως
1544 955 1729 1022 ἔχοντες
1761 953 1928 1020 λόγον,

344 1050 444 1098 πῶς
477 1043 535 1095 ἂν
561 1043 648 1095 εἶεν
674 1044 762 1108 ἤδη
796 1042 1061 1108 πεπηγότες
1096 1044 1157 1093 εἰς
1193 1038 1472 1100 εὐλάβειαν;
1517 1038 1646 1087 οὔπω
1681 1041 1934 1102 τοιγαροῦν

344 1133 439 1180 τοῖς
473 1126 696 1192 νεήλυσιν
723 1124 888 1176 ἑαυτὸν
913 1123 1146 1190 ἐπιτρέπει
1173 1120 1401 1187 Χριστὸς,
1429 1119 1593 1186 χρῆμοῖ
1625 1141 1669 1169 τι
1703 1117 1823 1183 μέγα
1857 1119 1933 1168 καὶ

345 1207 744 1278 ἀξιεραστότατον
770 1204 1026 1258 ἐπιδεικνὺς
1052 1205 1137 1268 τὴν
1164 1208 1225 1257 εἰς
1253 1202 1378 1253 Θεὸν
1404 1200 1709 1268 γνησιότητα,
1737 1202 1811 1251 καὶ
1846 1201 1932 1267 οὐχ
1957 1223 2003 1247 10

345 1293 538 1356 ἑτοίμως
561 1294 841 1357 προκεῖσθαι
873 1294 969 1341 τοῖς
998 1285 1250 1338 ἐθέλουσιν
1277 1286 1416 1347 ἑλεῖν,
1443 1284 1553 1334 ἀλλ’
1582 1283 1744 1350 ἐφέσει
1777 1285 1836 1348 τῇ
1871 1286 1934 1335 εἰς

345 1373 526 1440 ἀγαθὸν
553 1375 626 1423 καὶ
653 1371 828 1439 μελέτῃ
856 1373 930 1422 καὶ
958 1369 1113 1438 χρόνῳ
1140 1365 1529 1433 κατορθουμένην.

422 1453 817 1506 Μανθανέτωσαν
849 1451 924 1503 διὰ
956 1451 1134 1502 τούτων
1165 1453 1207 1500 οἱ
1242 1452 1336 1499 τῶν
1370 1452 1452 1497 τοῦ
1487 1449 1709 1512 Σωτῆρος
1741 1468 1928 1508 μυστη-

346 1540 457 1605 ρίων
489 1538 661 1599 ταμίαι,
691 1534 756 1600 μὴ
794 1534 1012 1601 πρόωρον
1048 1537 1142 1583 τῶν
1177 1535 1310 1596 ἱερῶν
1347 1528 1786 1591 καταπετασμάτων
1820 1528 1934 1582 εἵσω

302 1624 580 1672 οποιεῖσθαι
606 1617 688 1670 τὸν
714 1619 978 1684 ἄνθρωπον,
1005 1613 1121 1679 μηδὲ
1157 1610 1411 1680 νεοφύτους
1445 1616 1544 1664 ταῖς
1576 1612 1716 1663 θείαις
1748 1610 1927 1676 ε’πιτρέ-
1958 1628 2003 1665 15

342 1725 449 1753 πειν
473 1701 720 1767 προσιέναι
748 1697 993 1766 τραπέζαις
1027 1698 1142 1761 ἀωρὶ
1177 1692 1546 1759 βαπτιζομένους
1579 1691 1721 1755 τινας,
1749 1695 1822 1742 καὶ
1850 1693 1933 1743 οὐκ

346 1786 394 1834 ἐν
433 1786 578 1852 καιρῷ
618 1782 700 1833 τὸν
739 1781 962 1832 ἁπάντων
999 1775 1257 1840 Δεσπότην
1294 1773 1657 1838 πιστευομένους
1695 1772 1927 1839 Χριστόν.

343 1867 419 1917 ἵνα
464 1865 556 1931 γὰρ
601 1865 747 1917 τύπος
792 1863 900 1926 ἡμῖν
946 1863 1032 1911 κάν
1076 1859 1227 1928 τούτῳ
1271 1856 1472 1922 γένηται,
1511 1858 1586 1907 καὶ
1632 1856 1800 1925 διδάξῃ
1844 1857 1933 1907 τίνι

345 1947 537 2012 μᾶλλόν
566 1948 669 1997 ἐστι
707 1944 760 1996 τὸ
800 1947 1019 2008 μυεῖσθαι
1056 1938 1458 2008 πρεπωδέστερον,
1491 1938 1671 2004 δέχεται
1709 1937 1794 2001 μὲν
1826 1937 1935 1991 τοὺς

345 2028 671 2089 πιστεύοντας,
707 2028 837 2078 οὔπω
877 2025 924 2075 δὲ
966 2025 1120 2076 αὐτοῖς
1159 2020 1489 2087 ἐπιθαρσήσας
1528 2021 1704 2087 ὁρᾶται,
1739 2018 1814 2070 διὰ
1851 2025 1934 2070 τοῦ
1957 2039 2007 2063 20

346 2111 411 2176 μὴ
449 2109 673 2162 πιστεύειν
705 2108 848 2161 αὐτόν·
899 2109 960 2160 ὡς
999 2104 1113 2156 εἶναι
1152 2106 1299 2167 δῆλον
1333 2104 1554 2164 ἐντεῦθεν,
1590 2101 1661 2153 ὅτι
1700 2101 1790 2169 χρὴ
1829 2101 1936 2156 τοῦς

347 2194 575 2258 νεήλυδας
614 2193 667 2242 οὐ
705 2189 871 2256 μικρὸν
908 2190 956 2239 ἐν
995 2185 1254 2254 κατηχήσει
1293 2184 1544 2251 τρίβεσθαι
1581 2182 1766 2252 χρόνον·
1813 2185 1936 2235 οὕτω

347 2275 442 2343 γὰρ
468 2274 525 2326 ἂν
549 2273 689 2339 μόλις
715 2293 924 2339 γΕῙΙΟίνΤΟ
949 2269 1126 2321 7rc070L'.

396 2460 428 2484 2.
454 2446 644 2483 κατανεύειν
662 2446 690 2480 I.
712 2445 819 2480 Cord.
840 2444 905 2479 Ed.
925 2443 1174 2478 κατανεονεὺειν
1194 2443 1285 2477 B.D.
1360 2440 1653 2485 ἀναπεπισμένους
1671 2440 1749 2483 (sic)
1769 2439 1798 2474 Ῑ.
1818 2438 1937 2480 Cord.‚

347 2509 365 2530 e
383 2508 453 2542 quo
472 2495 641 2540 conjicere
657 2494 738 2528 licet
756 2505 826 2527 non
845 2503 920 2526 esse
939 2491 1024 2535 preli
1043 2490 1203 2535 sphalma
1220 2490 1255 2523 in
1274 2488 1381 2523 Cord.
1501 2499 1533 2532 3.
1561 2487 1666 2522 οὕτως
1686 2487 1809 2521 Β.Ι).Ι.
1830 2486 1937 2520 cord.

348 2543 452 2578 ὅντως
470 2542 538 2576 Ed.
705 2553 738 2582 4.
764 2538 818 2585 δέ]
842 2543 879 2579 -1-
901 2540 918 2572 ὁ
937 2537 1004 2572 Ed.
1023 2537 1133 2571 invito
1153 2536 1194 2570 B.
1364 2545 1397 2579 5.
1422 2537 1536 2580 γνώμη
1557 2534 1668 2568 B.I.a.
1687 2533 1794 2567 Cord.
1813 2536 1940 2577 ’γνῶσις

348 2590 366 2633 ἡ
386 2589 453 2624 Ed.
602 2596 633 2632 7.
659 2588 717 2621 τὸν
734 2598 803 2620 om.
824 2585 865 2620 B.
1010 2596 1043 2628 9.
1072 2582 1241 2626 ἐπιτρέπει
1260 2582 1359 2615 αὐτὸν
1382 2582 1420 2616 B.
1569 2593 1622 2614 ΙΙ.
1646 2579 1875 2624 προσκεῖσθαι
1897 2579 1938 2613 Β.

352 2647 406 2679 15.
433 2634 610 2681 νεοφῦτοις
631 2634 693 2668 I-a.
713 2632 819 2667 Cord.
1011 2642 1066 2665 20.
1094 2628 1329 2673 ἐπιθαρσήσας
1350 2628 1458 2662 ss.I.a.
1480 2627 1586 2661 Cord.
1606 2625 1854 2672 ἀποθαρσήσας
1872 2626 1940 2659 Ed.

351 2694 407 2717 21.
434 2683 534 2717 αὐτὸν
553 2681 627 2715 Β.Ι.
645 2681 762 2715 ἑαυτὸν
781 2678 888 2713 Cord.
908 2677 974 2713 Ed.
1041 2678 1182 2710 Desunt
1200 2676 1306 2709 verba
1323 2676 1493 2709 nonnulla
1510 2675 1544 2708 in
1563 2686 1593 2709 a.
1818 2683 1873 2717 23.
1900 2672 1940 2706 ἂν

350 2742 421 2765 om.
440 2729 482 2764 B.
500 2728 631 2764 habent
650 2727 679 2762 Ι.
699 2727 862 2762 Catenae.
927 2721 1047 2759 πιστοί
1064 2723 1137 2758 Β.Ι.
1157 2723 1318 2756 Catenae.
1339 2722 1374 2756 ἐν
1390 2722 1506 2757 πίστει
1525 2720 1592 2755 Ed.
