<?xml version="1.0" encoding="UTF-8"?>
<!DOCTYPE html PUBLIC "-//W3C//DTD XHTML 1.0 Transitional//EN"
    "http://www.w3.org/TR/xhtml1/DTD/xhtml1-transitional.dtd">
<html xmlns="http://www.w3.org/1999/xhtml" xml:lang="en" lang="en">
 <head>
  <title>
</title>
<meta http-equiv="Content-Type" content="text/html;charset=utf-8" />
  <meta name='ocr-system' content='tesseract 3.04.00' />
  <meta name='ocr-capabilities' content='ocr_page ocr_carea ocr_par ocr_line ocrx_word'/>
</head>
<body>
  <div class='ocr_page' id='page_1' title='image "./operacyrilli03cyriuoft_0182.png"; bbox 0 0 2084 3317; ppageno 0'>
   <div class='ocr_carea' id='block_1_1' title="bbox 128 1245 254 1277">
    <p class='ocr_par' dir='ltr' id='par_1_1' title="bbox 128 1245 254 1277">
     <span class='ocr_line' id='line_1_1' title="bbox 128 1245 254 1277; baseline 0.008 -2"><span class='ocrx_word' id='word_1_1' title='bbox 128 1245 204 1277; x_wconf 80' lang='lat' dir='ltr'>Joel</span> <span class='ocrx_word' id='word_1_2' title='bbox 222 1247 254 1276; x_wconf 86' lang='lat' dir='ltr'>ii.</span> 
     </span>
    </p>
   </div>
   <div class='ocr_carea' id='block_1_2' title="bbox 134 2230 257 2265">
    <p class='ocr_par' dir='ltr' id='par_1_2' title="bbox 134 2230 257 2265">
     <span class='ocr_line' id='line_1_2' title="bbox 134 2230 257 2265; baseline -0.016 0"><span class='ocrx_word' id='word_1_3' title='bbox 134 2231 190 2265; x_wconf 88' lang='lat'>95</span> <span class='ocrx_word' id='word_1_4' title='bbox 207 2230 257 2263; x_wconf 91' lang='lat' dir='ltr'>A.</span> 
     </span>
    </p>
   </div>
   <div class='ocr_carea' id='block_1_3' title="bbox 132 2403 293 2443">
    <p class='ocr_par' dir='ltr' id='par_1_3' title="bbox 132 2403 293 2443">
     <span class='ocr_line' id='line_1_3' title="bbox 132 2403 293 2443; baseline 0.006 -11"><span class='ocrx_word' id='word_1_5' title='bbox 132 2403 293 2443; x_wconf 76' lang='lat' dir='ltr'>Gen.ii.7.</span> 
     </span>
    </p>
   </div>
   <div class='ocr_carea' id='block_1_4' title="bbox 354 166 1937 216">
    <p class='ocr_par' dir='ltr' id='par_1_4' title="bbox 354 166 1937 216">
     <span class='ocr_line' id='line_1_4' title="bbox 354 166 1937 216; baseline -0.002 -9"><span class='ocrx_word' id='word_1_6' title='bbox 354 169 434 208; x_wconf 88' lang='lat'>138</span> <span class='ocrx_word' id='word_1_7' title='bbox 754 170 803 210; x_wconf 90' lang='lat' dir='ltr'>B.</span> <span class='ocrx_word' id='word_1_8' title='bbox 836 169 1111 210; x_wconf 86' lang='lat' dir='ltr'>CYRILLI</span> <span class='ocrx_word' id='word_1_9' title='bbox 1154 169 1535 210; x_wconf 88' lang='lat' dir='ltr'>ALEXANDR.</span> <span class='ocrx_word' id='word_1_10' title='bbox 1824 166 1850 205; x_wconf 92' lang='lat' dir='ltr'>i.</span> <span class='ocrx_word' id='word_1_11' title='bbox 1875 179 1937 216; x_wconf 85' lang='lat'>14.</span> 
     </span>
    </p>
   </div>
   <div class='ocr_carea' id='block_1_5' title="bbox 350 271 1937 420">
    <p class='ocr_par' dir='ltr' id='par_1_5' title="bbox 350 271 1937 420">
     <span class='ocr_line' id='line_1_5' title="bbox 351 271 1937 347; baseline -0.002 -20"><span class='ocrx_word' id='word_1_12' title='bbox 351 274 556 341; x_wconf 84' lang='grc' dir='ltr'>Τριάδος</span> <span class='ocrx_word' id='word_1_13' title='bbox 594 278 787 347; x_wconf 82' lang='grc' dir='ltr'>βιβλίῳ,</span> <span class='ocrx_word' id='word_1_14' title='bbox 815 279 869 328; x_wconf 85' lang='grc' dir='ltr'>τὸ</span> <span class='ocrx_word' id='word_1_15' title='bbox 908 277 1074 329; x_wconf 79' lang='grc' dir='ltr'>πολλὰ</span> <span class='ocrx_word' id='word_1_16' title='bbox 1114 277 1270 343; x_wconf 76' lang='grc' dir='ltr'>λέγειν</span> <span class='ocrx_word' id='word_1_17' title='bbox 1299 277 1365 327; x_wconf 71' lang='grc' dir='ltr'>ε”τι</span> <span class='ocrx_word' id='word_1_18' title='bbox 1400 278 1474 327; x_wconf 83' lang='grc' dir='ltr'>διά</span> <span class='ocrx_word' id='word_1_19' title='bbox 1509 299 1580 328; x_wconf 92' lang='grc' dir='ltr'>τοι</span> <span class='ocrx_word' id='word_1_20' title='bbox 1611 281 1751 326; x_wconf 85' lang='grc' dir='ltr'>τοῦτο</span> <span class='ocrx_word' id='word_1_21' title='bbox 1780 271 1937 340; x_wconf 86' lang='grc' dir='ltr'>παρή-</span> 
     </span>
     <span class='ocr_line' id='line_1_6' title="bbox 350 380 516 420; baseline 0.012 -12"><span class='ocrx_word' id='word_1_22' title='bbox 350 380 516 420; x_wconf 90' lang='grc' dir='ltr'>σομεν.</span> 
     </span>
    </p>
   </div>
   <div class='ocr_carea' id='block_1_6' title="bbox 821 445 1489 502">
    <p class='ocr_par' dir='ltr' id='par_1_6' title="bbox 821 445 1489 502">
     <span class='ocr_line' id='line_1_7' title="bbox 821 445 1489 502; baseline 0 -16"><span class='ocrx_word' id='word_1_23' title='bbox 821 445 895 487; x_wconf 76' lang='grc' dir='ltr'>Καὶ</span> <span class='ocrx_word' id='word_1_24' title='bbox 933 447 955 488; x_wconf 89' lang='grc' dir='ltr'>ὁ</span> <span class='ocrx_word' id='word_1_25' title='bbox 992 447 1122 494; x_wconf 65' lang='lat' dir='ltr'>Abs-oc</span> <span class='ocrx_word' id='word_1_26' title='bbox 1161 447 1266 502; x_wconf 70' lang='grc' dir='ltr'>σὰρξ</span> <span class='ocrx_word' id='word_1_27' title='bbox 1304 446 1489 493; x_wconf 77' lang='grc' dir='ltr'>ὲΓένετο.</span> 
     </span>
    </p>
   </div>
   <div class='ocr_carea' id='block_1_7' title="bbox 309 579 2014 2534">
    <p class='ocr_par' dir='ltr' id='par_1_7' title="bbox 309 579 2014 2534">
     <span class='ocr_line' id='line_1_8' title="bbox 427 579 1942 647; baseline -0.001 -16"><span class='ocrx_word' id='word_1_28' title='bbox 427 581 727 644; x_wconf 74' lang='grc' dir='ltr'>Εἱσβέβηκεν</span> <span class='ocrx_word' id='word_1_29' title='bbox 765 580 853 644; x_wconf 73' lang='grc' dir='ltr'>ἤδη</span> <span class='ocrx_word' id='word_1_30' title='bbox 899 586 1113 647; x_wconf 82' lang='grc' dir='ltr'>καθαρῶς</span> <span class='ocrx_word' id='word_1_31' title='bbox 1156 580 1231 632; x_wconf 79' lang='grc' dir='ltr'>διὰ</span> <span class='ocrx_word' id='word_1_32' title='bbox 1276 580 1444 632; x_wconf 86' lang='grc' dir='ltr'>τούτου</span> <span class='ocrx_word' id='word_1_33' title='bbox 1483 584 1546 634; x_wconf 79' lang='grc' dir='ltr'>εἰς</span> <span class='ocrx_word' id='word_1_34' title='bbox 1591 579 1674 630; x_wconf 80' lang='grc' dir='ltr'>τὸν</span> <span class='ocrx_word' id='word_1_35' title='bbox 1712 580 1817 644; x_wconf 76' lang='grc' dir='ltr'>περὶ</span> <span class='ocrx_word' id='word_1_36' title='bbox 1860 580 1942 640; x_wconf 85' lang='grc' dir='ltr'>τῆς</span> 
     </span>
     <span class='ocr_line' id='line_1_9' title="bbox 349 658 1984 729; baseline -0.002 -18"><span class='ocrx_word' id='word_1_37' title='bbox 349 663 751 727; x_wconf 85' lang='grc' dir='ltr'>ἐνανθρωπήσεως</span> <span class='ocrx_word' id='word_1_38' title='bbox 790 662 953 728; x_wconf 89' lang='grc' dir='ltr'>λόγον.</span> <span class='ocrx_word' id='word_1_39' title='bbox 1024 663 1093 714; x_wconf 80' lang='grc' dir='ltr'>ὅτι</span> <span class='ocrx_word' id='word_1_40' title='bbox 1133 663 1224 729; x_wconf 78' lang='grc' dir='ltr'>γὰρ</span> <span class='ocrx_word' id='word_1_41' title='bbox 1265 663 1359 717; x_wconf 83' lang='grc' dir='ltr'>υἱὸς</span> <span class='ocrx_word' id='word_1_42' title='bbox 1404 661 1653 728; x_wconf 81' lang='grc' dir='ltr'>ἀνθρώπου</span> <span class='ocrx_word' id='word_1_43' title='bbox 1693 658 1860 725; x_wconf 76' lang='grc' dir='ltr'>γε’γονέ</span> <span class='ocrx_word' id='word_1_44' title='bbox 1892 671 1984 709; x_wconf 88' lang='grc' dir='ltr'>τε5</span> 
     </span>
     <span class='ocr_line' id='line_1_10' title="bbox 351 741 1942 813; baseline -0.001 -21"><span class='ocrx_word' id='word_1_45' title='bbox 351 744 426 793; x_wconf 76' lang='grc' dir='ltr'>καὶ</span> <span class='ocrx_word' id='word_1_46' title='bbox 462 742 798 810; x_wconf 79' lang='grc' dir='ltr'>κεχρημάτικεν</span> <span class='ocrx_word' id='word_1_47' title='bbox 835 746 859 794; x_wconf 85' lang='grc' dir='ltr'><strong>ὁ</strong></span> <span class='ocrx_word' id='word_1_48' title='bbox 898 744 1187 809; x_wconf 84' lang='grc' dir='ltr'>Μονογενὴς,</span> <span class='ocrx_word' id='word_1_49' title='bbox 1216 745 1447 813; x_wconf 76' lang='grc' dir='ltr'>ἐξηγεῖται</span> <span class='ocrx_word' id='word_1_50' title='bbox 1486 748 1674 812; x_wconf 82' lang='grc' dir='ltr'>σαφῶς·</span> <span class='ocrx_word' id='word_1_51' title='bbox 1723 741 1942 805; x_wconf 83' lang='grc' dir='ltr'>σημαίνει</span> 
     </span>
     <span class='ocr_line' id='line_1_11' title="bbox 309 821 1943 893; baseline -0.005 -13"><span class='ocrx_word' id='word_1_52' title='bbox 309 824 444 891; x_wconf 75' lang='grc' dir='ltr'>ὀγάρ</span> <span class='ocrx_word' id='word_1_53' title='bbox 480 831 633 887; x_wconf 87' lang='grc' dir='ltr'>τοῦτο,</span> <span class='ocrx_word' id='word_1_54' title='bbox 660 828 735 876; x_wconf 74' lang='grc' dir='ltr'>καὶ</span> <span class='ocrx_word' id='word_1_55' title='bbox 772 827 926 891; x_wconf 80' lang='grc' dir='ltr'>ἕτερον</span> <span class='ocrx_word' id='word_1_56' title='bbox 960 827 1103 889; x_wconf 75' lang='grc' dir='ltr'>οὐδὲν,</span> <span class='ocrx_word' id='word_1_57' title='bbox 1137 826 1191 878; x_wconf 79' lang='grc' dir='ltr'>τὸ</span> <span class='ocrx_word' id='word_1_58' title='bbox 1227 826 1385 893; x_wconf 79' lang='grc' dir='ltr'>σάρκα</span> <span class='ocrx_word' id='word_1_59' title='bbox 1419 826 1639 892; x_wconf 77' lang='grc' dir='ltr'>γενέσθαι</span> <span class='ocrx_word' id='word_1_60' title='bbox 1673 823 1756 874; x_wconf 80' lang='grc' dir='ltr'>τὸν</span> <span class='ocrx_word' id='word_1_61' title='bbox 1783 821 1943 888; x_wconf 84' lang='grc' dir='ltr'>Λόγον</span> 
     </span>
     <span class='ocr_line' id='line_1_12' title="bbox 351 906 1941 976; baseline 0.001 -20"><span class='ocrx_word' id='word_1_62' title='bbox 351 911 508 957; x_wconf 80' lang='grc' dir='ltr'>εἰπεῖν·</span> <span class='ocrx_word' id='word_1_63' title='bbox 564 907 726 971; x_wconf 81' lang='grc' dir='ltr'>ὅμοιον</span> <span class='ocrx_word' id='word_1_64' title='bbox 753 931 846 974; x_wconf 87' lang='grc' dir='ltr'>γαρ</span> <span class='ocrx_word' id='word_1_65' title='bbox 882 911 944 961; x_wconf 87' lang='grc' dir='ltr'>ὡς</span> <span class='ocrx_word' id='word_1_66' title='bbox 981 913 1018 959; x_wconf 82' lang='grc' dir='ltr'>εἰ</span> <span class='ocrx_word' id='word_1_67' title='bbox 1053 932 1128 959; x_wconf 93' lang='grc' dir='ltr'>και</span> <span class='ocrx_word' id='word_1_68' title='bbox 1163 907 1451 974; x_wconf 84' lang='grc' dir='ltr'>γυμνότερον</span> <span class='ocrx_word' id='word_1_69' title='bbox 1477 908 1685 976; x_wconf 86' lang='grc' dir='ltr'>ἐφασκεν</span> <span class='ocrx_word' id='word_1_70' title='bbox 1710 906 1767 956; x_wconf 91' lang='lat' dir='ltr'>O</span> <span class='ocrx_word' id='word_1_71' title='bbox 1796 909 1941 970; x_wconf 68' lang='grc' dir='ltr'>Λόγος</span> 
     </span>
     <span class='ocr_line' id='line_1_13' title="bbox 351 985 1943 1058; baseline -0.002 -19"><span class='ocrx_word' id='word_1_72' title='bbox 351 989 600 1055; x_wconf 76' lang='grc' dir='ltr'>ἅνθρωπος</span> <span class='ocrx_word' id='word_1_73' title='bbox 640 1014 820 1056; x_wconf 77' lang='grc' dir='ltr'>εγενετο.</span> <span class='ocrx_word' id='word_1_74' title='bbox 879 990 1015 1058; x_wconf 75' lang='grc' dir='ltr'>ξενον</span> <span class='ocrx_word' id='word_1_75' title='bbox 1054 991 1101 1041; x_wconf 84' lang='grc' dir='ltr'>δε</span> <span class='ocrx_word' id='word_1_76' title='bbox 1139 991 1286 1041; x_wconf 76' lang='grc' dir='ltr'>πάλιν</span> <span class='ocrx_word' id='word_1_77' title='bbox 1324 992 1433 1054; x_wconf 80' lang='grc' dir='ltr'>ἡμῖν</span> <span class='ocrx_word' id='word_1_78' title='bbox 1472 990 1499 1055; x_wconf 89' lang='grc' dir='ltr'>ὴ</span> <span class='ocrx_word' id='word_1_79' title='bbox 1540 989 1772 1052; x_wconf 77' lang='grc' dir='ltr'>ἀσύνηθες</span> <span class='ocrx_word' id='word_1_80' title='bbox 1812 985 1943 1036; x_wconf 80' lang='grc' dir='ltr'>οὐδεν</span> 
     </span>
     <span class='ocr_line' id='line_1_14' title="bbox 351 1067 2014 1140; baseline -0.003 -18"><span class='ocrx_word' id='word_1_81' title='bbox 351 1073 472 1122; x_wconf 80' lang='grc' dir='ltr'>οὕτω</span> <span class='ocrx_word' id='word_1_82' title='bbox 512 1072 667 1137; x_wconf 86' lang='grc' dir='ltr'>λεγων</span> <span class='ocrx_word' id='word_1_83' title='bbox 700 1072 921 1139; x_wconf 80' lang='grc' dir='ltr'>εἶσφερει,</span> <span class='ocrx_word' id='word_1_84' title='bbox 954 1072 1191 1126; x_wconf 78' lang='grc' dir='ltr'>πολλάκις</span> <span class='ocrx_word' id='word_1_85' title='bbox 1229 1076 1311 1137; x_wconf 82' lang='grc' dir='ltr'>τῆς</span> <span class='ocrx_word' id='word_1_86' title='bbox 1349 1073 1472 1125; x_wconf 87' lang='grc' dir='ltr'>θείας</span> <span class='ocrx_word' id='word_1_87' title='bbox 1510 1074 1699 1140; x_wconf 80' lang='grc' dir='ltr'>γραφῆς</span> <span class='ocrx_word' id='word_1_88' title='bbox 1738 1093 1812 1120; x_wconf 92' lang='grc' dir='ltr'>και</span> <span class='ocrx_word' id='word_1_89' title='bbox 1849 1067 1942 1119; x_wconf 84' lang='grc' dir='ltr'>ἀπὸ</span> <span class='ocrx_word' id='word_1_90' title='bbox 1967 1088 2014 1112; x_wconf 95' lang='lat'>10</span> 
     </span>
     <span class='ocr_line' id='line_1_15' title="bbox 350 1149 1943 1223; baseline -0.003 -19"><span class='ocrx_word' id='word_1_91' title='bbox 350 1152 494 1217; x_wconf 84' lang='grc' dir='ltr'>μόνης</span> <span class='ocrx_word' id='word_1_92' title='bbox 533 1157 615 1217; x_wconf 84' lang='grc' dir='ltr'>τῆς</span> <span class='ocrx_word' id='word_1_93' title='bbox 654 1154 833 1219; x_wconf 80' lang='grc' dir='ltr'>σαρκὸς</span> <span class='ocrx_word' id='word_1_94' title='bbox 871 1155 986 1205; x_wconf 80' lang='grc' dir='ltr'>ὅλον</span> <span class='ocrx_word' id='word_1_95' title='bbox 1021 1155 1359 1219; x_wconf 79' lang='grc' dir='ltr'>ἀποκαλούσης</span> <span class='ocrx_word' id='word_1_96' title='bbox 1395 1155 1448 1204; x_wconf 84' lang='grc' dir='ltr'>τὸ</span> <span class='ocrx_word' id='word_1_97' title='bbox 1485 1154 1614 1223; x_wconf 67' lang='grc' dir='ltr'>ζῷον,</span> <span class='ocrx_word' id='word_1_98' title='bbox 1651 1154 1770 1203; x_wconf 83' lang='grc' dir='ltr'>κατὰ</span> <span class='ocrx_word' id='word_1_99' title='bbox 1805 1149 1859 1202; x_wconf 79' lang='grc' dir='ltr'>τὸ</span> <span class='ocrx_word' id='word_1_100' title='bbox 1895 1152 1943 1200; x_wconf 85' lang='grc' dir='ltr'>ἐν</span> 
     </span>
     <span class='ocr_line' id='line_1_16' title="bbox 351 1233 1942 1305; baseline 0 -19"><span class='ocrx_word' id='word_1_101' title='bbox 351 1240 418 1305; x_wconf 72' lang='grc' dir='ltr'>τῷ</span> <span class='ocrx_word' id='word_1_102' title='bbox 455 1235 680 1304; x_wconf 81' lang='grc' dir='ltr'>προφήτῃ</span> <span class='ocrx_word' id='word_1_103' title='bbox 720 1238 928 1299; x_wconf 86' lang='grc' dir='ltr'>κείμενον</span> <span class='ocrx_word' id='word_1_104' title='bbox 960 1236 1103 1300; x_wconf 84' lang='grc' dir='ltr'>Ἰωήλ</span> <span class='ocrx_word' id='word_1_105' title='bbox 1144 1244 1170 1265; x_wconf 83' lang='grc'><strong>“</strong></span> <span class='ocrx_word' id='word_1_106' title='bbox 1196 1236 1378 1303; x_wconf 82' lang='grc' dir='ltr'>Ἐκχεῶ</span> <span class='ocrx_word' id='word_1_107' title='bbox 1417 1236 1511 1287; x_wconf 79' lang='grc' dir='ltr'>ἀπὸ</span> <span class='ocrx_word' id='word_1_108' title='bbox 1549 1241 1632 1286; x_wconf 85' lang='grc' dir='ltr'>τοῦ</span> <span class='ocrx_word' id='word_1_109' title='bbox 1667 1233 1942 1297; x_wconf 86' lang='grc' dir='ltr'>Πνεύματός</span> 
     </span>
     <span class='ocr_line' id='line_1_17' title="bbox 352 1315 1943 1384; baseline -0.002 -16"><span class='ocrx_word' id='word_1_110' title='bbox 352 1325 379 1347; x_wconf 85' lang='grc'><strong>“</strong></span> <span class='ocrx_word' id='word_1_111' title='bbox 404 1341 495 1381; x_wconf 87' lang='grc' dir='ltr'>μου</span> <span class='ocrx_word' id='word_1_112' title='bbox 529 1319 603 1369; x_wconf 80' lang='grc' dir='ltr'>ἐπὶ</span> <span class='ocrx_word' id='word_1_113' title='bbox 641 1323 806 1368; x_wconf 79' lang='grc' dir='ltr'>πᾶσαν</span> <span class='ocrx_word' id='word_1_114' title='bbox 841 1318 1040 1383; x_wconf 76' lang='grc' dir='ltr'>σάρκα·”</span> <span class='ocrx_word' id='word_1_115' title='bbox 1091 1321 1165 1368; x_wconf 74' lang='grc' dir='ltr'>καὶ</span> <span class='ocrx_word' id='word_1_116' title='bbox 1206 1319 1258 1368; x_wconf 81' lang='grc' dir='ltr'>οὐ</span> <span class='ocrx_word' id='word_1_117' title='bbox 1297 1318 1446 1382; x_wconf 85' lang='grc' dir='ltr'>δήπου</span> <span class='ocrx_word' id='word_1_118' title='bbox 1485 1323 1732 1382; x_wconf 79' lang='grc' dir='ltr'>νομιοῦμεν</span> <span class='ocrx_word' id='word_1_119' title='bbox 1767 1315 1943 1384; x_wconf 75' lang='grc' dir='ltr'>ἀψύχῳ</span> 
     </span>
     <span class='ocr_line' id='line_1_18' title="bbox 352 1397 1943 1468; baseline -0.001 -19"><span class='ocrx_word' id='word_1_120' title='bbox 352 1402 427 1449; x_wconf 79' lang='grc' dir='ltr'>καὶ</span> <span class='ocrx_word' id='word_1_121' title='bbox 474 1399 596 1467; x_wconf 83' lang='grc' dir='ltr'>μόνῃ</span> <span class='ocrx_word' id='word_1_122' title='bbox 641 1404 699 1467; x_wconf 82' lang='grc' dir='ltr'>τῇ</span> <span class='ocrx_word' id='word_1_123' title='bbox 750 1400 1017 1468; x_wconf 74' lang='grc' dir='ltr'>ἀνθρωπεία</span> <span class='ocrx_word' id='word_1_124' title='bbox 1061 1402 1205 1465; x_wconf 77' lang='grc' dir='ltr'>σαρκὶ</span> <span class='ocrx_word' id='word_1_125' title='bbox 1255 1400 1309 1451; x_wconf 82' lang='grc' dir='ltr'>τὸ</span> <span class='ocrx_word' id='word_1_126' title='bbox 1354 1405 1477 1451; x_wconf 80' lang='grc' dir='ltr'>θεῖον</span> <span class='ocrx_word' id='word_1_127' title='bbox 1521 1397 1943 1466; x_wconf 89' lang='grc' dir='ltr'>χορηγηθήσεσθαι</span> 
     </span>
     <span class='ocr_line' id='line_1_19' title="bbox 353 1477 2013 1550; baseline -0.001 -18"><span class='ocrx_word' id='word_1_128' title='bbox 353 1485 551 1545; x_wconf 82' lang='grc' dir='ltr'>Πνεῦμα</span> <span class='ocrx_word' id='word_1_129' title='bbox 586 1481 669 1532; x_wconf 80' lang='grc' dir='ltr'>τὸν</span> <span class='ocrx_word' id='word_1_130' title='bbox 693 1482 947 1550; x_wconf 87' lang='grc' dir='ltr'>προφήτην</span> <span class='ocrx_word' id='word_1_131' title='bbox 974 1486 1132 1533; x_wconf 75' lang='grc' dir='ltr'>εἰπεῖν·</span> <span class='ocrx_word' id='word_1_132' title='bbox 1183 1481 1430 1549; x_wconf 85' lang='grc' dir='ltr'>ἀμοιρήσει</span> <span class='ocrx_word' id='word_1_133' title='bbox 1467 1481 1560 1547; x_wconf 81' lang='grc' dir='ltr'>γὰρ</span> <span class='ocrx_word' id='word_1_134' title='bbox 1598 1483 1718 1532; x_wconf 74' lang='grc' dir='ltr'>οὕτω</span> <span class='ocrx_word' id='word_1_135' title='bbox 1756 1477 1935 1546; x_wconf 83' lang='grc' dir='ltr'>γελοιό-</span> <span class='ocrx_word' id='word_1_136' title='bbox 1968 1500 2013 1536; x_wconf 88' lang='lat'>15</span> 
     </span>
     <span class='ocr_line' id='line_1_20' title="bbox 314 1561 1944 1628; baseline -0.003 -13"><span class='ocrx_word' id='word_1_137' title='bbox 314 1587 490 1627; x_wconf 76' lang='grc' dir='ltr'>ετητος</span> <span class='ocrx_word' id='word_1_138' title='bbox 542 1565 757 1625; x_wconf 80' lang='grc' dir='ltr'>οὐδαμῶς</span> <span class='ocrx_word' id='word_1_139' title='bbox 809 1562 862 1614; x_wconf 82' lang='grc' dir='ltr'>τὸ</span> <span class='ocrx_word' id='word_1_140' title='bbox 915 1564 1220 1628; x_wconf 83' lang='grc' dir='ltr'>δηλούμενον,</span> <span class='ocrx_word' id='word_1_141' title='bbox 1265 1565 1375 1615; x_wconf 85' lang='grc' dir='ltr'>ἀλλ’</span> <span class='ocrx_word' id='word_1_142' title='bbox 1421 1567 1471 1614; x_wconf 85' lang='grc' dir='ltr'>ἐκ</span> <span class='ocrx_word' id='word_1_143' title='bbox 1521 1562 1686 1628; x_wconf 77' lang='grc' dir='ltr'>με’ρους</span> <span class='ocrx_word' id='word_1_144' title='bbox 1729 1561 1783 1613; x_wconf 79' lang='grc' dir='ltr'>τὸ</span> <span class='ocrx_word' id='word_1_145' title='bbox 1823 1561 1944 1612; x_wconf 59' lang='grc' dir='ltr'>’ὅλον</span> 
     </span>
     <span class='ocr_line' id='line_1_21' title="bbox 351 1643 1943 1713; baseline -0.002 -17"><span class='ocrx_word' id='word_1_146' title='bbox 351 1645 632 1707; x_wconf 77' lang='grc' dir='ltr'>συλλαβὼν,</span> <span class='ocrx_word' id='word_1_147' title='bbox 661 1646 754 1696; x_wconf 77' lang='grc' dir='ltr'>ἀπὸ</span> <span class='ocrx_word' id='word_1_148' title='bbox 788 1650 870 1709; x_wconf 80' lang='grc' dir='ltr'>τῆς</span> <span class='ocrx_word' id='word_1_149' title='bbox 906 1645 1085 1710; x_wconf 83' lang='grc' dir='ltr'>σαρκὸς</span> <span class='ocrx_word' id='word_1_150' title='bbox 1121 1645 1332 1713; x_wconf 75' lang='grc' dir='ltr'>ὀνομάζει</span> <span class='ocrx_word' id='word_1_151' title='bbox 1368 1645 1450 1697; x_wconf 78' lang='grc' dir='ltr'>τὸν</span> <span class='ocrx_word' id='word_1_152' title='bbox 1477 1646 1744 1712; x_wconf 76' lang='grc' dir='ltr'>ἄνθρωπον,</span> <span class='ocrx_word' id='word_1_153' title='bbox 1772 1643 1858 1694; x_wconf 70' lang='grc' dir='ltr'>ἔδει</span> <span class='ocrx_word' id='word_1_154' title='bbox 1896 1643 1943 1693; x_wconf 74' lang='grc' dir='ltr'>δὲ</span> 
     </span>
     <span class='ocr_line' id='line_1_22' title="bbox 350 1727 1939 1795; baseline -0.001 -18"><span class='ocrx_word' id='word_1_155' title='bbox 350 1732 542 1790; x_wconf 83' lang='grc' dir='ltr'>μᾶλλον</span> <span class='ocrx_word' id='word_1_156' title='bbox 574 1729 695 1778; x_wconf 81' lang='grc' dir='ltr'>οὕτω</span> <span class='ocrx_word' id='word_1_157' title='bbox 735 1731 810 1777; x_wconf 76' lang='grc' dir='ltr'>καὶ</span> <span class='ocrx_word' id='word_1_158' title='bbox 850 1729 936 1795; x_wconf 81' lang='grc' dir='ltr'>οὐχ</span> <span class='ocrx_word' id='word_1_159' title='bbox 969 1728 1151 1793; x_wconf 75' lang='grc' dir='ltr'>ἑτέρως·</span> <span class='ocrx_word' id='word_1_160' title='bbox 1207 1731 1282 1778; x_wconf 81' lang='grc' dir='ltr'>καὶ</span> <span class='ocrx_word' id='word_1_161' title='bbox 1319 1728 1393 1778; x_wconf 77' lang='grc' dir='ltr'>διὰ</span> <span class='ocrx_word' id='word_1_162' title='bbox 1427 1728 1568 1779; x_wconf 87' lang='grc' dir='ltr'>ποίαν</span> <span class='ocrx_word' id='word_1_163' title='bbox 1598 1727 1762 1787; x_wconf 78' lang='grc' dir='ltr'>αἰτίαν,</span> <span class='ocrx_word' id='word_1_164' title='bbox 1790 1728 1939 1790; x_wconf 86' lang='grc' dir='ltr'>ἀναγ-</span> 
     </span>
     <span class='ocr_line' id='line_1_23' title="bbox 352 1807 1943 1874; baseline -0.001 -15"><span class='ocrx_word' id='word_1_165' title='bbox 352 1814 497 1871; x_wconf 82' lang='grc' dir='ltr'>καῖον,</span> <span class='ocrx_word' id='word_1_166' title='bbox 519 1812 581 1862; x_wconf 82' lang='grc' dir='ltr'>ὡς</span> <span class='ocrx_word' id='word_1_167' title='bbox 608 1809 766 1867; x_wconf 75' lang='grc' dir='ltr'>ἔοικεν,</span> <span class='ocrx_word' id='word_1_168' title='bbox 791 1814 947 1861; x_wconf 78' lang='grc' dir='ltr'>εἰπεῖν.</span> <span class='ocrx_word' id='word_1_169' title='bbox 988 1809 1090 1860; x_wconf 76' lang='grc' dir='ltr'>ε”στι</span> <span class='ocrx_word' id='word_1_170' title='bbox 1117 1811 1270 1861; x_wconf 80' lang='grc' dir='ltr'>τοίνυν</span> <span class='ocrx_word' id='word_1_171' title='bbox 1299 1809 1494 1874; x_wconf 80' lang='grc' dir='ltr'>λογικὸν</span> <span class='ocrx_word' id='word_1_172' title='bbox 1520 1809 1617 1872; x_wconf 77' lang='grc' dir='ltr'>μὲν,</span> <span class='ocrx_word' id='word_1_173' title='bbox 1639 1808 1867 1859; x_wconf 86' lang='grc' dir='ltr'>σύνθετον</span> <span class='ocrx_word' id='word_1_174' title='bbox 1895 1807 1943 1858; x_wconf 80' lang='grc' dir='ltr'>δὲ</span> 
     </span>
     <span class='ocr_line' id='line_1_24' title="bbox 353 1889 2014 1959; baseline -0.001 -19"><span class='ocrx_word' id='word_1_175' title='bbox 353 1890 479 1954; x_wconf 80' lang='grc' dir='ltr'>ὅμως</span> <span class='ocrx_word' id='word_1_176' title='bbox 509 1889 625 1959; x_wconf 72' lang='grc' dir='ltr'>ζῷον</span> <span class='ocrx_word' id='word_1_177' title='bbox 653 1892 676 1941; x_wconf 84' lang='grc' dir='ltr'><em>ὁ</em></span> <span class='ocrx_word' id='word_1_178' title='bbox 712 1892 973 1956; x_wconf 79' lang='grc' dir='ltr'>ἄνθρωπος,</span> <span class='ocrx_word' id='word_1_179' title='bbox 998 1893 1047 1941; x_wconf 83' lang='grc' dir='ltr'>ἐκ</span> <span class='ocrx_word' id='word_1_180' title='bbox 1079 1894 1240 1959; x_wconf 75' lang='grc' dir='ltr'>ψυχῆς</span> <span class='ocrx_word' id='word_1_181' title='bbox 1267 1891 1487 1955; x_wconf 85' lang='grc' dir='ltr'>δηλονότι</span> <span class='ocrx_word' id='word_1_182' title='bbox 1515 1892 1589 1941; x_wconf 77' lang='grc' dir='ltr'>καὶ</span> <span class='ocrx_word' id='word_1_183' title='bbox 1615 1894 1698 1954; x_wconf 83' lang='grc' dir='ltr'>τῆς</span> <span class='ocrx_word' id='word_1_184' title='bbox 1723 1889 1943 1954; x_wconf 83' lang='grc' dir='ltr'>ἐπικήρου</span> <span class='ocrx_word' id='word_1_185' title='bbox 1965 1914 2014 1937; x_wconf 92' lang='lat'>20</span> 
     </span>
     <span class='ocr_line' id='line_1_25' title="bbox 352 1972 1939 2039; baseline -0.001 -16"><span class='ocrx_word' id='word_1_186' title='bbox 352 1976 552 2036; x_wconf 80' lang='grc' dir='ltr'>ταυτησὶ</span> <span class='ocrx_word' id='word_1_187' title='bbox 580 1976 655 2023; x_wconf 79' lang='grc' dir='ltr'>καὶ</span> <span class='ocrx_word' id='word_1_188' title='bbox 682 1972 845 2038; x_wconf 77' lang='grc' dir='ltr'>γηίνης</span> <span class='ocrx_word' id='word_1_189' title='bbox 871 1974 1064 2039; x_wconf 85' lang='grc' dir='ltr'>σαρκός.</span> <span class='ocrx_word' id='word_1_190' title='bbox 1112 1973 1266 2036; x_wconf 81' lang='grc' dir='ltr'>ἐπειδὴ</span> <span class='ocrx_word' id='word_1_191' title='bbox 1293 1973 1341 2024; x_wconf 75' lang='grc' dir='ltr'>δὲ</span> <span class='ocrx_word' id='word_1_192' title='bbox 1367 1973 1614 2037; x_wconf 84' lang='grc' dir='ltr'>ἐπεποίητο</span> <span class='ocrx_word' id='word_1_193' title='bbox 1640 1972 1770 2039; x_wconf 75' lang='grc' dir='ltr'>παρὰ</span> <span class='ocrx_word' id='word_1_194' title='bbox 1795 1976 1939 2033; x_wconf 77' lang='grc' dir='ltr'>Θεοῦ,</span> 
     </span>
     <span class='ocr_line' id='line_1_26' title="bbox 354 2053 1944 2124; baseline 0 -20"><span class='ocrx_word' id='word_1_195' title='bbox 354 2056 428 2104; x_wconf 75' lang='grc' dir='ltr'>καὶ</span> <span class='ocrx_word' id='word_1_196' title='bbox 464 2054 686 2122; x_wconf 80' lang='grc' dir='ltr'>παρήχθη</span> <span class='ocrx_word' id='word_1_197' title='bbox 722 2054 840 2119; x_wconf 80' lang='grc' dir='ltr'>πρὸς</span> <span class='ocrx_word' id='word_1_198' title='bbox 876 2056 1076 2121; x_wconf 73' lang='grc' dir='ltr'>γε’νεσιν,</span> <span class='ocrx_word' id='word_1_199' title='bbox 1109 2056 1192 2105; x_wconf 85' lang='grc' dir='ltr'>οὐκ</span> <span class='ocrx_word' id='word_1_200' title='bbox 1226 2056 1345 2123; x_wconf 76' lang='grc' dir='ltr'>ἔχων</span> <span class='ocrx_word' id='word_1_201' title='bbox 1376 2056 1432 2124; x_wconf 76' lang='grc' dir='ltr'>ἐξ</span> <span class='ocrx_word' id='word_1_202' title='bbox 1464 2056 1630 2109; x_wconf 81' lang='grc' dir='ltr'>οἰκείας</span> <span class='ocrx_word' id='word_1_203' title='bbox 1665 2055 1856 2121; x_wconf 84' lang='grc' dir='ltr'>φύσεως</span> <span class='ocrx_word' id='word_1_204' title='bbox 1890 2053 1944 2104; x_wconf 83' lang='grc' dir='ltr'>τό</span> 
     </span>
     <span class='ocr_line' id='line_1_27' title="bbox 353 2136 1944 2207; baseline 0 -21"><span class='ocrx_word' id='word_1_205' title='bbox 353 2159 403 2187; x_wconf 88' lang='grc' dir='ltr'>τε</span> <span class='ocrx_word' id='word_1_206' title='bbox 449 2136 696 2204; x_wconf 76' lang='grc' dir='ltr'>ἄφθαρτον</span> <span class='ocrx_word' id='word_1_207' title='bbox 735 2140 809 2187; x_wconf 73' lang='grc' dir='ltr'>καὶ</span> <span class='ocrx_word' id='word_1_208' title='bbox 854 2138 1139 2202; x_wconf 83' lang='grc' dir='ltr'>ἀνώλεθρον·</span> <span class='ocrx_word' id='word_1_209' title='bbox 1196 2137 1324 2207; x_wconf 72' lang='grc' dir='ltr'>μόνῳ</span> <span class='ocrx_word' id='word_1_210' title='bbox 1365 2139 1457 2203; x_wconf 79' lang='grc' dir='ltr'>γὰρ</span> <span class='ocrx_word' id='word_1_211' title='bbox 1496 2143 1643 2188; x_wconf 88' lang='grc' dir='ltr'>ταῦτα</span> <span class='ocrx_word' id='word_1_212' title='bbox 1680 2136 1944 2203; x_wconf 83' lang='grc' dir='ltr'>πρόσεστιν</span> 
     </span>
     <span class='ocr_line' id='line_1_28' title="bbox 316 2218 1940 2288; baseline 0.003 -21"><span class='ocrx_word' id='word_1_213' title='bbox 316 2218 595 2270; x_wconf 70' lang='grc' dir='ltr'>ειούσιωδῶς</span> <span class='ocrx_word' id='word_1_214' title='bbox 631 2221 696 2287; x_wconf 71' lang='grc' dir='ltr'>τῷ</span> <span class='ocrx_word' id='word_1_215' title='bbox 725 2222 848 2286; x_wconf 72' lang='grc' dir='ltr'>Θεῷ·</span> <span class='ocrx_word' id='word_1_216' title='bbox 893 2219 1296 2286; x_wconf 74' lang='grc' dir='ltr'>κατεσφραγίζετο</span> <span class='ocrx_word' id='word_1_217' title='bbox 1332 2223 1398 2288; x_wconf 74' lang='grc' dir='ltr'>τῷ</span> <span class='ocrx_word' id='word_1_218' title='bbox 1427 2218 1656 2281; x_wconf 85' lang='grc' dir='ltr'>πνεύματι</span> <span class='ocrx_word' id='word_1_219' title='bbox 1691 2222 1772 2282; x_wconf 79' lang='grc' dir='ltr'>τῆς</span> <span class='ocrx_word' id='word_1_220' title='bbox 1808 2219 1940 2285; x_wconf 75' lang='grc' dir='ltr'>ζωῆς,</span> 
     </span>
     <span class='ocr_line' id='line_1_29' title="bbox 355 2300 2014 2367; baseline 0.003 -18"><span class='ocrx_word' id='word_1_221' title='bbox 355 2300 523 2366; x_wconf 75' lang='grc' dir='ltr'>σχέσει</span> <span class='ocrx_word' id='word_1_222' title='bbox 562 2303 619 2366; x_wconf 82' lang='grc' dir='ltr'>τῇ</span> <span class='ocrx_word' id='word_1_223' title='bbox 658 2300 775 2366; x_wconf 74' lang='grc' dir='ltr'>πρὸς</span> <span class='ocrx_word' id='word_1_224' title='bbox 815 2300 868 2350; x_wconf 79' lang='grc' dir='ltr'>τὸ</span> <span class='ocrx_word' id='word_1_225' title='bbox 909 2306 1031 2351; x_wconf 76' lang='grc' dir='ltr'>θεῖον</span> <span class='ocrx_word' id='word_1_226' title='bbox 1062 2302 1115 2351; x_wconf 84' lang='grc' dir='ltr'>τὸ</span> <span class='ocrx_word' id='word_1_227' title='bbox 1152 2300 1263 2366; x_wconf 77' lang='grc' dir='ltr'>ὑπὲρ</span> <span class='ocrx_word' id='word_1_228' title='bbox 1298 2301 1385 2364; x_wconf 85' lang='grc' dir='ltr'>τὴν</span> <span class='ocrx_word' id='word_1_229' title='bbox 1417 2301 1565 2367; x_wconf 87' lang='grc' dir='ltr'>φύσιν</span> <span class='ocrx_word' id='word_1_230' title='bbox 1598 2302 1943 2365; x_wconf 80' lang='grc' dir='ltr'>ἀποκερδαίνων</span> <span class='ocrx_word' id='word_1_231' title='bbox 1966 2317 2014 2354; x_wconf 89' lang='lat'>25</span> 
     </span>
     <span class='ocr_line' id='line_1_30' title="bbox 355 2382 1943 2451; baseline -0.001 -18"><span class='ocrx_word' id='word_1_232' title='bbox 355 2382 536 2448; x_wconf 84' lang='grc' dir='ltr'>ἀγαθόν</span> <span class='ocrx_word' id='word_1_233' title='bbox 563 2383 915 2449; x_wconf 51' lang='grc' dir='ltr'>(ίἘιέφύσησε</span> <span class='ocrx_word' id='word_1_234' title='bbox 955 2382 1062 2450; x_wconf 77' lang='grc' dir='ltr'>γὰρ,</span> <span class='ocrx_word' id='word_1_235' title='bbox 1101 2387 1267 2451; x_wconf 75' lang='grc' dir='ltr'>φησὶν,</span> <span class='ocrx_word' id='word_1_236' title='bbox 1308 2387 1370 2437; x_wconf 79' lang='grc' dir='ltr'>εἷς</span> <span class='ocrx_word' id='word_1_237' title='bbox 1409 2383 1462 2434; x_wconf 82' lang='grc' dir='ltr'>τὸ</span> <span class='ocrx_word' id='word_1_238' title='bbox 1500 2383 1762 2449; x_wconf 87' lang='grc' dir='ltr'>πρόσωπον</span> <span class='ocrx_word' id='word_1_239' title='bbox 1802 2384 1943 2433; x_wconf 79' lang='grc' dir='ltr'>αὐτοῦ</span> 
     </span>
     <span class='ocr_line' id='line_1_31' title="bbox 358 2464 1941 2534; baseline 0 -18"><span class='ocrx_word' id='word_1_240' title='bbox 358 2473 383 2495; x_wconf 82' lang='grc'><strong>“</strong></span> <span class='ocrx_word' id='word_1_241' title='bbox 406 2464 557 2529; x_wconf 87' lang='grc' dir='ltr'>πνοὴν</span> <span class='ocrx_word' id='word_1_242' title='bbox 587 2464 716 2531; x_wconf 75' lang='grc' dir='ltr'>ζωῆς,</span> <span class='ocrx_word' id='word_1_243' title='bbox 753 2468 827 2515; x_wconf 80' lang='grc' dir='ltr'>καὶ</span> <span class='ocrx_word' id='word_1_244' title='bbox 866 2466 1046 2530; x_wconf 79' lang='grc' dir='ltr'>ἐγένετο</span> <span class='ocrx_word' id='word_1_245' title='bbox 1086 2467 1110 2515; x_wconf 84' lang='grc' dir='ltr'>ὁ</span> <span class='ocrx_word' id='word_1_246' title='bbox 1151 2466 1397 2530; x_wconf 74' lang='grc' dir='ltr'>ἄνθρωπος</span> <span class='ocrx_word' id='word_1_247' title='bbox 1436 2470 1498 2520; x_wconf 78' lang='grc' dir='ltr'>εἰς</span> <span class='ocrx_word' id='word_1_248' title='bbox 1536 2465 1701 2534; x_wconf 77' lang='grc' dir='ltr'>ψυχὴν</span> <span class='ocrx_word' id='word_1_249' title='bbox 1737 2465 1941 2531; x_wconf 71' lang='grc' dir='ltr'>ζῶσαν·”</span> 
     </span>
    </p>
   </div>
   <div class='ocr_carea' id='block_1_8' title="bbox 355 2599 1945 2737">
    <p class='ocr_par' dir='ltr' id='par_1_8' title="bbox 355 2599 1945 2737">
     <span class='ocr_line' id='line_1_32' title="bbox 408 2599 1944 2646; baseline 0.001 -13"><span class='ocrx_word' id='word_1_250' title='bbox 408 2611 436 2633; x_wconf 91' lang='lat'>1.</span> <span class='ocrx_word' id='word_1_251' title='bbox 464 2614 514 2633; x_wconf 92' lang='grc' dir='ltr'>τοι</span> <span class='ocrx_word' id='word_1_252' title='bbox 533 2611 602 2633; x_wconf 81' lang='lat' dir='ltr'>om.</span> <span class='ocrx_word' id='word_1_253' title='bbox 623 2599 664 2633; x_wconf 84' lang='lat' dir='ltr'>B.</span> <span class='ocrx_word' id='word_1_254' title='bbox 809 2612 842 2641; x_wconf 88' lang='lat'>4.</span> <span class='ocrx_word' id='word_1_255' title='bbox 869 2599 923 2632; x_wconf 82' lang='grc' dir='ltr'>διὰ</span> <span class='ocrx_word' id='word_1_256' title='bbox 945 2601 1044 2632; x_wconf 85' lang='grc' dir='ltr'>τοῦτο</span> <span class='ocrx_word' id='word_1_257' title='bbox 1063 2599 1205 2643; x_wconf 80' lang='grc' dir='ltr'>καθαρὸς</span> <span class='ocrx_word' id='word_1_258' title='bbox 1226 2600 1266 2633; x_wconf 79' lang='grc' dir='ltr'>Β</span> <span class='ocrx_word' id='word_1_259' title='bbox 1411 2611 1443 2644; x_wconf 71' lang='lat'>5.</span> <span class='ocrx_word' id='word_1_260' title='bbox 1471 2600 1523 2646; x_wconf 80' lang='grc' dir='ltr'>τε]</span> <span class='ocrx_word' id='word_1_261' title='bbox 1550 2606 1585 2640; x_wconf 56' lang='grc' dir='ltr'>-ξ-</span> <span class='ocrx_word' id='word_1_262' title='bbox 1607 2601 1668 2645; x_wconf 83' lang='grc' dir='ltr'>ἠ’δη</span> <span class='ocrx_word' id='word_1_263' title='bbox 1688 2600 1753 2635; x_wconf 82' lang='lat' dir='ltr'>Ed.</span> <span class='ocrx_word' id='word_1_264' title='bbox 1772 2601 1882 2635; x_wconf 80' lang='lat' dir='ltr'>Invito</span> <span class='ocrx_word' id='word_1_265' title='bbox 1902 2602 1944 2637; x_wconf 83' lang='grc' dir='ltr'>Β.</span> 
     </span>
     <span class='ocr_line' id='line_1_33' title="bbox 358 2645 1945 2692; baseline 0.003 -13"><span class='ocrx_word' id='word_1_266' title='bbox 358 2656 389 2690; x_wconf 91' lang='lat'>7.</span> <span class='ocrx_word' id='word_1_267' title='bbox 415 2647 621 2690; x_wconf 81' lang='grc' dir='ltr'>γεγενῆσθαι</span> <span class='ocrx_word' id='word_1_268' title='bbox 642 2646 682 2679; x_wconf 80' lang='grc' dir='ltr'>Β.</span> <span class='ocrx_word' id='word_1_269' title='bbox 831 2658 882 2688; x_wconf 86' lang='lat'>14.</span> <span class='ocrx_word' id='word_1_270' title='bbox 908 2645 1210 2691; x_wconf 80' lang='grc' dir='ltr'>χορηγηθήσεσθαι</span> <span class='ocrx_word' id='word_1_271' title='bbox 1231 2647 1275 2679; x_wconf 91' lang='lat' dir='ltr'>D.</span> <span class='ocrx_word' id='word_1_272' title='bbox 1285 2647 1322 2680; x_wconf 83' lang='grc' dir='ltr'>Ε.</span> <span class='ocrx_word' id='word_1_273' title='bbox 1341 2647 1600 2692; x_wconf 76' lang='grc' dir='ltr'>χορηγήσεσθιιι</span> <span class='ocrx_word' id='word_1_274' title='bbox 1621 2647 1685 2681; x_wconf 77' lang='lat' dir='ltr'>Ed.</span> <span class='ocrx_word' id='word_1_275' title='bbox 1827 2661 1879 2692; x_wconf 85' lang='lat'>19.</span> <span class='ocrx_word' id='word_1_276' title='bbox 1906 2650 1945 2683; x_wconf 82' lang='grc' dir='ltr'>τὸ</span> 
     </span>
     <span class='ocr_line' id='line_1_34' title="bbox 355 2692 1942 2737; baseline 0.003 -12"><span class='ocrx_word' id='word_1_277' title='bbox 355 2694 495 2737; x_wconf 81' lang='grc' dir='ltr'>λογικὸν</span> <span class='ocrx_word' id='word_1_278' title='bbox 515 2693 555 2726; x_wconf 80' lang='grc' dir='ltr'>Β.</span> <span class='ocrx_word' id='word_1_279' title='bbox 676 2703 730 2726; x_wconf 90' lang='lat'>20.</span> <span class='ocrx_word' id='word_1_280' title='bbox 757 2692 845 2736; x_wconf 82' lang='grc' dir='ltr'>ὅμως</span> <span class='ocrx_word' id='word_1_281' title='bbox 864 2699 1085 2736; x_wconf 80' lang='lat' dir='ltr'>assumptum</span> <span class='ocrx_word' id='word_1_282' title='bbox 1105 2705 1145 2725; x_wconf 82' lang='lat' dir='ltr'>ex</span> <span class='ocrx_word' id='word_1_283' title='bbox 1168 2693 1209 2726; x_wconf 90' lang='lat' dir='ltr'>B.</span> <span class='ocrx_word' id='word_1_284' title='bbox 1230 2693 1323 2727; x_wconf 84' lang='lat' dir='ltr'>C01d</span> <span class='ocrx_word' id='word_1_285' title='bbox 1466 2706 1521 2729; x_wconf 92' lang='lat'>21.</span> <span class='ocrx_word' id='word_1_286' title='bbox 1547 2696 1690 2737; x_wconf 77' lang='grc' dir='ltr'>ταυτησὶ</span> <span class='ocrx_word' id='word_1_287' title='bbox 1708 2694 1799 2728; x_wconf 81' lang='lat' dir='ltr'>edidi</span> <span class='ocrx_word' id='word_1_288' title='bbox 1817 2707 1833 2728; x_wconf 89' lang='lat' dir='ltr'>e</span> <span class='ocrx_word' id='word_1_289' title='bbox 1854 2695 1942 2730; x_wconf 89' lang='lat' dir='ltr'>Cod.</span> 
     </span>
    </p>
   </div>
   <div class='ocr_carea' id='block_1_9' title="bbox 355 2739 1943 2926">
    <p class='ocr_par' dir='ltr' id='par_1_9' title="bbox 355 2739 1943 2926">
     <span class='ocr_line' id='line_1_35' title="bbox 358 2739 1943 2785; baseline 0.002 -13"><span class='ocrx_word' id='word_1_290' title='bbox 358 2739 566 2783; x_wconf 79' lang='lat' dir='ltr'>Mosquensi</span> <span class='ocrx_word' id='word_1_291' title='bbox 590 2739 722 2773; x_wconf 81' lang='lat' dir='ltr'>scholia</span> <span class='ocrx_word' id='word_1_292' title='bbox 745 2751 851 2784; x_wconf 81' lang='lat' dir='ltr'>super</span> <span class='ocrx_word' id='word_1_293' title='bbox 870 2739 1057 2782; x_wconf 74' lang='lat' dir='ltr'>Evangelia</span> <span class='ocrx_word' id='word_1_294' title='bbox 1081 2740 1284 2780; x_wconf 82' lang='lat' dir='ltr'>continenti,</span> <span class='ocrx_word' id='word_1_295' title='bbox 1303 2741 1338 2773; x_wconf 89' lang='lat' dir='ltr'>in</span> <span class='ocrx_word' id='word_1_296' title='bbox 1358 2740 1394 2774; x_wconf 94' lang='lat' dir='ltr'>S.</span> <span class='ocrx_word' id='word_1_297' title='bbox 1415 2741 1461 2785; x_wconf 70' lang='lat' dir='ltr'>S&gt;</span> <span class='ocrx_word' id='word_1_298' title='bbox 1467 2741 1549 2775; x_wconf 87' lang='lat' dir='ltr'>nod1</span> <span class='ocrx_word' id='word_1_299' title='bbox 1571 2741 1785 2775; x_wconf 82' lang='lat' dir='ltr'>Bibliotheca</span> <span class='ocrx_word' id='word_1_300' title='bbox 1803 2753 1943 2775; x_wconf 82' lang='lat' dir='ltr'>conser-</span> 
     </span>
     <span class='ocr_line' id='line_1_36' title="bbox 356 2785 1941 2832; baseline 0.002 -13"><span class='ocrx_word' id='word_1_301' title='bbox 356 2792 435 2819; x_wconf 86' lang='lat' dir='ltr'>vato</span> <span class='ocrx_word' id='word_1_302' title='bbox 456 2785 513 2831; x_wconf 81' lang='lat'>[41</span> <span class='ocrx_word' id='word_1_303' title='bbox 537 2786 634 2828; x_wconf 86' lang='lat' dir='ltr'>(olim</span> <span class='ocrx_word' id='word_1_304' title='bbox 654 2787 747 2828; x_wconf 85' lang='lat'>42)</span> <span class='ocrx_word' id='word_1_305' title='bbox 733 2786 873 2829; x_wconf 60' lang='lat' dir='ltr'>innato</span> <span class='ocrx_word' id='word_1_306' title='bbox 897 2798 965 2819; x_wconf 83' lang='lat' dir='ltr'>sec.</span> <span class='ocrx_word' id='word_1_307' title='bbox 990 2786 1070 2819; x_wconf 87' lang='lat' dir='ltr'>circ.</span> <span class='ocrx_word' id='word_1_308' title='bbox 1088 2799 1109 2820; x_wconf 87' lang='lat' dir='ltr'>x</span> <span class='ocrx_word' id='word_1_309' title='bbox 1131 2799 1235 2831; x_wconf 76' lang='lat' dir='ltr'>quem</span> <span class='ocrx_word' id='word_1_310' title='bbox 1259 2793 1426 2832; x_wconf 76' lang='lat' dir='ltr'><strong>tanquam</strong></span> <span class='ocrx_word' id='word_1_311' title='bbox 1451 2800 1491 2821; x_wconf 84' lang='lat' dir='ltr'>ex</span> <span class='ocrx_word' id='word_1_312' title='bbox 1515 2788 1637 2822; x_wconf 79' lang='lat' dir='ltr'>eodem</span> <span class='ocrx_word' id='word_1_313' title='bbox 1660 2789 1756 2822; x_wconf 85' lang='lat' dir='ltr'>fonte</span> <span class='ocrx_word' id='word_1_314' title='bbox 1776 2800 1815 2822; x_wconf 86' lang='lat' dir='ltr'>ac</span> <span class='ocrx_word' id='word_1_315' title='bbox 1835 2788 1941 2823; x_wconf 87' lang='lat' dir='ltr'>C01d.</span> 
     </span>
     <span class='ocr_line' id='line_1_37' title="bbox 355 2831 1942 2880; baseline 0.004 -16"><span class='ocrx_word' id='word_1_316' title='bbox 355 2831 521 2866; x_wconf 84' lang='lat' dir='ltr'>haustum</span> <span class='ocrx_word' id='word_1_317' title='bbox 546 2832 606 2866; x_wconf 85' lang='lat' dir='ltr'>sed</span> <span class='ocrx_word' id='word_1_318' title='bbox 631 2833 742 2866; x_wconf 83' lang='lat' dir='ltr'>multo</span> <span class='ocrx_word' id='word_1_319' title='bbox 767 2833 883 2866; x_wconf 79' lang='lat' dir='ltr'>minus</span> <span class='ocrx_word' id='word_1_320' title='bbox 907 2834 1062 2877; x_wconf 79' lang='lat' dir='ltr'><strong>plenum,</strong></span> <span class='ocrx_word' id='word_1_321' title='bbox 1081 2845 1193 2867; x_wconf 79' lang='lat' dir='ltr'><strong>lamus</strong></span> <span class='ocrx_word' id='word_1_322' title='bbox 1217 2835 1327 2867; x_wconf 84' lang='lat' dir='ltr'>citans</span> <span class='ocrx_word' id='word_1_323' title='bbox 1353 2834 1373 2867; x_wconf 88' lang='lat' dir='ltr'>b</span> <span class='ocrx_word' id='word_1_324' title='bbox 1394 2835 1539 2879; x_wconf 77' lang='lat' dir='ltr'>S1gnavi.</span> <span class='ocrx_word' id='word_1_325' title='bbox 1545 2834 1560 2880; x_wconf 97' lang='lat'>]</span> <span class='ocrx_word' id='word_1_326' title='bbox 1580 2834 1700 2878; x_wconf 77' lang='grc' dir='ltr'>ταύτης</span> <span class='ocrx_word' id='word_1_327' title='bbox 1722 2850 1740 2878; x_wconf 90' lang='grc' dir='ltr'>η</span> <span class='ocrx_word' id='word_1_328' title='bbox 1763 2834 1803 2868; x_wconf 89' lang='grc' dir='ltr'>Β.</span> <span class='ocrx_word' id='word_1_329' title='bbox 1821 2835 1942 2878; x_wconf 83' lang='grc' dir='ltr'>ταύτης</span> 
     </span>
     <span class='ocr_line' id='line_1_38' title="bbox 355 2878 1942 2926; baseline 0.002 -14"><span class='ocrx_word' id='word_1_330' title='bbox 355 2878 422 2912; x_wconf 83' lang='lat' dir='ltr'>Ed.</span> <span class='ocrx_word' id='word_1_331' title='bbox 489 2879 668 2921; x_wconf 81' lang='grc' dir='ltr'>ἐπεποίητο</span> <span class='ocrx_word' id='word_1_332' title='bbox 689 2879 729 2913; x_wconf 87' lang='lat' dir='ltr'>B.</span> <span class='ocrx_word' id='word_1_333' title='bbox 749 2878 856 2913; x_wconf 87' lang='lat' dir='ltr'>Cord.</span> <span class='ocrx_word' id='word_1_334' title='bbox 873 2879 1036 2922; x_wconf 82' lang='grc' dir='ltr'>πεποίητο</span> <span class='ocrx_word' id='word_1_335' title='bbox 1057 2879 1123 2913; x_wconf 87' lang='lat' dir='ltr'>Ed.</span> <span class='ocrx_word' id='word_1_336' title='bbox 1307 2891 1361 2914; x_wconf 87' lang='lat'>22.</span> <span class='ocrx_word' id='word_1_337' title='bbox 1389 2882 1468 2925; x_wconf 77' lang='grc' dir='ltr'>ἔχον</span> <span class='ocrx_word' id='word_1_338' title='bbox 1489 2881 1530 2915; x_wconf 83' lang='grc' dir='ltr'>Β.</span> <span class='ocrx_word' id='word_1_339' title='bbox 1722 2893 1776 2924; x_wconf 87' lang='grc'>25.</span> <span class='ocrx_word' id='word_1_340' title='bbox 1801 2896 1886 2926; x_wconf 87' lang='grc' dir='ltr'>προς</span> <span class='ocrx_word' id='word_1_341' title='bbox 1903 2884 1942 2916; x_wconf 87' lang='grc' dir='ltr'>τὸ</span> 
     </span>
    </p>
   </div>
   <div class='ocr_carea' id='block_1_10' title="bbox 353 2923 1940 3018">
    <p class='ocr_par' dir='ltr' id='par_1_10' title="bbox 353 2923 1940 3018">
     <span class='ocr_line' id='line_1_39' title="bbox 353 2923 1940 2972; baseline 0.003 -15"><span class='ocrx_word' id='word_1_342' title='bbox 353 2923 445 2957; x_wconf 79' lang='grc' dir='ltr'>θεῖον</span> <span class='ocrx_word' id='word_1_343' title='bbox 466 2925 507 2958; x_wconf 89' lang='grc' dir='ltr'>Β.</span> <span class='ocrx_word' id='word_1_344' title='bbox 528 2925 634 2959; x_wconf 82' lang='lat' dir='ltr'>C.Ord</span> <span class='ocrx_word' id='word_1_345' title='bbox 652 2939 698 2970; x_wconf 92' lang='grc' dir='ltr'>πρ</span> <span class='ocrx_word' id='word_1_346' title='bbox 702 2926 737 2960; x_wconf 87' lang='grc' dir='ltr'>ὸς</span> <span class='ocrx_word' id='word_1_347' title='bbox 755 2927 842 2960; x_wconf 82' lang='grc' dir='ltr'>Θεὸν</span> <span class='ocrx_word' id='word_1_348' title='bbox 860 2925 926 2960; x_wconf 88' lang='lat' dir='ltr'>Ed.</span> <span class='ocrx_word' id='word_1_349' title='bbox 994 2925 1118 2960; x_wconf 83' lang='lat' dir='ltr'>Statim</span> <span class='ocrx_word' id='word_1_350' title='bbox 1145 2928 1183 2959; x_wconf 88' lang='grc' dir='ltr'>τὸ</span> <span class='ocrx_word' id='word_1_351' title='bbox 1210 2926 1293 2969; x_wconf 77' lang='grc' dir='ltr'>ὑπὲρ</span> <span class='ocrx_word' id='word_1_352' title='bbox 1319 2927 1378 2970; x_wconf 82' lang='grc' dir='ltr'>τὴν</span> <span class='ocrx_word' id='word_1_353' title='bbox 1395 2927 1504 2972; x_wconf 80' lang='grc' dir='ltr'>φύσιν</span> <span class='ocrx_word' id='word_1_354' title='bbox 1528 2934 1604 2972; x_wconf 77' lang='lat' dir='ltr'>post</span> <span class='ocrx_word' id='word_1_355' title='bbox 1627 2928 1874 2972; x_wconf 80' lang='grc' dir='ltr'>ἀποκερδαινων</span> <span class='ocrx_word' id='word_1_356' title='bbox 1897 2934 1940 2962; x_wconf 77' lang='lat' dir='ltr'>tr.</span> 
     </span>
     <span class='ocr_line' id='line_1_40' title="bbox 355 2970 1364 3018; baseline 0.004 -15"><span class='ocrx_word' id='word_1_357' title='bbox 355 2970 421 3004; x_wconf 89' lang='lat' dir='ltr'>Ed.</span> <span class='ocrx_word' id='word_1_358' title='bbox 440 2971 556 3005; x_wconf 82' lang='lat' dir='ltr'>imitis</span> <span class='ocrx_word' id='word_1_359' title='bbox 579 2972 618 3006; x_wconf 91' lang='lat' dir='ltr'>B.</span> <span class='ocrx_word' id='word_1_360' title='bbox 641 2972 747 3006; x_wconf 87' lang='lat' dir='ltr'>Cord.</span> <span class='ocrx_word' id='word_1_361' title='bbox 894 2972 948 3006; x_wconf 88' lang='lat'>26.</span> <span class='ocrx_word' id='word_1_362' title='bbox 975 2973 1086 3018; x_wconf 83' lang='grc' dir='ltr'>φησὶν</span> <span class='ocrx_word' id='word_1_363' title='bbox 1102 2984 1172 3006; x_wconf 85' lang='lat' dir='ltr'>om.</span> <span class='ocrx_word' id='word_1_364' title='bbox 1196 2973 1236 3006; x_wconf 92' lang='lat' dir='ltr'>B.</span> <span class='ocrx_word' id='word_1_365' title='bbox 1257 2973 1364 3008; x_wconf 80' lang='lat' dir='ltr'>Cmd.</span> 
     </span>
    </p>
   </div>
  </div>
 </body>
</html>
