2021 3296
0 620 7 667 f:

0 794 5 977 i

0 990 5 1138 ἒ

0 1158 3 1306 P

0 1307 2 1391 ¹

124 161 206 203 i.1.
374 161 447 202 IN
489 162 531 202 S.
566 160 904 203 JOANNEM.
966 162 1092 204 LIB.
1125 163 1159 203 Ι.
1223 163 1358 204 CAP.
1383 164 1469 205 ΠΙ.
1656 166 1711 206 39

123 268 286 335 λόγοις
324 269 854 340 κατασφενδονούμενοι,
883 273 1214 323 δυσωποῦνται
1245 270 1332 335 τὴν
1366 272 1607 337 ἀλήθειαν,
1635 276 1712 324 καὶ

122 350 240 403 Υὶὸν
283 350 398 404 εἶναι
440 353 639 419 λέγουσι
684 355 759 403 καὶ
807 351 946 416 Θεὸν,
987 352 1052 418 μὴ
1101 355 1428 422 φρονείτωσαν
1476 357 1539 408 ὡς
1581 354 1712 406 ε”στιν

121 432 333 485 ἐλάττων
352 440 437 486 τοῦ
456 434 801 500 γεγεννηκότος.
842 439 942 489 πῶς
962 434 1055 502 γὰρ
1075 435 1200 490 ὅλως
1219 436 1479 505 ἐπιδέξεται
1495 436 1548 488 τὸ
1570 435 1710 488 ἕλατ-
1728 450 1754 491 b

120 538 204 567 τον
230 518 293 570 ὡς
314 516 434 583 πρὸς
459 516 543 568 τὸν
570 517 764 583 Πατέρα
790 519 865 568 καὶ
892 517 1031 578 Θεὸν,
1059 518 1172 574 Θεὸς
1205 517 1270 569 ὧν
1297 525 1314 571 ὁ
1343 520 1521 585 Λὸγοςς
1562 520 1711 570 καίτοι

79 616 101 655 5
123 599 198 648 καὶ
231 598 480 664 ἄνθρωπος
515 599 768 666 ἀνθρώπου
803 598 1072 668 χρηματίζει
1106 623 1156 651 τε
1190 602 1266 651 καὶ
1302 600 1433 651 ἔστιν
1460 600 1570 664 υἱὸς,
1597 602 1708 652 ἀλλ’

121 680 205 730 οὐκ
231 678 442 733 ἐλάττων
466 681 602 732 ἔσται
635 687 718 732 τοῦ
750 680 931 748 πατρὸς
965 680 1086 732 κατά
1119 705 1172 748 γε
1206 682 1261 733 τὸ
1297 680 1410 733 εἶναι
1441 683 1706 750 ἄνθρωπος·

121 760 370 829 ἄνθρωπος
403 762 496 831 γὰρ
528 763 791 830 ἀνθρώπου,
819 764 937 815 καθὸ
963 764 1226 829 ἄνθρωπος,
1254 765 1337 815 οὐκ
1363 764 1421 815 ἂν
1446 764 1513 829 ε’ίη
1546 765 1712 831 μείζων

120 843 150 909 ἢ
192 843 417 909 ἐλάττων,
456 847 567 898 ἀλλ’
608 845 713 898 οὐδὲ
755 846 962 912 ἄγγελος
1006 846 1216 913 ἀγγέλου
1258 846 1418 915 τυχὸν,
1456 847 1575 898 καθὸ
1617 848 1704 914 ἄγ-

120 934 276 993 γελος,
302 926 331 993 ὴ
366 927 523 995 ἕτερόν
548 952 593 980 τι
625 933 721 980 τῶν
747 928 896 980 ὄντων
921 927 1041 995 πρὸς
1074 933 1179 980 πᾶν4
1202 930 1358 980 ὁτιοῦν
1389 929 1607 998 ὁμοφυές,
1636 931 1712 981 καὶ

54 1036 101 1062 10
121 1007 202 1060 τὸν
240 1012 322 1074 τῆς
360 1011 502 1075 αὐτῆς
540 1011 706 1065 οὐσίας
743 1009 892 1077 λόγον
929 1010 1397 1077 ἀποκεκληρωμένον.
1467 1012 1634 1063 οὐκοῦν
1673 1016 1711 1063 εἷ

120 1090 240 1142 κατὰ
277 1091 503 1157 ἀλήθειάν
536 1095 667 1144 ἐστιν
692 1091 820 1156 Υἱὸς,
853 1091 1034 1159 ἀνάγκη
1074 1092 1243 1159 λέγειν,
1275 1095 1337 1147 ὡς
1375 1093 1507 1144 ἔστιν
1540 1095 1591 1144 ἐκ
1627 1097 1750 1158 τῆςο

119 1174 283 1228 οὐσίας
321 1181 404 1226 τοῦ
439 1175 646 1242 Πατρὸς,
672 1175 830 1228 πάντα
862 1175 922 1227 τὰ
956 1175 1129 1240 ἐκείνης
1163 1175 1258 1227 ’ίδια
1292 1176 1449 1245 φέρων
1484 1177 1532 1227 ἐν
1564 1178 1712 1246 ἑαυτῷ

120 1259 352 1324 φυσικῶς·
395 1259 471 1308 καὶ
505 1261 543 1309 εὶ
578 1257 722 1328 φύσει
752 1257 874 1312 Θεὸς
908 1259 932 1309 ὁ
961 1257 1145 1325 Πατὴρ,
1173 1257 1295 1312 Θεὸς
1330 1257 1552 1322 δηλονότι
1592 1257 1713 1309 κατὰ

121 1337 271 1405 φύσιν
296 1341 373 1390 καὶ
398 1341 423 1391 ὁ
450 1339 608 1407 Λόγος
641 1341 665 1391 ὁ
697 1340 754 1410 ἐξ
785 1341 928 1404 αὐτῆς
954 1340 1208 1406 γεννηθείς.
1267 1345 1368 1394 πῶς
1395 1341 1476 1391 οὖν
1501 1339 1713 1393 ἐλάττων

54 1439 99 1478 15
121 1419 257 1472 ἔσται
283 1421 405 1476 Θεὸς
432 1426 573 1486 Θεοῦ,
600 1424 700 1474 κατ’
729 1422 843 1474 αὐτὸ
872 1422 928 1487 δὴ
955 1428 1094 1474 τοῦτο
1119 1421 1174 1473 τὸ
1201 1421 1316 1474 εἶναι
1343 1422 1465 1477 Θεός
1488 1445 1501 1485 3

193 1524 326 1555 ΑΛΛο.
381 1504 541 1557 Πόθεν
598 1507 719 1569 ὑμῖν,
771 1503 808 1556 ὦ
866 1505 1006 1568 οῦτοι,
1059 1504 1263 1572 πάρεστι
1320 1510 1506 1569 τολμᾶν
1554 1504 1609 1556 τὸ
1664 1506 1713 1557 ἐν

119 1584 345 1638 ἐλάττοσι
371 1592 556 1639 κεῖσθαι
582 1587 738 1654 λε’γειν
763 1587 847 1639 τὸν
873 1587 1005 1650 Υὶὸν,
1032 1586 1060 1652 ἢ
1087 1589 1135 1639 ἐν
1161 1586 1227 1642 οἶς
1255 1589 1387 1639 ε’στιν
1414 1589 1439 1638 ὃ
1474 1587 1711 1653 γεννήσας

119 1669 295 1732 αὐτόν,
346 1669 466 1721 κατὰ
500 1670 604 1722 τίνα
639 1668 687 1721 δὲ
722 1669 900 1736 τρόπον
930 1669 984 1721 τὸ
1022 1668 1224 1721 ἐ’λαττον
1256 1669 1512 1738 ε’πιδέξεται
1529 1691 1542 1732 3
1590 1669 1710 1720 κατὰ

117 1750 204 1814 μὲν
248 1753 330 1803 οὖν
373 1752 457 1803 τὸν
502 1754 550 1803 ἐν
594 1757 661 1822 τῷ
706 1751 821 1803 εἶναι
868 1751 1053 1819 χρόνον,
1096 1752 1179 1802 οὐκ
1223 1751 1282 1802 ἄν
1326 1775 1409 1814 τις,
1451 1749 1590 1815 οἶμαι,
1633 1753 1755 1807 καὶᾶ

52 1862 101 1888 20
119 1832 314 1903 σφόδρα
339 1838 501 1901 ληρῶν
528 1834 782 1897 ὑπολάβοι·
836 1834 1116 1901 προαιώνιος
1141 1832 1235 1901 γὰρ
1263 1835 1287 1885 ὁ
1314 1832 1443 1896 Υἱὸς,
1469 1836 1544 1885 καὶ
1571 1833 1710 1888 αὐτός

119 1917 222 1967 ἐστι
248 1921 343 1967 τῶν
369 1916 550 1968 αἰώνων
576 1918 600 1967 ὁ
627 1916 836 1982 ποιητὴς,
857 1919 932 1968 καὶ
963 1916 1034 1967 ὅτι
1060 1917 1143 1967 οὐκ
1170 1914 1229 1967 ἂν
1255 1915 1380 1971 ὅλως
1406 1916 1709 1983 περίορίζοιτο

118 1997 289 2069 χρόνῳ,
322 1999 377 2051 τὸ
415 1999 587 2068 χρόνου
625 1999 803 2054 παντὸς
840 1998 1173 2066 πρεσβυτέραν
1207 1999 1317 2067 ἕχον
1351 1998 1436 2064 τὴν
1473 1996 1709 2065 γέννησιν,

117 2082 301 2147 νοηθείη
352 2081 558 2137 εἰκότως.
639 2083 749 2133 ἀλλ’
795 2080 898 2133 οὐδὲ
941 2083 990 2133 ἐν
1033 2086 1176 2153 ποσῷ
1225 2085 1292 2151 τῷ
1342 2080 1461 2133 κατὰ
1511 2081 1710 2147 μέγεθος

117 2163 328 2216 ἐλάττων
359 2166 518 2215 αὐτοῦ·
566 2164 796 2230 ἀμεγέθης
828 2163 936 2232 γὰρ,
968 2163 1152 2218 ἄποσός
1190 2187 1240 2215 τε
1280 2166 1355 2215 καὶ
1391 2163 1646 2227 ἀσώματος
1680 2163 1708 2226 ἡ

51 2264 99 2303 25
119 2247 220 2299 θεία
255 2251 423 2298 νοεῖται
461 2248 537 2298 καὶ
571 2246 675 2297 ἔστι
710 2246 874 2314 φύσις.
936 2250 1038 2300 πῶς
1073 2246 1154 2297 οὖν
1186 2246 1279 2312 ἄρα
1313 2244 1367 2296 τὸ
1403 2244 1603 2296 ἔλαττον
1634 2246 1709 2296 ἐπὶ

116 2335 200 2381 τοῦ
226 2330 527 2396 γεννηθέντος
553 2329 881 2396 δειχθήσεται;
921 2330 969 2380 ἐν
994 2328 1112 2398 δόξῃ
1139 2328 1324 2391 λοιπὸν,
1341 2329 1435 2395 ἐρεῖ
1456 2351 1525 2381 τις
1550 2327 1708 2395 τυχὸν,

117 2413 166 2463 ἐν
207 2410 410 2477 δυνάμει,
450 2413 499 2462 ἐν
540 2411 710 2481 σοφίᾳ.
772 2410 1051 2477 λεγέτωσαν
1089 2411 1257 2474 τοίνυν,
1295 2410 1447 2464 πόσος
1491 2411 1622 2460 ἐστὶν
1659 2411 1747 2461 ε’νο

117 2494 300 2549 τούτοις
334 2496 410 2545 καὶ
443 2494 643 2558 πηλίκος
679 2494 704 2544 ὀ
738 2492 922 2559 Πατὴρ,
954 2493 997 2544 εἴ
1030 2516 1085 2559 γε
1123 2492 1215 2561 χρὴ
1254 2494 1329 2543 καὶ
1368 2498 1505 2542 τοῦτο
1543 2495 1703 2543 εἰπεῖν·

117 2577 192 2628 ἵνα
217 2579 378 2642 νοῆται
405 2574 575 2628 λοιπὸν
601 2575 814 2627 ἐλάττων
841 2576 866 2626 ὀ
886 2573 1014 2639 Υἱὸς,
1036 2577 1098 2629 ὡς
1123 2575 1241 2642 πρὸς
1267 2576 1439 2625 ἐκεῖνον
1464 2573 1708 2641 ἐκμετρού-

165 2795 199 2830 3.
217 2783 305 2820 ὅλως
322 2794 392 2818 om.
413 2783 456 2818 Β,
558 2795 591 2825 4.
611 2783 664 2817 καὶ
681 2785 906 2828 assumptum
924 2794 965 2817 ex
986 2782 1027 2816 B.
1095 2782 1181 2816 Θεὸν
1198 2782 1216 2814 ὁ
1235 2781 1320 2816 Θεὸς
1338 2782 1446 2824 Λόγος
1467 2779 1509 2814 Β.
1614 2791 1667 2822 14.
1687 2782 1705 2814 ὁ

119 2831 156 2876 ἐξ
173 2830 290 2875 αὐτῆς]
310 2831 354 2866 ὡς
371 2830 409 2873 ἐξ
427 2830 530 2864 αὐτοῦ
547 2830 590 2865 Ε.
875 2839 928 2875 15.
955 2828 1023 2863 κατ’
1041 2829 1122 2863 αὐτὸ
1143 2828 1222 2863 B.D
1241 2833 1280 2862 ut
1297 2827 1366 2861 vid.
1385 2827 1427 2862 E.
1446 2827 1499 2861 καὶ
1517 2826 1618 2861 ταύτὸ
1638 2827 1705 2862 Ed.

123 2878 176 2912 16.
202 2875 366 2923 πάρεστι]
390 2881 427 2917 -1-
448 2877 486 2910 τὸ
505 2876 547 2910 Β.
566 2891 621 2922 γρ.
640 2876 794 2921 παρέστη
817 2877 848 2911 D
868 2889 941 2921 mg.
1175 2885 1230 2915 21,
1250 2885 1306 2909 22.
1331 2876 1349 2908 ὁ
1367 2880 1401 2909 et
1417 2873 1469 2908 ὅτι
1487 2879 1520 2908 et
1537 2876 1649 2920 χρόνῳ
1667 2875 1706 2908 τὸ

119 2936 189 2958 om.
210 2924 252 2959 B.
424 2934 480 2967 23.
507 2924 638 2967 νοηθείη
656 2923 684 2957 δ’
703 2923 743 2957 ἂν
762 2924 804 2958 Β.
973 2931 1027 2967 25.
1054 2920 1124 2966 ἐπὶ]
1146 2921 1210 2955 ὑπὸ
1230 2921 1272 2955 Β.
1441 2931 1496 2965 29.
1521 2922 1644 2956 νοεῖται
1664 2921 1705 2956 Ε.

120 2971 244 3006 ἐκεῖνον
261 2970 320 3005 dat
340 2969 458 3016 Heyse
475 2982 516 3004 ex
537 2970 578 3004 B.
597 2970 657 3016 qui
674 2970 807 3005 ἐκείνων
825 2969 956 3005 scribit.
975 2969 1081 3003 ἐκεῖνο
1101 2967 1165 3002 Ed.

1770 1934 1857 1967 Hel),
1869 1935 1889 1967 i.
1902 1945 1931 1967 2.
