2084 3317
109 148 164 189 vi.
183 149 250 205 63.
326 149 400 190 IN
441 148 484 190 S.
517 146 853 189 JOANNEM.
915 144 1041 186 LIB.
1074 144 1153 186 IV.
1216 144 1349 186 CAP.
1383 145 1471 186 ΙΙΙ.
1609 144 1690 184 551

108 255 299 311 κῶσεως
325 258 401 307 καὶ
424 255 543 319 μετὰ
565 255 652 320 τὴν
671 254 933 323 σάρκωσιν,
956 256 1032 305 καὶ
1053 254 1136 305 οὐκ
1156 251 1414 320 ἀλλότριον
1434 257 1517 303 τοῦ
1536 249 1698 316 Λόγου

107 336 162 388 τὸ
188 337 305 388 ἰ’διον
329 337 472 388 αὐτοῦ
497 336 786 403 λογιούμεθα
819 340 976 400 σῶμα·
1018 333 1095 386 διὰ
1125 333 1220 401 γάρ
1250 357 1323 385 τοι
1349 339 1489 385 τοῦτο
1515 333 1591 383 καὶ
1618 332 1699 382 υΐον

107 416 325 486 ἀνθρώπου
344 419 469 486 φησὶ
488 418 571 469 τὸν
589 418 767 469 ἄνωθεν
787 417 843 487 ἐξ
859 418 1059 484 οὐρανοῦ
1081 415 1505 484 καταφοιτήσαντα
1522 413 1697 477 Λόγον

108 497 242 567 σὰρξ
263 497 357 565 γὰρ
382 499 577 565 ἐγένετο,
598 498 718 550 κατὰ
743 498 827 550 τὸν
852 497 1082 565 μακάριον
1108 495 1492 563 Εὐαγγελιστὴν,
1514 497 1590 546 καὶ
1617 494 1701 544 οὐκ
1762 495 1869 578 {pra
1884 495 1905 526 ³·

66 598 89 637 5
109 581 173 633 εἷς
201 579 361 646 σάρκα
391 579 737 648 μεταχωρήσας
773 581 823 631 ἐκ
858 581 1182 646 παρατροπῆς·
1232 578 1462 644 ἄτρεπτος
1494 575 1588 642 γὰρ
1625 578 1701 626 καὶ

108 662 432 716 ἀναλλοίωτος
469 661 589 713 κατὰ
628 662 779 730 φύσιν
814 663 960 724 ἐστὶν,
993 663 1056 714 ὡς
1095 658 1232 714 Θεός·
1279 661 1390 711 ἀλλ’
1421 661 1483 713 ὡς
1520 660 1568 709 ἐν
1600 658 1700 726 ἰδίῳ

109 742 396 808 κατοικήσας
434 747 545 813 ναῷ,
579 746 646 813 τῷ
683 745 733 794 ἐκ
773 741 1008 809 παρθένου
1047 743 1185 810 φημὶ,
1221 743 1297 792 καὶ
1336 742 1584 806 ἄνθρωπος
1622 761 1740 804 γε-ει
1769 753 1852 788 376
1870 752 1921 788 Α.

109 825 261 890 γονὼς
296 824 416 876 κατὰ
451 824 600 891 λόγον
633 823 874 888 ἀληθινόν.
936 821 1271 887 ἀναβήσεσθαι
1307 822 1356 874 δὲ
1393 823 1563 887 λέγων,
1591 820 1702 871 ἔνθα

112 909 193 958 καὶ
233 908 424 977 πρότερον
467 903 522 968 ἧν,
564 906 735 956 δίδωσί
770 928 871 958 πως
913 905 1085 955 ἐννοεῖν
1125 909 1223 958 τοῖς
1264 903 1588 970 ἀκροωμένοις,
1630 902 1702 952 ὅτι

41 1011 91 1037 10
110 990 433 1053 καταβέβηκεν
458 989 515 1058 ἐξ
546 989 763 1056 οὐρανοῦ·
805 986 864 1052 ἧν
890 987 985 1054 γὰρ
1019 988 1166 1041 οὕτως
1203 986 1322 1041 εἰκὸς
1357 986 1583 1040 συνέντας·
1617 991 1701 1035 τοῦ

108 1070 259 1137 λόγου
282 1070 368 1135 τὴν
394 1070 603 1134 δύναμιν,
630 1070 718 1137 οὐχ
752 1071 814 1124 ὡς
847 1069 1082 1138 ἀνθρώπῳ
1113 1069 1368 1136 προσέχειν
1393 1067 1558 1132 μόνον,
1588 1068 1697 1117 ἀλλ’

109 1153 273 1203 εἰδέναι
309 1151 481 1204 λοιπὸν
516 1152 592 1203 καὶ
629 1150 713 1203 τὸν
750 1153 799 1202 ἐν
837 1152 981 1217 σαρκὶ
1019 1149 1145 1201 Θεὸν
1173 1148 1347 1217 Λόγον,
1379 1150 1617 1201 πιστεύειν
1652 1171 1702 1200 τε

110 1233 182 1286 ὅτι
208 1236 284 1285 καὶ
311 1232 536 1300 ζωοποιὸν
562 1232 697 1285 ἔσται
723 1231 778 1284 τὸ
805 1237 949 1297 σῶμα
975 1233 1131 1284 αὐτοῦ.

170 1393 231 1436 Τὸ
268 1393 435 1443 Πνεῦμά
473 1393 562 1436 ἐστι
598 1392 647 1436 τὸ
685 1395 937 1450 ζωοποιοῦν,
977 1392 1000 1433 ἡ
1038 1391 1143 1449 σὰρξ
1182 1391 1258 1432 οὐκ
1295 1389 1461 1448 ὠφελεῖ
1498 1390 1637 1433 οὐδὲν.
1720 1393 1770 1441 63

43 1515 89 1553 15
185 1501 262 1551 Οὐ
297 1498 504 1568 σφόδρα,
538 1501 704 1569 φησὶν,
735 1498 972 1553 ἀσυνέτως
1006 1498 1060 1550 τὸ
1094 1498 1160 1563 μὴ
1197 1498 1428 1549 δύνασθαι
1466 1498 1703 1565 ζωοποιεῖν

110 1583 450 1648 περιτεθείκατε
488 1585 547 1650 τῇ
586 1582 745 1647 σαρκί·
808 1580 922 1632 ὅταν
960 1579 1054 1647 γὰρ
1100 1579 1221 1644 μόνη
1267 1583 1427 1643 νοῆται
1473 1582 1549 1630 καὶ
1595 1581 1702 1631 καθ’

111 1661 279 1727 ἑαυτὴν
308 1664 336 1727 ἡ
371 1666 454 1728 τῆς
491 1662 670 1730 σαρκὸς
704 1662 852 1731 φύσις
886 1685 1001 1724 πως,
1034 1663 1118 1712 οὐκ
1156 1661 1292 1712 ἔσται
1331 1660 1552 1725 δηλονότι
1590 1661 1705 1728 ζωο-

110 1744 260 1798 ποιός·
304 1746 589 1811 ζωογονήσει
614 1742 699 1808 μὲν
724 1742 818 1810 γάρ
852 1766 897 1794 τι
933 1747 1028 1794 τῶν
1055 1742 1205 1794 ὅντων
1231 1744 1459 1805 οὐδαμῶς,
1488 1745 1630 1793 δεῖται
1657 1742 1707 1793 δὲ

111 1830 303 1890 μᾶλλον
328 1825 445 1891 αὐτὴ
470 1831 553 1877 τοῦ
580 1825 824 1892 ζωογονεῖν
852 1823 1117 1892 ἰσχύοντος.
1172 1823 1290 1875 ἐπὰν
1317 1823 1366 1874 δὲ
1402 1822 1456 1875 τὸ
1491 1825 1596 1890 περὶ
1623 1827 1707 1888 τῆς

42 1927 93 1951 20
111 1906 510 1973 ἐνανθρωπήσεως
565 1908 1024 1973 πολυπραγμονῆται
1079 1904 1356 1971 μυστήριον,
1410 1903 1509 1956 εἶτα
1558 1905 1628 1959 τίς
1680 1906 1706 1956 ὁ

110 1989 299 2039 ε’νοικῶν
338 1991 450 2056 τῇδε
494 1991 554 2056 τῇ
597 1989 742 2054 σαρκὶ
785 1986 1066 2051 μανθάνητε,
1109 1986 1451 2051 διατεθήσεσθε
1493 1985 1703 2050 πάντως,

111 2071 277 2137 φησὶν,
314 2073 351 2120 εἰ
388 2068 453 2134 μὴ
493 2071 568 2120 καὶ
606 2070 749 2120 αὐτοῦ
788 2074 1088 2135 κατηγορεῖτε
1124 2075 1208 2120 τοῦ
1247 2069 1371 2120 θείου
1412 2067 1747 2132 Πνεύματος,ο

112 2150 183 2202 ὅτι
228 2150 420 2202 δύναται
458 2151 710 2217 ζωοποιεῖν,
750 2150 838 2202 κᾶν
875 2151 1022 2216 μηδὲν
1057 2150 1182 2205 ὅλως
1220 2177 1242 2211 η
1287 2150 1400 2220 ιτέιρξ
1445 2150 1501 2219 ἐξ
1541 2152 1706 2214 ἑαυτῆς

113 2234 290 2301 ὠφελῇ.
357 2232 514 2296 ἐπειδὴ
551 2231 644 2299 γὰρ
677 2232 851 2297 ἥνωται
886 2236 953 2301 τῷ
990 2230 1292 2297 ζωοποιοῦντι
1325 2231 1485 2300 Λόγῳ,
1511 2230 1707 2297 γέγονεν

42 2328 93 2367 25
114 2313 204 2378 ὅλη
232 2313 454 2380 ζωοποιὸς
482 2313 601 2380 πρὸς
632 2312 718 2378 τὴν
743 2319 827 2365 τοῦ
850 2313 1095 2375 βελτίονος
1121 2315 1463 2380 ἀναδραμοῦσα
1488 2312 1701 2376 δύναμιν,

113 2395 197 2445 οὐκ
235 2394 350 2459 αὐτὴ
389 2393 508 2461 πρὸς
545 2392 632 2458 τὴν
667 2395 787 2446 ἰδίαν
820 2395 1090 2460 βιασαμένη
1131 2394 1294 2464 φύσιν,
1327 2394 1410 2446 τὸν
1445 2393 1705 2457 οὐδαμόθεν

112 2475 394 2539 ἡττώμενον.
436 2474 524 2526 κᾶν
549 2477 729 2544 ἀσθενῇ
755 2481 1007 2543 τοιγαροῦν
1030 2476 1058 2540 ἡ
1085 2478 1169 2540 τῆς
1194 2474 1372 2543 σαρκὸς
1399 2475 1560 2540 φύσις,
1587 2474 1705 2525 ὅσον

112 2557 223 2621 ἧκεν
257 2560 319 2610 εἰς
357 2556 538 2620 ἑαυτὴν,
573 2560 636 2611 εἷς
673 2558 728 2609 τὸ
767 2558 999 2610 δύνασθαι
1038 2557 1288 2624 ζωοποιεῖν,
1319 2555 1430 2607 ἀλλ’
1468 2557 1550 2607 οὖν
1580 2557 1705 2623 ἐνερ-

111 2636 253 2705 γήσει
279 2642 419 2690 τοῦτο
442 2636 526 2689 τὸν
549 2636 775 2703 ζωοποιὸν
801 2639 980 2707 ε”χουσα
1005 2639 1181 2704 Λόγον,
1204 2640 1280 2688 καὶ
1306 2636 1426 2702 ὅλην
1451 2637 1593 2687 αὐτοῦ
1617 2636 1704 2701 τὴν

160 2788 194 2822 8.
221 2787 258 2822 δέ
276 2798 346 2822 om.
366 2787 409 2822 Β.
571 2798 624 2832 13.
649 2788 748 2823 ἕσται
767 2788 810 2823 Β.
830 2788 904 2823 ἐστι
923 2788 992 2823 Ed.
1154 2786 1208 2821 16.
1233 2787 1287 2821 καὶ
1305 2792 1530 2833 assumptum
1547 2798 1590 2821 ex
1609 2786 1704 2821 RD.

118 2843 173 2880 17.
199 2835 362 2877 ζωοποιός
379 2840 413 2868 et
428 2834 494 2879 γάρ
512 2846 582 2868 om.
602 2834 644 2868 B.
811 2846 864 2880 19.
889 2836 968 2880 περὶ
986 2839 1211 2879 assumptum
1229 2845 1271 2867 ex
1290 2833 1333 2867 B.
1495 2844 1551 2868 21.
1576 2833 1704 2877 μανθά-

114 2896 205 2915 νεται
224 2881 266 2915 Β.
422 2891 477 2923 25.
504 2880 589 2925 ζωὴν
606 2892 669 2926 pro
687 2880 826 2924 δύναμιν
844 2882 886 2916 Β,
1045 2889 1101 2927 27.
1127 2880 1274 2924 ἀσθενὴς
1292 2880 1384 2914 Catt.
1543 2890 1599 2925 29.
1625 2878 1700 2925 τὸν]

115 2929 154 2961 τὸ
173 2927 216 2962 Β.
233 2927 352 2963 invitis
371 2926 463 2961 Catt.
