2084 3317
338 141 423 181 446
742 142 790 183 B.
824 142 1099 183 CYRILLI
1141 140 1522 182 ALEXANDR.
1780 137 1834 178 vi.
1855 143 1921 186 27.

339 250 443 302 ε”στι
469 253 632 315 δῆλον,
652 249 739 302 κᾶν
765 255 801 302 εἰ
827 251 893 316 μή
918 274 987 305 τις
1015 252 1198 302 ἐκείνων
1224 249 1539 301 συννεύσειεν.
1581 247 1715 298 ἕσται
1739 243 1795 309 δὴ
1823 245 1921 304 οὖν,

337 331 459 383 κατά
495 355 549 399 γε
587 331 670 385 τὸν
706 334 755 383 ἐν
792 338 889 387 τοῖς
927 332 1239 400 ἐνδεχομένως
1277 329 1442 398 λόγον,
1476 328 1653 397 γυμνός
1689 350 1803 380 ποτε
1842 329 1924 390 τῆς

337 413 608 478 ὁμοιώσεως
647 416 672 466 ὃ
703 414 833 469 Υἱός·
880 413 1028 479 μόνην
1060 413 1155 480 γὰρ
1193 412 1255 468 ὥς
1293 418 1416 481 φατε
1454 413 1554 464 κατ’
1582 412 1813 477 ἐνέργειαν
1839 407 1925 472 τὴν

338 497 400 549 ὡς
426 498 476 547 ἐκ
504 495 696 563 Πατρὸς
722 494 841 562 πρὸς
868 494 1009 546 αὑτὸν
1035 494 1295 560 ἐσημάνθη,
1321 495 1376 546 τὸ
1402 496 1452 545 ἐκ
1483 497 1700 564 φυσικῶν
1725 499 1922 543 πλεονε-

292 577 588 643 ᾱκτημάτων
634 579 718 629 οὐκ
769 577 890 645 ἔχων
934 575 1170 646 ἀσφαλὲς,
1214 577 1325 627 ἀλλ’
1373 575 1524 643 ἕτερός
1566 598 1635 629 τις
1678 577 1926 627 παντελῶς
1945 587 1968 625 5

338 660 585 723 νοούμενος
637 661 713 711 καὶ
764 658 991 727 ὑπάρχων
1032 657 1164 725 παρὰ
1206 658 1290 709 τὸν
1335 658 1645 724 γεννήσαντα,
1690 659 1764 707 καὶ
1809 655 1924 706 ὁλο-

336 746 522 808 σχερῶς
560 742 939 805 ἀποκεκομμένος
977 743 1061 805 τῆς
1099 741 1264 794 οὐσίας
1301 741 1459 791 αὐτοῦ.
1529 743 1686 792 καλῶς
1729 736 1822 804 γὰρ
1867 734 1925 800 δὴ

336 823 531 891 σφόδρα
568 829 828 886 ποιοῦντες,
871 825 947 874 καὶ
985 822 1287 891 σοφωτάτοις
1324 821 1384 873 τὰ
1423 819 1682 888 πράγματα
1719 842 1927 886 προανα-

336 905 597 965 βλέποντες
637 911 903 972 λογισμοῖς,
942 905 1294 974 ἠσφαλίσασθε
1331 903 1415 955 τὸν
1448 904 1654 970 Πατέρα,
1693 900 1837 966 μηδὲν
1874 901 1931 971 ἐξ

337 991 501 1040 ἑαυτοῦ
528 989 747 1056 λε’γοντες
773 991 1008 1040 ἐπιδοῦναι
1035 992 1101 1057 τῷ
1127 991 1242 1057 Υὶῲ,
1268 986 1399 1052 πλὴν
1425 985 1692 1050 ὁμοιώσεως
1723 983 1928 1053 ἀξιῶσαι
1951 1005 1998 1031 10

337 1071 496 1135 μόνης,
523 1072 599 1122 ἵνα
625 1070 688 1136 μή
715 1095 760 1122 τι
786 1070 936 1124 πάθος
965 1073 1124 1134 νοῆται
1150 1071 1256 1136 περὶ
1284 1067 1440 1120 αὐτόν.
1494 1074 1634 1119 τοῦτο
1669 1066 1762 1134 γὰρ
1799 1068 1928 1130 ὑμῶν

299 1151 393 1204 θτὸ
432 1152 700 1221 ἀπόρῥητον
738 1154 908 1218 εὔηθες.
976 1151 1245 1218 ἠγνοήσατε
1288 1151 1381 1217 γὰρ
1427 1149 1546 1201 κατὰ
1585 1149 1640 1201 τὸ
1682 1149 1815 1207 εἰκὸς,
1857 1148 1929 1199 ὅτι

337 1235 496 1286 πάντα
545 1240 693 1288 ποιῶν
744 1237 939 1289 ἀπαθῶς
988 1236 1013 1285 ὃ
1059 1233 1181 1289 Θεὸς
1232 1236 1308 1285 καὶ
1354 1233 1538 1300 Πατὴρ,
1583 1232 1801 1298 γεννήσει
1853 1233 1929 1282 καὶ

338 1318 548 1381 ἀπαθῶς,
587 1320 662 1368 καὶ
700 1317 847 1384 πυρός
886 1319 990 1368 ἐστι
1029 1316 1267 1383 κρείττων·
1329 1316 1581 1384 καταφερει
1618 1314 1713 1381 γὰρ
1752 1315 1826 1365 καὶ
1866 1317 1930 1368 εἰς

338 1400 513 1464 ταύτην
538 1400 658 1464 ἡμᾶς
685 1401 710 1451 ὁ
736 1398 881 1466 λόγος
911 1398 998 1464 τὴν
1022 1399 1198 1467 χρείαν·
1240 1399 1323 1449 οὐκ
1355 1401 1403 1449 ἐν
1427 1397 1566 1449 πάθει
1600 1399 1675 1448 καὶ
1709 1398 1928 1465 ἀποκοπῇ
1954 1419 1999 1457 15

338 1485 397 1549 τῇ
431 1480 552 1533 κατὰ
586 1486 730 1546 σῶμα
765 1481 990 1550 νοουμένῃ
1025 1485 1284 1547 γεννῶντος
1318 1480 1404 1545 τὴν
1429 1480 1487 1549 ἐξ
1516 1481 1658 1531 αὐτοῦ
1690 1479 1924 1545 πύρωσιν.

339 1563 640 1615 ἀκουέτωσαν
673 1565 828 1616 τοίνυν
862 1567 904 1616 οἱ
936 1563 1055 1631 πρὸς
1088 1562 1237 1628 μόνας
1273 1564 1490 1617 ὑπονοίας
1525 1563 1737 1624 νεανικοὶ,
1763 1563 1838 1612 καὶ
1874 1559 1929 1612 τὸ

339 1649 609 1715 δυσφημεῖν
647 1645 936 1716 ἀφυλάκτως
978 1649 1139 1714 χρῆμα
1176 1644 1261 1710 μὲν
1301 1646 1383 1696 οὐκ
1428 1643 1637 1708 ἀνόσιον,
1676 1642 1931 1711 ἀρετὴνδὲ

337 1733 530 1793 μᾶλλον
562 1727 678 1780 εἶναι
713 1727 1022 1796 λογιζόμενοι,
1050 1728 1121 1779 ὅτι
1153 1750 1243 1794 περ
1275 1731 1311 1779 εἰ
1342 1729 1390 1778 ἐν
1415 1726 1536 1796 μόνῃ
1568 1731 1627 1795 τῇ
1663 1728 1770 1778 καθ’
1804 1726 1933 1790 ὁμοί-

339 1833 459 1861 ωσιν
498 1810 740 1876 οἰκειότητι
779 1811 1099 1879 συντετάχθαι
1137 1813 1261 1879 φασὶ
1299 1815 1366 1879 τῷ
1404 1811 1561 1875 Πατρῖ
1599 1809 1682 1861 τὸν
1716 1807 1848 1871 Υὶὸν,
1884 1810 1932 1860 ἐν
1953 1832 2002 1858 20

114 1913 204 1950 304
217 1913 271 1948 A.
300 1894 531 1962 αοὺδεμιᾷ
565 1898 660 1945 τῶν
696 1896 889 1960 ἀγαθῶν
926 1893 1174 1961 ἀσφαλείᾳ
1208 1893 1427 1955 κείσεται,
1463 1890 1846 1943 ἀποκινδυνεύσει
1885 1889 1934 1942 δὲ

339 1974 529 2029 πάντως
555 1977 632 2026 καὶ
657 1979 720 2029 εἷς
745 1973 800 2026 τὸ
826 1973 940 2026 εἶναι
966 1976 1109 2043 φύσει
1137 1973 1271 2038 Θεὸς,
1297 1974 1554 2042 ἐπιδέξεται
1581 1973 1630 2024 δὲ
1654 1972 1773 2024 κατά
1799 1995 1851 2038 γε
1878 1972 1933 2024 τὸ

340 2056 642 2125 ἐνδεχόμενον
668 2058 744 2108 καὶ
776 2055 862 2121 τὴν
887 2060 949 2110 εἰς
984 2054 1043 2107 τὰ
1077 2057 1217 2124 χείρω
1251 2054 1580 2122 παρατροπήν.
1637 2057 1712 2105 καὶ
1749 2054 1842 2121 γὰρ
1875 2053 1932 2119 δὴ

341 2140 417 2190 καὶ
444 2137 562 2206 πρὸς
590 2140 760 2190 ἐκεῖνον
786 2139 973 2205 ἐλέγετο
999 2137 1082 2190 τὸν
1108 2138 1296 2205 Τυρίων
1323 2138 1596 2203 ἡγούμενον,
1623 2136 1654 2188 ἃ
1686 2139 1762 2188 καὶ
1789 2137 1934 2203 λόγος

343 2221 464 2285 ἡμᾶς
506 2221 771 2287 ἀναγκαίως
816 2221 1054 2272 ἀναπείθει
1105 2219 1402 2287 προσάπτειν
1443 2225 1510 2289 τῷ
1556 2225 1640 2271 τοῦ
1684 2219 1933 2280 Διαβόλου
1954 2240 2002 2279 25

118 2311 222 2385 ἓξὲξ
343 2302 591 2373 προσώπῳ
629 2303 745 2354 “2¹3
784 2301 825 2354 Εἴ
859 2300 1249 2371 ἀποσφράγισμα
1290 2302 1604 2366 ὁμοιώσεως·”
1655 2302 1766 2352 ἀλλ’
1807 2301 1928 2368 εὑρί-

125 2408 173 2429 ¹²'
345 2409 511 2437 σΚεΤαι
557 2388 641 2450 Τῆς
684 2385 955 2450 ὁμοιώσεως
998 2384 1270 2447 ἀποπεσὼν,
1317 2386 1341 2435 ὁ
1392 2384 1512 2452 πρὸς
1559 2383 1613 2436 ὃν
1658 2385 1683 2435 ὁ
1727 2389 1935 2438 τοιοῦτος

345 2468 523 2535 εἴρηται
549 2466 710 2533 λόγος.
768 2468 879 2536 ὁρᾷς
905 2468 987 2518 οὖν
1012 2466 1116 2531 ἤδη,
1142 2468 1217 2518 καὶ
1243 2466 1376 2530 μάλα
1403 2470 1590 2535 σαφῶς,
1619 2465 1712 2518 ἀπὸ
1747 2463 1803 2529 δὴ
1839 2469 1935 2516 τῶν

298 2555 325 2596 b
344 2550 582 2613 τοιούτων,
617 2552 680 2604 ὡς
713 2549 796 2600 οὐκ
832 2548 1054 2618 ἀσφαλὲς
1089 2552 1151 2602 εἰς
1187 2547 1450 2614 ἀκλόνητον
1480 2549 1659 2600 στάσιν
1689 2553 1786 2602 τοῖς
1820 2571 1930 2613 νοη-

343 2637 439 2687 τοῖς
474 2631 529 2683 τὸ
568 2633 615 2683 ἐν
642 2630 881 2696 ὁμοιότητι
915 2634 1100 2682 κεῖσθαι
1134 2628 1254 2699 μόνῃ
1288 2634 1346 2699 τῇ
1381 2630 1500 2698 πρὸς
1528 2630 1665 2694 Θεὸν,
1692 2630 1803 2681 ἀλλ’
1832 2629 1934 2682 οὐδὲ
1954 2651 2004 2689 30

393 2775 425 2799 2.
451 2764 647 2810 δεχομένοις
666 2764 709 2799 Β.
827 2776 861 2809 9.
887 2761 1156 2809 ὴσφαλίσασθε]
1176 2761 1399 2808 ἦσφραγίσθε
1420 2763 1462 2798 B.
1578 2775 1630 2798 11.
1657 2762 1741 2809 γὰρ]
1766 2766 1802 2803 -1-
1824 2776 1872 2796 τω
1891 2761 1936 2798 Β.

349 2838 401 2873 13.
429 2827 566 2863 ἀπαθῶς
583 2833 662 2872 post
680 2827 797 2872 Πατὴρ
816 2833 859 2861 tr.
874 2827 922 2880 'B.
1094 2839 1145 2870 14.
1172 2826 1309 2863 ἀπαθῶς
1327 2839 1397 2862 om.
1419 2827 1461 2862 B.
1628 2827 1681 2861 16.
1709 2826 1747 2870 ἐξ
1764 2819 1868 2860 fxv-rof)
1887 2825 1935 2861 D.

347 2917 402 2951 23.
428 2906 665 2954 παρατροπὴν]
684 2883 907 2952 παραδῖόῖϊν
926 2908 967 2942 Β.
1159 2918 1214 2950 24.
1240 2906 1315 2952 τὸν]
1341 2912 1376 2947 4-
1399 2910 1464 2942 τῶν
1483 2906 1550 2942 Ed.
1569 2906 1679 2941 invito
1699 2906 1741 2940 Β.
1811 2905 1932 2952 λόγος]

351 2957 387 2991 -i-
410 2955 427 2987 ὁ
446 2955 552 2998 λόγος
572 2954 614 2988 Β.
759 2964 815 3000 25.
841 2954 1026 3000 ἀναγκαίως
1047 2954 1088 2989 Β.
1107 2954 1285 2999 ἀναγκαῖος
1305 2954 1371 2989 Ed.
