2084 3317
325 172 408 210 231⁴
725 171 772 210 B.
808 172 1083 212 CYRILLI
1127 173 1501 213 ALEXANDR.
1679 172 1735 212 iii.
1758 172 1823 220 26,
1846 182 1909 222 27.

325 302 422 333 τοις
448 282 488 329 οἱ
516 279 634 345 πρὸς
661 279 806 343 μόνον
831 279 885 331 τὸ
913 283 1311 345 διαλοιδορεΐσθαι
1338 284 1518 348 γοργοῖ,
1547 283 1622 332 καὶ
1657 285 1719 334 εἷς
1750 284 1915 331 πᾶσαν

325 359 616 424 ἑτοιμότατοι
652 361 951 427 κακουργίαν·
1005 364 1080 412 καὶ
1119 361 1176 426 δὴ
1215 363 1296 413 τὸν
1328 369 1493 414 οἰκεῖον
1528 362 1917 429 παρατρέψαντες

325 441 474 507 λόγον
508 444 753 493 ἐπαινοῦσι
791 442 845 492 τὸ
883 443 1138 506 βάπτισμα
1177 443 1231 495 τὸ
1271 444 1347 495 διὰ
1381 449 1611 510 Χριστοῦ,
1644 444 1918 506 διακείμενοι

324 521 411 586 μὲν
438 525 520 573 οὐκ
553 524 718 589 ὀρθῶς,
745 523 849 573 οὐδὲ
876 525 1068 587 ἀληθεῖς
1095 524 1310 578 ἐπαίνους
1341 532 1423 576 τοῦ
1457 525 1735 592 πράγματος
1772 547 1914 575 κατα·

281 603 522 671 (Ιχέοντες,
563 609 624 657 εἷς
669 604 716 655 δὲ
757 604 902 668 μόνον
940 603 994 655 τὸ
1035 609 1252 669 λυπῆσαι
1296 607 1674 675 παρωξυμμένοι,
1714 609 1789 658 καὶ
1833 605 1917 668 τὴν

323 684 453 750 παρὰ
480 686 673 750 γνώμην
700 685 1008 752 δανειζόμενοι
1033 686 1275 753 πρόθεσιν,
1304 688 1387 741 ἕως
1413 687 1471 738 ἂν
1495 690 1651 742 αὐτοῖς
1686 692 1748 742 εἰς
1780 688 1918 752 ἔργον

323 767 518 833 ἐκτρέχῃ
558 766 612 817 τὸ
651 767 962 830 σπούδασμα.
1016 768 1215 834 λογικὴν
1253 768 1338 832 μὲν
1378 770 1459 820 οὖν
1498 771 1716 834 οὐδεμίαν
1755 770 1918 836 ἔχουσι

323 852 561 899 ποιεῖσθαι
599 847 686 913 τὴν
720 848 974 918 ἀπόδειξιν,
1012 852 1122 900 ἀλλ’
1158 850 1261 902 οὐδὲ
1300 853 1348 902 ἐκ
1387 856 1482 902 τῶν
1517 855 1651 918 ἱερῶν
1686 850 1918 912 λαβόντες

324 929 620 996 γραμμάτων
646 937 974 997 συνηγοροῦσι
1002 936 1220 1002 Χριστῷ·
1262 932 1409 984 πόθεν
1433 932 1528 1000 γὰρ
1553 935 1580 998 ἡ
1609 931 1798 996 τοιαύτη
1823 937 1919 985 τοῖς

325 1011 620 1066 ἀπαιδεύτοις
661 1013 889 1075 σύνεσις;
952 1015 1095 1064 ἐκεῖνο
1140 1014 1188 1065 δὲ
1235 1014 1380 1078 μόνον
1418 1019 1480 1069 εἰς
1525 1015 1787 1076 βεβαίωσιν
1825 1018 1919 1064 τῶν

326 1092 505 1143 οἰκείων
548 1093 863 1161 προΐσχονται
908 1096 1086 1161 λόγων,
1132 1095 1186 1147 τὸ
1231 1099 1397 1161 κομιδῆ
1444 1097 1529 1161 μὲν
1570 1095 1683 1147 εἶναι
1727 1100 1919 1163 βραχεῖς

287 1175 508 1244 εάριθμῲ
547 1174 655 1229 τοὺς
689 1175 887 1244 Ἰωάννῃ
926 1177 1327 1244 προστρέχοντας,
1359 1177 1595 1244 ἀγεληδὸν
1630 1177 1678 1229 δὲ
1716 1177 1920 1243 βαδίζειν

325 1257 400 1306 ἐπὶ
440 1256 674 1321 Χριστόν.
737 1255 887 1326 ᾤοντο
925 1257 1019 1324 γὰρ
1058 1257 1175 1312 ἰ’σως
1212 1258 1340 1310 πολὺ
1377 1259 1434 1324 δὴ
1473 1261 1584 1310 λίαν
1613 1260 1920 1328 ἀφραίνοντες

324 1336 409 1400 τὴν
441 1338 514 1387 ἐπὶ
553 1339 620 1406 τῷ
659 1337 892 1389 δύνασθαι
933 1343 1064 1390 νικᾶν
1098 1342 1460 1403 ἀποκομιεῖσθαι
1495 1345 1681 1410 ψῆφον,
1715 1343 1789 1391 καὶ
1824 1344 1921 1393 τοῖς

324 1424 528 1482 νομικοῖς
566 1421 978 1487 περιρῥαντηρίοις,
1019 1423 1081 1474 ὡς
1126 1421 1215 1486 ἤδη
1261 1423 1615 1489 κεκρατηκόσιν,
1652 1422 1916 1475 ἀπαυθαδί-

323 1499 485 1566 ζεσθαι
538 1503 619 1564 τῆς
671 1498 892 1553 Ἰωάννου
943 1501 1111 1570 χειρὸς,
1164 1505 1212 1554 ἐν
1260 1506 1478 1569 ἀμείνοσι
1530 1506 1687 1559 θέντες
1737 1502 1792 1556 τὸ
1844 1503 1920 1554 διὰ

322 1586 541 1648 Χριστοῦ
591 1588 687 1636 τοῖς
729 1590 1020 1650 προσιοῦσιν
1069 1586 1196 1655 αὐτῷ
1247 1586 1601 1653 χορηγούμενον
1644 1585 1915 1650 βάπτισμα.

322 1666 399 1715 καὶ
433 1670 645 1716 λυποῦσι
681 1664 765 1728 μὲν
798 1665 944 1720 ὅντως
980 1667 1103 1730 τοὺς,
1138 1666 1257 1734 πρὸς
1295 1668 1372 1723 οὓς
1407 1669 1465 1734 ἧν
1496 1671 1520 1721 ὁ
1556 1668 1719 1734 λόγος·
1763 1670 1920 1719 ἀπαλ-

324 1746 579 1798 λάττονται
606 1746 655 1797 δὲ
682 1745 822 1811 μόλις
846 1749 920 1799 ἐπὶ
946 1748 1141 1812 τούτοις,
1159 1751 1234 1800 καὶ
1262 1752 1564 1819 ἀναχωροῦσι
1591 1749 1920 1802 τῶνἸωάννου

323 1832 564 1891 μαθητῶν,
592 1829 648 1897 ἐξ
671 1830 1018 1895 ἀπερισκέπτου
1046 1833 1341 1899 λογομαχίας
1366 1833 1494 1884 πολὺ
1519 1832 1738 1899 μειζόνως
1763 1832 1916 1897 ἡττώ-

101 1929 181 1963 158
200 1928 251 1962 Α.
286 1932 468 1973 ἥμενοι.
525 1912 884 1979 καταστέφουσι
920 1912 1014 1978 γὰρ
1049 1917 1144 1966 τοῖς
1179 1913 1236 1982 ἐξ
1269 1912 1475 1980 ἀνάγκης
1506 1915 1709 1969 ἐπαίνοις
1734 1915 1921 1982 καὶούχ

325 1991 506 2046 ἑκόντες
534 1991 617 2043 τὸν
648 1991 840 2059 Κύριον.

319 2176 480 2228 “Ραββὶ,
505 2178 554 2220 ὃς
589 2175 639 2218 ἦν
666 2178 772 2226 μετὰ
810 2182 883 2219 σοῦ
916 2180 1052 2236 Περαν
1079 2185 1152 2222 τοῦ
1175 2182 1412 2239 Ἰορδάνου,
1439 2181 1475 2237 ᾧ
1495 2184 1543 2225 σὺ
1575 2184 1919 2239 μεμαρτύρΗκαε,

394 2257 457 2300 ἴδε
500 2258 624 2301 οὗτος
666 2261 863 2318 βαπτίζει,
909 2263 977 2303 καὶ
1022 2266 1179 2306 Πάντες
1223 2266 1419 2321 ἔρχονται
1462 2266 1568 2323 Πρὸς
1612 2266 1755 2308 αὐτόν.
1814 2265 1920 2307 ἀπε-

395 2342 516 2399 «pion
549 2343 757 2384 ἸωάννΗς
797 2345 865 2385 καὶ
904 2341 1035 2387 εἶπεν.

400 2477 514 2527 Τοῖς
553 2478 647 2524 τῶν
689 2476 967 2541 Φαρισαίων
1006 2477 1170 2543 λόγοις
1211 2479 1582 2547 καταδηχθέντες
1620 2483 1662 2531 οἱ
1699 2483 1919 2545 μαθηταὶ,

327 2556 403 2604 καὶ
449 2558 510 2608 εἰς
561 2555 707 2621 αὐτὴν
752 2556 800 2607 δὲ
851 2563 933 2608 τοῦ
983 2558 1262 2625 πράγματος
1313 2563 1583 2628 ἀφορῶντες
1626 2561 1712 2627 τὴν
1755 2563 1918 2631 φύσιν,

282 2636 644 2704 οψευδομένους
683 2638 768 2702 μὲν
801 2638 1009 2707 ἐλέγχειν
1043 2639 1169 2704 ἦσαν
1206 2643 1292 2709 οὐχ
1331 2641 1421 2693 οἶοί
1455 2667 1519 2707 τε,
1551 2648 1831 2711 διαποροῦσι
1870 2643 1919 2696 δὲ

325 2717 528 2781 εἰκότως,
555 2721 629 2770 καὶ
656 2719 710 2770 τὸ
736 2721 857 2787 με’γα
884 2727 967 2772 τοῦ
995 2725 1214 2789 Σωτῆρος
1246 2725 1378 2788 ἡμῶν
1404 2726 1486 2776 οὐκ
1519 2725 1688 2780 εἰδότες
1718 2727 1917 2795 ἀξίωμα,

374 2883 404 2905 2.
430 2874 722 2920 παραγράψαντες
744 2875 783 2909 Β.
961 2886 1016 2921 13.
1043 2876 1084 2920 δὴ
1102 2884 1325 2922 assumptum
1344 2891 1385 2913 ex
1405 2879 1447 2913 B.
1626 2880 1678 2914 18.
1704 2882 1854 2915 λυποῦσι
1875 2881 1915 2915 Β.

324 2918 490 2961 λυπήσειν
508 2920 575 2955 Ed.
640 2921 920 2958 ἀπαλλάττοντας
941 2922 981 2957 Β.
1107 2934 1162 2958 21.
1189 2925 1448 2970 καταστέφουσι
1469 2926 1509 2961 Β.
1528 2929 1828 2971 καταστεφανοῦσι
1847 2927 1913 2962 Ed.

325 2965 384 2999 οὐκ
402 2966 537 3010 ἔχοντες
556 2967 597 3002 B.
744 2978 798 3013 27.
826 2969 1022 3015 ἀφορῶντες
1040 2971 1174 3006 correxi
1192 2978 1271 3016 post
1292 2972 1427 3018 Migne.
1447 2973 1646 3018 ἀφορῶντος
1664 2974 1757 3008 Aub.

1939 619 1961 657 5

1945 1035 1990 1059 10

1942 1852 1990 1876 20

2063 2590 2070 2660 ..ξ
