2084 3317
369 161 454 202 698
772 162 822 202 Β.
856 160 1134 202 CYRILLI
1176 160 1559 201 ALEXANDR.
1712 159 1870 211 vii.40,
1886 170 1956 210 41.

371 270 532 338 φύσει,
562 269 772 336 καθάπερ
799 271 880 322 οὖν
906 271 995 334 ἤδη
1029 267 1419 338 προεδιδάξαμεν.
1478 268 1591 319 ὅταν
1616 268 1771 319 τοίνυν
1797 267 1906 331 ἡμῖν
1933 267 1958 317 ὁ

332 355 493 405 θθεῖος
525 353 890 418 Εὐαγγελιστής
924 351 1069 403 Οὔπω
1107 350 1198 421 γαρ
1237 348 1280 410 ἧν
1313 353 1497 416 Πνεῦμα
1534 350 1662 416 λε’γει
1701 351 1763 401 ’ότι
1798 351 1960 409 Ἰησ-οῧς

373 429 537 484 οὐδέπω
581 431 805 503 &ogdo-927,
845 433 931 497 τὴν
975 435 1215 500 ὁλοσχερῆ
1262 434 1336 483 καὶ
1379 432 1647 496 ὁλόκληρον
1687 433 1962 495 κατοίκησιν

370 516 419 565 ἐν
454 515 718 581 ἀνθρώποις
756 521 839 567 τοῦ
865 516 1033 581 Ἀγίου
1066 514 1344 578 Πνεύματος
1383 516 1630 579 σημαίνειν
1667 513 1809 566 αὐτὸν
1844 515 1961 566 ὑπο·

371 596 674 660 τοπήσωμεν.

303 743 446 786 4οἘκ
483 749 556 786 τοῦ
601 745 729 801 ὄχλου
770 742 843 787 οὖν
883 745 1148 788 ἀκούσαντές
1192 760 1304 787 τινες
1352 745 1420 787 τὸν
1460 746 1586 793 λοι-ον
1624 748 1776 786 τοῦτον
1812 744 1961 791 ἕλει-ον

303 846 348 880 41
441 826 578 870 Οὗτός
624 827 738 870 ἐστιν
783 829 960 870 ἀλΗΘῶο
999 829 1022 870 ὁ
1065 829 1309 885 ΠροφήτΗε·
1363 828 1489 869 ἄλλοι
1533 828 1680 875 {Ac-:roxa
1724 830 1789 870 ὅτι
1837 825 1962 869 οὗτός

439 910 553 952 ἐστιν
592 911 767 953 ἁλι-ιθὼς
805 913 827 954 ὃ
865 912 1058 968 Χριστός.

448 1019 880 1084 Καταπλήττονται
919 1018 1005 1084 τὴν
1043 1019 1315 1087 παῤῥησιάν
1355 1022 1417 1074 ὡς·
1456 1021 1709 1086 θεοπρεπῆ,
1744 1020 1819 1070 καὶ
1857 1018 1964 1073 τοὺς
2019 1046 2021 1049 ·

148 1110 234 1146 476
250 1109 301 1144 A·
329 1100 547 1167 ἣλόγους
592 1103 791 1168 ὁρῶντες
841 1103 992 1153 οὐκέτι
1034 1107 1130 1156 τοῖς
1171 1103 1423 1169 ἀνθρώπου
1461 1102 1724 1169 πρέποντας
1761 1100 1961 1168 μέτροις,

370 1185 445 1234 ἐπὶ
489 1183 575 1248 τὴν
619 1189 702 1235 τοῦ
756 1182 899 1248 νόμου
951 1184 1310 1252 καταφεύγουσι
1359 1183 1561 1248 μνήμην,
1606 1186 1668 1237 ὡς
1711 1183 1965 1250 προαγγεί-

370 1271 545 1319 λαντος
588 1265 678 1330 ἤδη
721 1268 827 1332 περὶ
880 1270 1115 1332 Χριστοῦ,
1167 1268 1243 1317 καὶ
1294 1265 1549 1335 προφήτην
1600 1264 1965 1329 ἀναστήσεσθαι

371 1350 446 1399 καὶ
501 1347 724 1413 λέγοντος
778 1351 845 1417 τῷ
903 1347 1147 1418 πανσόφῳ
1202 1352 1411 1399 Μωυσεῖ
1463 1347 1807 1414 παραπλήσιον
1857 1350 1959 1398 δια-

370 1429 650 1496 πορθμεύειν
681 1427 927 1493 μέλλοντα
961 1428 1070 1483 τοὺς
1104 1428 1234 1497 παρὰ
1269 1433 1395 1481 Θεοῦ
1431 1430 1607 1496 λόγους·
1641 1434 1708 1499 τῷ
1738 1428 1959 1496 Ἰσραήλ.
2016 1458 2019 1461 >

372 1512 495 1562 οὕτω
534 1511 628 1577 γάρ
665 1535 758 1563 που
798 1514 951 1580 φησὶν
992 1513 1016 1563 ὁ
1058 1511 1180 1567 Θεὸς
1218 1514 1324 1579 περὶ
1363 1513 1506 1564 αὐτοῦ
1546 1511 1665 1578 πρὸς
1709 1510 1793 1562 τὸν
1830 1509 1964 1577 ἅγιον

146 1588 307 1664 {fiffi'ffi
375 1594 592 1645 Μωυσέα
635 1600 663 1623 “
693 1594 961 1662 Προφήτην
1002 1595 1158 1648 αὐτοῖς
1204 1593 1468 1659 ἀναστήσω
1512 1596 1561 1646 ἐκ
1605 1598 1700 1646 τῶν
1741 1595 1965 1662 ἀδελφῶν

372 1684 400 1706 “
426 1677 581 1727 αὐτῶν
626 1676 790 1742 ὥσπερ
840 1676 914 1739 σὲ,
958 1679 1034 1728 καὶ
1086 1676 1222 1740 θήσω
1274 1676 1381 1730 τοὺς
1433 1677 1607 1742 λόγους·
1656 1700 1748 1741 μου
1797 1680 1859 1730 εἷς·
1909 1675 1964 1726 τὸ

372 1764 400 1788 “
426 1758 586 1823 στόμα
631 1761 788 1822 αὐτοῦ,
827 1761 904 1809 καὶ
948 1757 1154 1823 λαλήσει
1200 1760 1357 1813 αὐτοῖς
1402 1758 1522 1809 κατὰ
1565 1758 1724 1810 πάντα
1767 1757 1863 1810 ὅσα
1905 1757 1965 1809 ἂν

326 1841 352 1882 b
373 1847 399 1870 ‘⁶
425 1840 721 1905 ἐντέλλωμαι
747 1841 914 1910 αὐτῷ.”
960 1842 1127 1892 οὐκοῦν
1153 1840 1247 1893 ἀπὸ
1273 1844 1357 1904 τῆς
1383 1845 1478 1892 τῶν
1504 1840 1666 1907 λόγων
1692 1839 1961 1905 ποιότητος,

371 1924 447 1973 καὶ
474 1926 557 1987 τῆς
582 1927 676 1974 τῶν
701 1923 925 1990 ῥημάτων
952 1925 1223 1990 ὑπερβολῆς
1249 1922 1393 1974 αὐτὸν
1417 1924 1590 1974 ἐκεῖνον
1615 1924 1704 1988 ἤδη
1731 1925 1854 1992 φασὶ
1881 1922 1965 1974 τὸν

371 2003 448 2056 διὰ
483 2004 628 2069 νόμου
662 2005 1107 2071 προκεκηρυγμένον
1140 2004 1470 2073 ἀναπεφάνθαι
1508 2005 1692 2057 λοιπόν.
1744 2005 1833 2056 τίνι
1870 2004 1965 2072 γὰρ

148 2083 257 2124 Supra

147 2137 216 2157 ver.
237 2132 288 2166 37.

150 2176 202 2207 Ib-
223 2177 273 2215 38·
373 2175 401 2199 ‘⁶
425 2169 639 2221 πινε’τω·”
681 2171 762 2221 καί
785 2177 812 2199 “
831 2171 894 2220 Ὁ
921 2168 1162 2221 πιστεύων
1188 2172 1251 2222 εἷς
1278 2168 1368 2232 ἐμὲ,
1396 2169 1551 2223 καθὼς
1577 2168 1702 2221 εἶπεν
1728 2171 1756 2235 ἡ
1781 2170 1963 2238 γραφὴ,

381 2086 400 2105 ’Χ
549 2087 562 2102 Ι
707 2086 720 2102 N
817 2087 831 2105 l
1041 2087 1061 2106 ,Ι
1308 2091 1328 2100 Α
1394 2089 1405 2103 9
1485 2088 1498 2105 Ι
1715 2086 1726 2102 Ι
1949 2090 1963 2105 x

372 2110 430 2138 αν
466 2110 635 2153 πρεποι
674 2110 728 2138 το
765 2096 922 2152 λεγειν
949 2095 976 2117 “
998 2091 1056 2137 Ει
1095 2110 1164 2140 τις
1206 2089 1342 2156 διψᾳ,
1382 2091 1595 2154 ερχεσθω
1633 2110 1753 2154 προς
1790 2111 1847 2151 με
1888 2110 1965 2138 και

373 2257 401 2279 “
427 2254 631 2314 ποταμοὶ
659 2254 708 2303 ἐκ
733 2254 814 2316 τῆς
843 2252 1023 2305 κοιλίας
1049 2252 1191 2302 αὐτοῦ
1216 2252 1474 2318 ῥεύσουσιν
1501 2253 1668 2305 ὕδατος
1696 2253 1906 2318 ζῶντος,”
1926 2255 1965 2303 εὶ

371 2332 437 2398 μὴ
464 2334 593 2404 μόνῳ
619 2339 686 2403 τῷ
712 2333 833 2385 κατὰ
859 2333 1010 2402 φύσιν
1037 2337 1160 2402 Θεῷ,
1187 2339 1328 2384 τοῦτο
1361 2333 1409 2385 δὲ
1439 2333 1497 2398 ἧν
1523 2341 1541 2386 ὁ
1569 2336 1770 2403 Χριστός.
1825 2338 1863 2385 εὶ
1888 2336 1964 2386 καὶ

372 2415 517 2482 μικρὰ
567 2420 852 2484 φρονοῦντες
892 2416 1110 2466 Ἰουδαῖοι
1157 2417 1264 2482 περὶ
1313 2416 1469 2479 αὐτοῦ,
1521 2416 1747 2485 προφήτην
1798 2417 1965 2470 ἁπλῶς

334 2517 356 2544 e
374 2497 699 2564 ὀνομάζουσιν,
741 2498 825 2548 οὐκ
867 2496 1036 2551 εἰδότες·
1081 2496 1166 2561 τὴν
1207 2496 1326 2548 κατὰ
1369 2497 1563 2549 πάντων
1609 2497 1843 2566 ὑπεροχὴν
1881 2504 1966 2549 τοῦ

372 2578 702 2644 Ἐμμανουὴλ,
732 2580 843 2630 ἀλλ’
873 2581 936 2633 ὡς
971 2579 1050 2630 ἕνα
1086 2583 1180 2630 τῶν
1207 2578 1373 2630 ἄλλων
1399 2580 1765 2646 ἀναμετροῦντες
1799 2580 1961 2644 αὑτὸν,

424 2725 454 2748 ῐ.
481 2714 593 2749 τοίνυν
611 2714 686 2749 B.a.
707 2713 765 2749 οὖν
784 2714 904 2749 Holst.
924 2713 990 2748 Ed.
1133 2726 1166 2756 4.
1192 2713 1456 2758 ὑποτοπήσομεν
1473 2725 1503 2749 a.
1637 2726 1670 2760 9.
1697 2717 1768 2752 τοῖς
1783 2716 1902 2761 λόγοις
1921 2715 1963 2752 Β.

372 2761 572 2795 emendavit
592 2761 655 2795 Ht.
802 2772 854 2795 10.
882 2759 1090 2806 πρέποντας]
1110 2761 1346 2804 προσήκοντας
1363 2773 1393 2795 a.
1548 2772 1600 2795 11.
1625 2763 1964 2808 προαπαγγείλαντος

373 2820 403 2842 a.
423 2807 499 2842 Cat.
522 2808 621 2842 Harl.
783 2819 835 2852 13-
862 2809 916 2841 καὶ
933 2807 1096 2853 λέγοντος
1110 2807 1298 2851 μέλλοντος
1319 2808 1358 2842 Β.
1378 2820 1448 2842 om.
1469 2808 1523 2841 καὶ
1540 2815 1620 2852 post
1639 2808 1716 2843 Cat.
1736 2809 1837 2843 Harl.
1855 2809 1963 2850 Aub.,

371 2869 558 2912 μέλλοντος
579 2870 642 2904 Ht.
663 2870 730 2906 Ed.
827 2869 1086 2915 διαπορθμεύειν
1103 2881 1133 2904 a.
1151 2870 1245 2904 Aub.
1264 2863 1515 2916 διιιπορθεύὲιειιιν
1528 2871 1569 2906 Β.
1592 2871 1654 2907 Ht.
1844 2872 1897 2906 18.
1923 2872 1963 2906 ἂν

372 2927 442 2950 01n.
462 2929 491 2951 a.
559 2917 685 2951 Statim
704 2917 904 2960 ἐντείλωμαι
922 2929 951 2952 a.
1077 2927 1132 2951 20.
1159 2916 1284 2951 ἐκεῖνον
1301 2926 1526 2963 assumptum
1543 2930 1585 2952 ex
1603 2930 1634 2953 a.
1756 2929 1812 2953 22.
1837 2918 1962 2963 πρέποι

373 2962 464 2996 edidi
483 2975 499 2997 e
519 2963 597 2999 Cat.
619 2965 717 2998 Harl.
737 2970 825 2998 teste
843 2964 936 2998 Aub.
957 2964 1047 2998 inter
1065 2975 1155 2998 varr.
1174 2964 1253 2998 lect.
1272 2964 1392 3008 πρέπει
1412 2965 1479 3001 Ed.

1983 601 2005 639 5

1988 1123 2035 1148 10

1986 1951 2037 1976 20
