2084 3317
368 137 451 177 526
773 145 821 184 B.
856 146 1132 189 CYRILLI
1174 151 1552 196 ALEXANDR.
1728 159 1781 199 vi.
1801 171 1854 213 52
1858 171 1954 215 ,53

321 250 347 290 d
367 252 529 298 καλεῖν
555 272 660 316 περι
686 250 805 302 ὧν
777 260 836 304 ἀν
867 256 1111 323 φαίνοιντο
1149 262 1552 327 δυσχεραινοντες
1598 265 1746 316 πάλιν
1772 267 1826 318 τό
1852 279 1956 323 Πως

363 328 571 393 ἀνοήτως
597 333 670 383 ἐπι
698 337 823 386 Θεοῦ
850 336 1093 402 λέγουσιν,
1122 339 1287 406 ὥσπερ
1324 344 1408 394 οῦκ
1445 345 1681 409 εὶδότες,”’
1655 371 1727 398 οτι
1762 352 1952 417 δυσφη-

360 410 470 471 μίας
515 412 707 478 ἁπάσης
751 416 998 473 ἀνάπλεως
1047 422 1071 471 ὁ
1116 421 1260 488 λόγος
1308 425 1487 490 ὁρᾶται.
1557 429 1612 480 τὸ
1655 429 1748 496 γὰρ
1798 431 1955 484 πάντα

361 491 594 545 δύνασθαι
630 501 891 562 κατορθοῦν
925 502 1102 553 ἀκονιτι
1138 503 1375 570 πρόσεστι
1407 511 1474 577 τῷ
1507 513 1631 560 Θεῶ·
1675 515 1871 581 ψυχικοὶ
1904 514 1952 566 δε

140 565 241 646 {5⁰²
255 566 288 597 ii.
360 596 503 637 οντες,
530 576 741 644 καθάπερ
769 582 966 647 φησὶν
946 605 971 632 ο
996 606 1223 650 μακαριος
1251 589 1462 652 Παῦλος,
1489 591 1573 641 οὐκ
1602 592 1817 660 ἐδέχοντο
1845 603 1873 625 “
1892 619 1992 648 τα.)
1973 610 1991 633 ‘⁸

374 661 495 706 ζτοῦ
536 657 801 721 πνεύματος
843 668 926 713 τοῦ
966 668 1105 729 Θεοῦ,
1147 670 1332 734 μωρια”
1375 670 1424 722 δε
1469 674 1625 729 αὐτοῖς
1669 674 1723 726 τὸ
1770 677 1950 730 σεπτὸν

356 738 504 792 οὕτως
535 740 699 804 ὁρᾶται
729 743 1005 811 μυστήριον.

429 825 524 871 Δεῖ
558 830 808 890 τοιγαροῦν
847 828 1057 881 ἐντεῦθεν
1095 831 1215 895 ἡμᾶς
1255 836 1627 902 ὠφελουμενους,
1668 862 1744 890 και
1785 840 1841 909 ἐξ
1881 840 1947 892 ὡν

353 900 499 968 ἕτεροι
547 927 771 957 πταιουσι
820 907 901 960 τὸν
954 915 1120 964 οἰκεῖον
1163 916 1539 983 ἐπανορθοῦντας
1582 922 1706 983 βιον,
1754 925 1802 973 ἐν
1845 929 1945 978 ταῖς

312 984 671 1054 θπαραλήψεσι
714 993 808 1040 τῶν
849 992 986 1043 θείων
1026 1018 1302 1062 μυστηριων
1344 1023 1509 1051 πιστιν
1547 1002 1632 1066 μὲν
1668 1003 1790 1071 ε’χειν
1827 1004 1940 1071 ἀζή-
1967 1028 2014 1053 10

351 1087 506 1130 τητον,
521 1070 684 1160 μηδενὶ
713 1070 760 1122 δε
785 1077 879 1123 τῶν
903 1077 1174 1141 λεγομενων
1198 1081 1434 1149 ἐπιφερειν
1457 1084 1510 1134 τό
1539 1096 1658 1140 Πως·
1687 1087 1944 1139 Ἰουδαϊκὸν

350 1170 443 1214 γαρ
488 1148 542 1200 τὸ
585 1153 726 1218 ῥῆμα,
770 1156 846 1205 καὶ
891 1157 1136 1213 κολάσεως
1188 1160 1237 1212 δὲ
1286 1185 1369 1227 της
1421 1166 1628 1232 ἐσχάτης
1679 1167 1755 1218 διὰ
1804 1176 1943 1221 τοῦτο

348 1231 612 1296 παραίτιον·
668 1236 766 1286 ἐπει
798 1239 874 1287 καὶ
910 1239 934 1289 6
969 1243 1051 1304 τῆς
1078 1242 1319 1294 ΗΙουδαιων
1345 1251 1634 1313 συναγωγῆς
1665 1250 1939 1315 ἡγούμενος

120 1302 230 1387 {¹¹3³
350 1313 619 1378 Νικόδημος
646 1316 694 1367 δε
721 1317 854 1372 οὗτος
881 1318 954 1383 ἧν·
998 1321 1052 1373 τό
1082 1331 1106 1352 “
1131 1327 1243 1379 Πῶς
1278 1326 1469 1378 δύναται
1503 1335 1652 1381 ταῦτα
1685 1333 1937 1397 γενέσθαι”

347 1394 576 1460 λεγων,
552 1420 629 1448 οτε
667 1403 762 1449 τῶν
800 1401 937 1452 θείων
976 1411 1269 1472 κατηκροᾶτο
1309 1407 1482 1475 λόγων,
1518 1412 1715 1478 ἐγελατο
1754 1416 1938 1471 δικαίως
1962 1439 2007 1477 15

116 1487 169 1520 Ib.
188 1498 236 1521 10.
345 1476 554 1532 ἀκούσας
587 1486 614 1510 “
640 1479 708 1531 Σὺ
747 1480 789 1532 εἶ
824 1484 849 1534 6
889 1484 1179 1542 διδάσκαλος
1218 1495 1302 1541 τοῦ
1341 1491 1545 1557 Ἰσραὴλ
1585 1497 1660 1546 καὶ
1698 1502 1846 1548 ταῦτα
1885 1500 1938 1549 οὐ

344 1560 689 1624 “ywc230mae3”
716 1565 1062 1634 ἐντεχνεστεροι
1081 1571 1237 1621 τοίνυν
1257 1571 1375 1638 πρὸς
1401 1572 1487 1638 τὴν
1503 1581 1586 1626 τοῦ
1607 1579 1937 1647 συμφεροντος

114 1645 268 1681 359A.
298 1640 488 1707 ἃθήραν
527 1646 602 1695 καὶ
649 1644 726 1696 διὰ
769 1651 853 1712 τῆς
896 1649 1067 1716 ἑτερων
1109 1653 1306 1708 ἀτοπιας
1351 1656 1693 1723 εὑρισκόμενοι,
1736 1660 1790 1712 τό
1816 1662 1936 1718 Πως

337 1723 495 1789 λεγειν
530 1727 603 1795 ἐφ’
640 1726 708 1782 οἷς
746 1727 804 1781 ἂν
838 1730 1088 1799 ἐργάζηται
1125 1734 1247 1789 Θεὸς
1285 1739 1637 1804 παραιτώμεθα,
1669 1743 1933 1795 ἀνατιθέναι

336 1803 386 1856 δὲ
430 1811 622 1870 μᾶλλον
659 1812 999 1877 μελετήσωμεν
1038 1816 1165 1885 αὐτῷ
1207 1822 1302 1869 τῶν
1341 1821 1469 1872 ἰδίων
1507 1822 1660 1888 ε’ργων
1697 1824 1783 1889 τὴν
1823 1826 1933 1878 ὁδὸν
1954 1854 2003 1880 20

333 1886 696 1956 ἐξεπίστασθαι·
747 1892 889 1961 ὅνπερ
925 1895 1019 1962 γὰρ
1055 1896 1232 1963 τρόπον
1265 1924 1441 1953 εισεται
1477 1903 1562 1966 μὲν
1600 1906 1761 1971 οὐδεὶς,
1797 1908 1851 1960 τὸ
1886 1911 1936 1961 τί

110 1968 261 2046 {eb-Xi-
334 1969 454 2021 κατὰ
481 1971 680 2039 φύσιν’
657 1997 788 2025 εστιν
814 1977 839 2026 ὁ
867 1977 1003 2041 Θεὸς,
1032 1982 1287 2033 δικαιοῦται
1315 1982 1363 2034 δὲ
1389 1986 1666 2038 πιστεύωνζ
1669 1988 1771 2040 ίοτι
1803 1991 1924 2053 ἐστὶ,

134 2038 141 2045 ’
349 2055 462 2103 ζκαὶ
500 2059 595 2108 τοῖς
633 2055 905 2122 ἐκζητοῦσιν
944 2059 1086 2111 αὐτὸν
1124 2065 1483 2131 μισθαποδότης
1521 2068 1744 2133 γινεται,”
1780 2073 1928 2128 οὕτως

332 2134 558 2199 ἀγνοήσει
595 2136 681 2200 μὲν
713 2138 862 2191 πάλιν
898 2140 981 2191 τὸν
1016 2144 1088 2210 ἐφ’
1125 2145 1312 2216 ἑκάστῳ
1351 2152 1445 2199 τῶν
1485 2151 1775 2215 τελουμένων
1812 2157 1923 2221 παρ’

332 2219 476 2271 αὑτοῦ
517 2220 708 2288 τρόπον,
742 2225 972 2279 ἀνατιθεις
1011 2227 1059 2278 δὲ
1097 2233 1156 2297 τῇ
1194 2231 1352 2282 πίστει
1391 2231 1478 2297 τὴν
1509 2235 1724 2301 ἑκβασιν,
1753 2261 1828 2290 και
1869 2240 1923 2291 τὸ
1947 2261 1995 2300 25

331 2301 488 2353 πάντα
527 2303 760 2356 δυνασθαι
798 2313 1035 2359 συναινῶν
1072 2314 1139 2379 τῷ
1176 2312 1290 2379 ὑπερ
1326 2314 1509 2371 πάντας
1541 2321 1669 2388 Θεῶ,
1700 2326 1922 2384 κομιεῖται

285 2396 312 2438 b
332 2405 413 2447 της
465 2386 612 2439 οὕτως
662 2389 842 2452 ἀγαθῆς
904 2361 1177 2460 διαλήψειως
1232 2396 1315 2446 οὐκ
1372 2371 1784 2468 εὐκαταφρόνητον
1839 2404 1923 2456 τὸν

329 2465 520 2528 μισθόν.
589 2470 710 2520 οὕτω
762 2492 856 2537 γαρ
902 2472 1022 2535 ἡμᾶς
1068 2477 1329 2528 διακεῖσθαι
1372 2482 1446 2530 καὶ
1492 2481 1631 2535 αὐτὸς
1674 2482 1851 2537 ἐθέλων
1895 2488 1920 2538 6

327 2546 519 2600 πάντων
552 2551 808 2616 Δεσπότης
847 2551 922 2604 διὰ
959 2559 1043 2605 τοῦ
1081 2557 1329 2626 προφητου
1369 2566 1520 2630 φησὶν
1554 2565 1764 2617 Ἡσαιου
1795 2570 1919 2619 “Οὐ

327 2629 472 2697 “γαρ
517 2636 637 2683 εἰσιν
676 2656 722 2684 αι
763 2636 943 2695 βουλαί
980 2659 1070 2699 μου
1110 2637 1273 2707 ὥσπερ
1317 2666 1365 2693 αι
1409 2648 1584 2705 βουλαὶ
1628 2648 1772 2711 ὑμῶν,
1811 2649 1916 2700 οὐδε
1938 2668 1989 2704 30

326 2710 541 2780 “ὡσπερ
576 2738 622 2766 αι
660 2716 757 2767 ὁδοὶ
795 2718 924 2780 ὑμῶν
959 2722 1005 2769 αἱ
1040 2720 1144 2771 ὁδοί
1172 2745 1280 2785 μου,
1320 2725 1448 2792 λεγει
1482 2728 1671 2794 Κύριος·
1713 2730 1825 2781 ἀλλ’
1853 2735 1916 2787 ὡς

106 2550 161 2582 Es.
177 2550 219 2583 lv.
236 2552 266 2589 8,

106 2603 136 2634 9.

372 2863 402 2887 1.
428 2854 605 2898 φαίνοιντο
625 2854 666 2890 Β
685 2855 863 2901 φαινονται
882 2856 936 2902 (=
953 2858 1154 2905 φαίνωνται)
1175 2862 1241 2897 Ed.
1329 2874 1362 2910 5.
1381 2866 1493 2910 φησὶν
1509 2878 1579 2901 om.
1602 2867 1643 2902 B.
1732 2868 1765 2904 6.
1784 2871 1913 2904 σεπτὸν

322 2898 366 2933 Β.
385 2902 527 2936 συνετὸν
545 2901 612 2936 Ed.
723 2915 776 2946 14.
801 2904 962 2949 γενέσθαι
979 2917 1049 2940 om.
1070 2906 1113 2941 B.
1218 2910 1272 2944 18.
1298 2911 1457 2958 ἀτοπίας]
1477 2913 1647 2950 ἀπειθείας
1666 2915 1708 2950 Β.
1810 2927 1865 2951 22.
1893 2919 1911 2952 ὁ

321 2956 391 2980 Om.
412 2946 455 2981 B.
552 2959 607 2991 24.
634 2949 738 2985 πάλιν
756 2962 826 2985 om.
846 2950 888 2986 B.
986 2961 1041 2998 27.
1067 2953 1365 3002 εὐκαταφρόνητον
1384 2959 1426 2995 Β.
1445 2962 1703 3006 καταφρονητὸν
1720 2962 1787 2997 Ed.
