2084 3317
142 2378 155 2400 1
170 2370 244 2401 Cor.

138 2414 208 2445 viii.
226 2414 256 2446 6.

351 140 436 179 550
752 139 803 181 B.
836 139 1107 181 CYRILLI
1147 138 1528 180 ALEXANDR.
1705 138 1760 178 vi.
1779 137 1932 188 61,62.

308 253 335 294 b
352 250 447 299 τῶν
492 246 818 314 ἀγνοουμένων
862 248 928 300 ε”τι
976 247 1292 315 πολυτρόπως
1342 250 1662 314 χειραγωγῶν.
1727 245 1935 310 ἀνοήτως·

351 328 447 395 γάρ
472 329 596 393 λίαν,
623 326 660 380 ὦ
686 330 827 393 οὗτοι,
854 331 1019 398 φησὶν,
1044 330 1118 380 ἐπὶ
1152 333 1249 382 τοῖς
1282 329 1392 394 παρ’
1419 331 1531 392 ἐμοῦ
1561 327 1961 393 σκανδαλίζεσθει

351 409 531 476 λόγοις.
592 414 630 460 εἰ
666 409 760 476 γὰρ
798 412 928 461 οὔπω
965 410 1204 462 πιστεύειν
1237 409 1481 476 ἐγνώκατε,
1516 410 1665 461 καίτοι
1701 407 1938 463 πολλάκις

351 491 818 558 μυσταγωγούμενοι,
845 491 916 542 ὅτι
950 490 1070 558 ζωὴν
1102 493 1210 555 ὑμῖν
1242 491 1397 555 ἐνήσει
1433 490 1486 542 τὸ
1522 490 1744 557 ἡμέτερον
1768 494 1933 553 σῶμα,

351 573 456 623 τίνα
489 571 667 638 τρόπον
693 571 1048 637 διατεθήσεσθε,
1076 575 1241 641 φησὶν,
1268 572 1382 624 ὅταν
1408 570 1522 623 αὐτὸ
1549 574 1624 623 καὶ
1649 575 1712 625 εἰς
1738 569 1937 637 οὐρανὸν
1957 587 1979 626 5

352 653 666 717 ἀνιπτάμενον
700 653 946 718 βλέπητε;
1000 655 1054 705 οὗ
1087 653 1181 721 γάρ
1216 656 1536 721 ὑπισχνοῦμαι
1569 652 1729 716 μόνον,
1756 651 1828 703 ὅτι
1861 652 1938 703 καὶ

353 738 415 788 εἷς
441 733 583 785 αὑτὸν
609 733 916 799 ἀναβήσομαι
946 734 1030 786 τὸν
1056 734 1268 802 οὐρανὸν,
1294 736 1370 787 ἵνα
1402 734 1467 800 μὴ
1503 732 1652 786 πάλιν
1678 734 1848 800 λέγητε
1882 731 1937 783 τό

355 819 482 869 Πῶς’
523 817 633 866 ἀλλ’
662 817 711 867 ἐν
737 817 1006 885 ὀφθαλμοῖς
1032 818 1140 882 ὑμῖν
1165 818 1193 882 ἡ
1220 816 1304 868 θέα
1329 816 1574 882 στήσεται,
1600 814 1757 868 πάντα
1783 819 1939 867 δυσω-

316 902 516 948 οποῦσα
557 895 640 949 τὸν
677 898 999 965 ἀντιλέγοντα.
1069 898 1142 951 ε’ἒιν
1182 897 1246 951 οὖν
1281 899 1506 964 βλέπητε,
1546 900 1712 968 φησὶν,
1750 900 1813 951 εἷς
1856 896 1940 948 τὸν

353 978 553 1045 οὐρανὸν
583 981 880 1041 ἀναβαίνοντα
917 980 984 1032 τὶν
1019 980 1100 1033 οἷον
1131 982 1204 1033 τοῦ
1234 980 1466 1050 ἀνθρώπου,
1498 982 1548 1032 τί
1580 981 1720 1047 ἐρεῖτε
1756 979 1934 1042 πάλιν,
1962 1001 2011 1027 10

351 1061 709 1129 ἐλεγχθήσεσθε
760 1061 853 1129 γὰρ
899 1063 953 1113 οὐ
1002 1064 1199 1130 μετρίως
1248 1063 1570 1131 ἀφραίνοντες.
1645 1065 1683 1113 εὶ
1732 1060 1826 1127 γὰρ
1873 1059 1939 1125 μὴ

354 1141 589 1193 δύνασθαι
615 1141 702 1207 τὴν
727 1141 843 1207 ε’μὴν
869 1142 1029 1210 σάρκα
1051 1144 1138 1209 τὴν
1163 1143 1283 1210 ζωὴν
1310 1146 1416 1208 ὑμῖν
1442 1146 1637 1195 ἐνθεῖναι
1669 1141 1936 1208 λογίζεσθε,

351 1229 453 1278 πῶς
497 1230 678 1289 πτηνοῦ
723 1225 855 1289 δίκην
899 1228 962 1279 εἰς
1014 1224 1213 1293 οὐρανὸν
1256 1224 1583 1290 ἀναβήσεται,
1645 1228 1683 1276 εἰ
1731 1223 1825 1290 γὰρ
1874 1223 1940 1288 μὴ

352 1306 546 1356 δύναται
585 1306 838 1372 ζωοποιεῖν,
875 1306 947 1357 ὅτι
983 1306 1049 1371 μὴ
1087 1307 1268 1376 πέφυκε
1305 1307 1558 1374 ζωοποιεῖν,
1592 1311 1693 1361 πῶς·
1733 1308 1936 1372 ἀεροβα-

352 1386 500 1451 τήσει,
540 1392 642 1441 πῶς
688 1386 738 1438 δὲ
783 1391 847 1442 εἶς
891 1387 1116 1454 οὐρανοὺς
1159 1388 1487 1453 ἀναβήσει-αις
1542 1390 1619 1439 καὶ
1662 1393 1801 1439 τοῦτο
1847 1385 1941 1454 γὰρ
1965 1410 2012 1447 15

352 1468 523 1532 ὁμοίως·
563 1468 795 1519 ἀδύνατον
832 1473 891 1537 τῇ
930 1470 1089 1537 σαρκί.
1155 1473 1194 1521 εἰ
1236 1470 1284 1521 δὲ
1326 1471 1567 1532 ἀναβαίνει
1602 1468 1734 1536 παρὰ
1777 1467 1942 1538 φύσιν,

310 1551 404 1602 dri
437 1549 491 1602 τὸ
530 1551 716 1602 κωλύον
755 1550 822 1602 ε”τι
863 1553 938 1602 καὶ
981 1551 1219 1618 ζωοποιεῖν
1257 1551 1417 1616 αὐτὴν,
1457 1554 1533 1603 καὶ
1577 1555 1614 1602 εὶ
1655 1550 1720 1616 μὴ
1765 1550 1944 1619 πέφυκε

356 1632 607 1698 ζωοποιεῖν,
637 1631 755 1684 ὅσον
780 1635 843 1687 εἷς
880 1633 1000 1684 ἰδίαν
1027 1632 1208 1702 φύσιν;
1253 1635 1278 1684 ὁ
1314 1633 1408 1700 γὰρ
1443 1633 1658 1701 οὐράνιον
1693 1633 1945 1702 ἀποδείξας

355 1715 411 1765 τὸ
446 1714 541 1766 ἀπὸ
575 1717 676 1781 γῆς,
703 1717 779 1766 καὶ
812 1713 1039 1781 ζωοποιὸν
1064 1716 1359 1779 ἀποτελέσει,
1387 1717 1463 1766 καὶ
1487 1719 1525 1767 εἰ
1550 1714 1730 1784 πέφυκε
1756 1716 1943 1784 φθείρε-

356 1798 471 1846 σθαι
499 1796 620 1847 κατά
644 1795 726 1847 τὸν
753 1797 869 1848 ἴδιον
893 1796 1056 1863 λόγον.
1967 1819 2016 1844 20

429 1878 768 1944 Ἐπιτηρητέον
795 1877 844 1929 δὲ
871 1878 999 1932 ὅπως
1025 1879 1107 1929 οὐκ
1133 1878 1346 1946 ἀνέχεται
1371 1877 1520 1930 πάλιν
1546 1882 1608 1933 εἷς
1633 1878 1716 1930 δύο
1745 1900 1947 1942 καταμε-

357 1959 568 2026 ρίζεσθαι
593 1958 834 2026 χριστοὺς,
861 1959 980 2009 κατὰ
1006 1958 1092 2024 τὴν
1111 1964 1251 2010 τινῶν
1276 1960 1523 2022 ἀβουλίαν.
1569 1959 1826 2026 ἀμέριστον
1851 1958 1946 2026 γὰρ

358 2039 524 2092 ἑαυτὸν
549 2043 769 2108 πανταχῇ
803 2039 1033 2109 φυλάττει
1066 2040 1185 2104 μετὰ
1217 2040 1303 2105 τὴν
1327 2041 1703 2108 ἐνανθρώπησιν.
1758 2039 1826 2092 τδν
1852 2039 1946 2107 γὰρ

359 2121 439 2174 υἰὶν
464 2124 535 2174 τοῧ
559 2122 776 2192 ἀνθρώπου
802 2124 954 2192 φησὶν
978 2124 1241 2183 ἀναβαίνειν
1267 2125 1374 2175 ’ὅπου
1409 2119 1452 2184 ἧν
1484 2126 1529 2175 τὸ
1567 2126 1770 2194 πρότερον,
1797 2124 1947 2173 καίτοι

320 2228 342 2255 e
360 2209 443 2254 τοῦ
468 2205 517 2254 ἐκ
543 2206 631 2270 γῆς
656 2203 879 2267 σώματος
906 2204 989 2254 οὐκ
1014 2203 1150 2258 ὄντος
1175 2204 1271 2254 ἅνω
1297 2204 1389 2271 πρὸ
1416 2204 1597 2268 τούτου,
1622 2203 1770 2268 μόνου
1801 2204 1850 2255 δὲ
1880 2204 1947 2255 ἔτι
1969 2227 2016 2266 25

361 2287 438 2336 καὶ
476 2287 586 2337 καθ’
620 2283 784 2337 ἑαυτὸν
814 2290 897 2336 τοῦ
923 2284 1099 2351 Λόγου,
1124 2285 1217 2353 πρὸ
1252 2289 1522 2353 συνδρομῆς
1555 2290 1636 2350 τῆς
1674 2290 1737 2340 εἰς
1768 2285 1945 2353 σάρκα·

362 2371 520 2421 καλῶς
554 2368 636 2418 οὖν
660 2368 684 2418 ὁ
719 2371 915 2421 Παῦλος
949 2366 1003 2418 τό
1031 2374 1057 2396 “
1079 2367 1163 2421 Εἷς
1201 2367 1377 2434 Κύριος
1402 2369 1591 2432 Ἰησοῦς
1623 2367 1870 2434 Χριστὸς”
1899 2370 1949 2419 ἐν

362 2451 495 2504 ἰδίαις
522 2449 721 2501 τέθεικεν
746 2451 1036 2504 ἐπιστολαῖς.
1092 2449 1154 2503 εἷς
1191 2448 1284 2517 γὰρ
1310 2450 1438 2513 Υἱὸς,
1466 2451 1542 2502 καὶ
1577 2449 1671 2518 πρὸ
1704 2453 1787 2514 τῆς
1821 2472 1943 2518 σαρ-

409 2611 443 2634 2.
468 2600 558 2642 λίαν,
577 2599 602 2635 ὦ
620 2599 729 2646 οὗτοι]
749 2603 861 2641 τοῦτο,
880 2599 905 2635 ὦ
923 2600 1027 2641 οὗτοι,
1046 2601 1123 2635 λίαν
1141 2600 1184 2634 Β.
1259 2601 1546 2645 σκανδαλίζεσθαι
1565 2602 1607 2637 Β.
1774 2615 1807 2645 4.
1833 2601 1950 2646 ὑμέτε-

361 2662 423 2691 ρον
442 2647 484 2681 Β.
621 2656 651 2692 7.
678 2647 893 2691 ἀναβήσομαι
911 2647 957 2683 εἷς
974 2647 1075 2682 αὐτὸν
1090 2648 1230 2682 inverso
1248 2648 1369 2682 ordine
1389 2648 1431 2683 B.
1568 2650 1602 2684 8.
1628 2648 1707 2683 ἀλλ’
1725 2656 1950 2693 assumptum

362 2705 404 2727 ex
424 2693 518 2728 B.D.
591 2693 685 2739 ὑμῖν]
705 2693 797 2737 ἡμῶν
816 2694 857 2727 Β.
1014 2705 1067 2739 13.
1093 2695 1253 2738 οὐρανοὺς
1273 2694 1381 2729 Cord.
1538 2705 1591 2740 15.
1618 2696 1759 2740 οὐρανὸν
1778 2695 1820 2729 Β.
1838 2696 1949 2729 invito

364 2740 472 2774 Cord.
539 2740 666 2774 Statim
684 2740 912 2784 ἀναπτήσεται
931 2752 961 2775 a.
1088 2750 1141 2785 17.
1167 2740 1285 2786 αὐτὴν]
1306 2742 1387 2775 αὐτὸ
1407 2740 1513 2776 Cord.
1532 2743 1621 2788 αὐτῷ
1640 2743 1695 2776 vel
1711 2743 1792 2776 αὐτὸ
1812 2742 1854 2776 Β.
1920 2741 1950 2775 εἷ

363 2787 416 2820 καὶ
434 2787 573 2821 inverso
590 2787 712 2821 ordine
731 2787 839 2822 Cord.
939 2799 992 2832 19.
1019 2786 1238 2832 ἀποτελέσει]
1258 2788 1424 2832 ἀναδείξει
1444 2788 1536 2823 Catt.
1592 2789 1719 2823 Statim
1736 2789 1797 2823 κᾶν
1814 2799 1877 2833 pro
1895 2786 1948 2822 καὶ

363 2833 392 2865 εἷ
411 2833 518 2867 Cord.
626 2844 680 2878 23.
707 2835 861 2879 πανταχῆ
880 2835 998 2869 ἑαυτὸν
1014 2834 1152 2868 inverso
1169 2834 1291 2868 ordine
1310 2834 1351 2868 Β.
1416 2837 1590 2880 πανταχοῦ
1609 2834 1701 2869 Catt.
1811 2843 1866 2879 25.
1893 2833 1946 2879 ἐκ]

368 2883 402 2919 -1ν-
426 2881 484 2922 τῆς
501 2891 532 2914 a.
627 2879 694 2925 ἔτι]
715 2881 782 2914 ἐκεῖ
800 2880 908 2915 Cord.
975 2880 1102 2915 Statim
1119 2880 1172 2915 καὶ
1190 2892 1260 2914 om.
1281 2881 1323 2915 B.
1344 2880 1436 2916 Catt.
1637 2881 1693 2916 26.
1720 2880 1784 2927 εἷς]
1802 2881 1887 2927 πρὸς
1906 2880 1948 2915 Β.

365 2926 491 2960 Statim
509 2926 568 2971 τὴν
585 2926 667 2962 add.
687 2927 729 2962 Β.
749 2926 855 2962 Cord.
873 2927 982 2962 invito
999 2939 1030 2961 a.
1175 2937 1230 2972 27.
1257 2928 1419 2973 Χριστὸς]
1440 2929 1458 2962 ὁ
1475 2929 1626 2973 Χριστὸς
1644 2928 1691 2964 D.
