2084 3317
122 143 194 184 vii.
214 158 281 200 34.
389 148 462 189 IN
504 149 546 190 S.
580 151 915 193 JOANNEM.
979 154 1103 195 LIB.
1129 155 1181 195 V.
1244 156 1378 197 CAP.
1414 157 1448 198 I.
1630 159 1713 199 679

122 252 189 303 τὶν
220 251 484 324 πέμψαντά,
520 282 594 326 με,
627 262 848 323 σημαίνει
893 284 936 313 τι
981 261 1132 313 πάλιν
1169 269 1381 314 τοιοῦτον
1423 264 1599 328 Μάτην
1641 265 1709 315 ἐπ’

121 334 222 396 ἐμοὶ
248 334 302 387 τὸ
328 340 412 401 τῆς
443 340 620 391 ἑαυτῶν
646 343 946 405 δυσσεβείας,
974 347 1139 411 φησὶν,
1166 344 1431 408 ἠκονήσατε
1458 345 1611 413 ξίφος.
1668 348 1716 395 τί

122 415 172 467 δὲ
192 419 266 467 καὶ
293 419 535 483 ἀνηνύτοις
560 422 902 491 καταξαίνεσθε
926 429 1152 486 βουλαῖς;
1181 425 1395 490 στήσατε
1421 432 1504 477 τοῦ
1531 427 1711 494 φθόνου
1729 436 1755 477 b

121 496 175 548 τὸ
199 497 362 558 βέλος·
390 501 567 561 βάλλει
593 503 687 571 γὰρ
713 509 776 559 εἷς
803 505 947 557 οὐδέν·
981 508 1068 574 οὐχ
1095 507 1385 571 ὑποθήσεται
1413 507 1600 577 θανάτῳ
1626 507 1712 572 τὴν

78 577 254 644 5ζωὴν,
290 581 395 633 οὐδὲ
429 584 673 650 περιέσται
709 590 791 650 τῆς
827 588 1101 655 ἀφθαρσίας
1136 589 1164 652 ἡ
1202 588 1379 657 φθορά·
1422 590 1505 640 οὐκ
1540 589 1711 653 ε”σομαι

118 660 318 730 κάτοχος
356 670 456 718 ταῖς
496 666 610 735 ᾅδου
648 667 836 731 πύλαις,
867 670 951 721 οὐκ
990 670 1159 734 ἔσομαι
1197 672 1304 734 μεθ’
1338 672 1467 735 ὑμῶν
1501 672 1550 722 ἐν
1584 695 1704 735 μνη-

116 742 261 805 μείοις
294 745 467 813 νεκρὸς,
495 748 830 814 ἀναπτήσομαι
865 751 984 817 πρὸς
1014 752 1096 803 τὸν
1122 753 1179 821 ἐξ
1210 753 1354 819 οὗπέρ
1390 757 1494 816 εἶμι,
1521 753 1705 818 ἀναβή-

116 847 265 888 σομαι
290 826 340 877 δὲ
364 828 513 879 πάλιν
539 833 602 883 εἰς
625 830 862 897 οὐρανοὺς,
891 833 1108 898 ε”γκλημα
1146 837 1229 898 τῆς
1263 835 1486 901 ὑμετέρας
1522 838 1700 886 δυσσε-

113 908 245 967 βείας
289 912 365 960 καὶ
406 910 629 976 ἀγγέλοις
674 915 750 963 καὶ
789 915 1054 980 ἀνθρώποις
1095 916 1342 982 ὁρώμενος.
1407 919 1449 966 οἱ
1487 914 1571 979 μὲν
1610 915 1705 983 γὰρ

1768 995 1868 1026 Zach.

49 1013 96 1038 10
114 989 444 1058 ἀναφοιτῶντα
489 992 834 1058 θαυμάσουσιν,
874 1000 916 1046 οὶ
955 996 1003 1047 δὲ
1045 998 1340 1051 ὑπαντῶντες
1385 999 1546 1063 ἐροῦσι
1587 1005 1614 1027 “
1643 999 1710 1049 Τί
1767 1039 1837 1071 xiii.
1856 1038 1887 1071 6.

114 1076 142 1099 “
168 1071 304 1122 αὗται
343 1076 390 1124 αἱ
430 1077 613 1140 πληγαὶ
655 1075 746 1126 ἀνὰ
786 1077 939 1140 με’σον
978 1083 1074 1129 τῶν
1111 1084 1280 1146 χειρῶν
1319 1101 1443 1141 σου;
1498 1082 1575 1130 καὶ
1617 1082 1745 1146 ἐρῶο

112 1158 139 1180 “
164 1152 285 1220 πρὸς
311 1155 479 1209 αὐτούς
503 1153 599 1211 ὁΑς
626 1157 842 1225 ἐπλήγην
868 1162 916 1210 ἐν
943 1164 1009 1230 τῷ
1036 1161 1147 1230 οἴκῳ
1181 1167 1265 1212 τοῦ
1290 1163 1539 1227 ἀγαπητοῦ
1565 1163 1702 1223 μου.”

111 1234 279 1286 οὐκοῦν
304 1239 352 1287 ἐν
380 1236 480 1301 ἤθει
516 1243 690 1310 πολλῷ
715 1243 790 1292 καὶ
817 1243 866 1292 ἐν
890 1242 1114 1313 ἐξαιρέτῳ
1148 1242 1381 1309 πραότητι
1418 1244 1703 1309 συντέθηται

108 1315 258 1367 πάλιν
285 1319 309 1369 ὁ
334 1318 495 1384 λόγος,
522 1325 584 1375 εἰς
612 1323 929 1390 ὑπογραμμὸν
955 1323 1005 1375 δὲ
1033 1328 1107 1376 καὶ
1139 1331 1279 1376 τοῦτο
1311 1326 1553 1391 ἡμέτερον·
1595 1326 1703 1378 ὅθεν

43 1413 90 1450 15
109 1400 184 1448 καὶ
221 1400 245 1450 ὁ
277 1404 474 1456 Παῦλος
509 1401 590 1454 τὸν
616 1410 700 1455 τοῦ
727 1409 852 1456 Θεοῦ
879 1409 1051 1458 δοῦλον
1076 1406 1141 1472 μὴ
1174 1410 1344 1476 χρῆναι
1371 1415 1398 1438 “
1419 1407 1665 1476 μάχεσθαί
1674 1408 1700 1425 ”
1766 1409 1927 1493 352¹}st

108 1489 275 1547 φησιν,
312 1489 340 1512 “
366 1483 478 1533 ἀλλ’
512 1483 653 1548 ἤπιον
691 1484 806 1538 εἶναι
843 1488 962 1555 πρὸς
1001 1489 1195 1553 πάντας,
1227 1492 1276 1541 ἐν
1313 1490 1546 1556 πραότητι
1583 1514 1697 1541 παι-

107 1568 135 1591 “
162 1562 354 1615 δεύοντα
393 1564 500 1620 τοὺς
539 1569 1033 1633 ἀντιδιατιθεμε’νους.”
1087 1575 1158 1623 δεῖ
1193 1571 1286 1638 γὰρ
1326 1571 1454 1636 οἶμαι
1493 1572 1701 1640 θορύβου

106 1644 285 1700 παντὸς
319 1649 394 1698 καὶ
429 1652 525 1699 τῶν
550 1649 607 1719 ἐξ
637 1651 782 1717 ὀργῆς
819 1653 1064 1704 ἀτιθάσων
1091 1656 1358 1719 κινημάτων
1385 1655 1476 1724 ἔξω
1513 1659 1699 1707 κεῖσθαι

105 1726 189 1778 τὸν
225 1727 453 1795 φιλόθεον
487 1736 613 1795 νοῦν,
644 1735 720 1784 καὶ
759 1733 924 1800 ὥσπερ
963 1736 1068 1786 τινὰ
1107 1736 1327 1800 κυμάτων
1363 1738 1534 1803 ἀγρίαν
1569 1739 1694 1788 ἐπει-

35 1834 86 1861 20
105 1809 300 1878 σφοράν
337 1817 672 1878 παραιτεῖσθαι
714 1820 875 1884 φιλεῖν
916 1816 975 1868 τὰ
1016 1820 1066 1869 ἐκ
1107 1819 1432 1888 μικροψυχίας
1477 1820 1690 1883 συμβαί-
1716 1826 1743 1867 (1

104 1914 260 1955 νοντα,
289 1894 501 1957 νηνέμοις
534 1894 583 1946 δὲ
619 1896 784 1964 ὥσπερ
821 1899 989 1953 εὐδίαις
1023 1899 1285 1969 ἐφήδεσθαι
1319 1906 1416 1956 τοῖς
1454 1902 1504 1952 ἐκ
1542 1901 1692 1968 πραό-

102 1995 242 2038 τητος
287 1981 553 2041 λογισμοῖς,
600 1980 676 2029 καὶ
721 1981 914 2045 ἀγαπᾶν
957 1980 1028 2032 ὅτι
1074 1981 1292 2041 μάλιστα
1336 1982 1390 2034 τὸ
1436 1983 1603 2051 διαζῆν
1647 1987 1696 2035 ἐν

101 2058 459 2121 μακροθυμίαις,
510 2059 787 2128 ἀνεξίκακον
838 2061 887 2113 δὲ
943 2061 1063 2130 πρὸς
1117 2063 1298 2119 πάντας
1349 2067 1566 2132 ὁρᾶσθαι,
1617 2071 1694 2118 καὶ

101 2137 273 2205 φρενὸς
311 2138 396 2202 μὲν
430 2139 624 2208 ἔχεσθαι
662 2149 907 2199 παντελῶς
947 2148 1144 2211 ἀγαθῆς,
1182 2146 1333 2213 λόγον
1369 2147 1418 2198 δὲ
1455 2147 1539 2199 τὸν
1573 2148 1693 2215 πρὸς

31 2236 79 2275 25
101 2219 298 2288 ἐχθροὺς
329 2226 568 2274 ποιεῖσθαι
602 2223 668 2288 μὴ
701 2224 970 2294 ἀσχήμονα.

497 2377 713 2422 ΖΗτύσετὲ
749 2396 814 2433 με,
854 2382 922 2423 καὶ
960 2383 1034 2439 οὐχ
1072 2383 1293 2440 εὑρήσετε.
1708 2402 1757 2438 34

172 2490 443 2555 Χαριέντως
482 2493 557 2542 καὶ
595 2498 748 2557 τοῦτο,
775 2497 849 2546 καὶ
890 2498 938 2547 ἐν
970 2496 1069 2560 ἤθει
1106 2503 1296 2567 πολλῷ.
1348 2500 1567 2564 σημαίνει
1599 2499 1686 2565 μὲν

96 2570 189 2638 γὰρ
217 2571 242 2622 ὅ
267 2595 324 2634 τι,
343 2571 461 2623 κατὰ
487 2572 542 2624 τὸ
565 2573 817 2644 πρόχειρον
842 2578 1095 2646 ε’κληφθὲν,
1116 2580 1169 2630 οὐ
1195 2580 1419 2648 δυσχερὲς
1446 2585 1509 2635 εἷς
1535 2582 1680 2633 κατά·
1702 2605 1724 2632 e

143 2722 175 2745 2.
195 2712 322 2746 ἑαυτῶν
341 2711 418 2747 B.a.
436 2713 545 2748 αὐτῶν
559 2714 678 2749 Holst.
693 2715 760 2750 Ed.
839 2726 868 2762 7.
888 2716 1124 2758 ἀναπτήσοιιαι
1142 2719 1281 2754 δέ-καὶ
1299 2720 1514 2766 ἀναβήσομαι
1531 2723 1635 2758 πάλιν
1652 2734 1684 2759 a.

188 2759 238 2783 θαυ
261 2759 383 2784 άσουσιν

98 2801 152 2826 10.
179 2767 390 2834 δοξέσουσιν
409 2792 450 2826 Β.
613 2805 667 2829 12.
693 2795 831 2842 αὐτούς]
856 2801 892 2838 -Ξ-
914 2798 947 2831 αἱ
964 2798 1094 2843 πληγαὶ
1112 2797 1209 2832 αὗται
1228 2799 1296 2834 Ed.
1314 2800 1432 2835 invitis
1452 2801 1527 2836 B.a.
1601 2803 1685 2848 ἀγα-

93 2840 201 2882 πητοῦ
220 2838 346 2872 desinit
365 2850 385 2872 a
402 2839 566 2874 omittens
584 2855 661 2885 μου.
906 2855 960 2889 13.
985 2845 1186 2888 συντέθηται
1206 2846 1246 2881 Β.
1266 2847 1511 2891 συντεθήσετιιι
1531 2849 1594 2883 Ht.
1618 2850 1684 2885 Ed.

97 2908 152 2945 17.
177 2901 502 2945 ἀντιδιατιθεμένους
527 2914 545 2936 e
571 2903 694 2938 Bibliis
720 2905 917 2940 emendavit
935 2906 1029 2941 Aub.
1060 2895 1308 2953 δῗιιίτιθεμένους
1335 2910 1376 2944 Β.
1395 2912 1685 2956 διανατιθεμένους

95 2946 159 2981 Ht.
308 2959 361 2993 19.
387 2948 509 2993 ἀγρίαν
529 2949 570 2983 Β.
593 2949 656 2984 Ht.
675 2951 795 2997 ἀργίαν
813 2953 906 2987 Aub.
