<?xml version="1.0" encoding="UTF-8"?>
<!DOCTYPE html PUBLIC "-//W3C//DTD XHTML 1.0 Transitional//EN"
    "http://www.w3.org/TR/xhtml1/DTD/xhtml1-transitional.dtd">
<html xmlns="http://www.w3.org/1999/xhtml" xml:lang="en" lang="en">
 <head>
  <title>
</title>
<meta http-equiv="Content-Type" content="text/html;charset=utf-8" />
  <meta name='ocr-system' content='tesseract 3.04.00' />
  <meta name='ocr-capabilities' content='ocr_page ocr_carea ocr_par ocr_line ocrx_word'/>
</head>
<body>
  <div class='ocr_page' id='page_1' title='image "./operacyrilli03cyriuoft_0382.png"; bbox 0 0 2084 3317; ppageno 0'>
   <div class='ocr_carea' id='block_1_1' title="bbox 110 1206 246 1289">
    <p class='ocr_par' dir='ltr' id='par_1_1' title="bbox 110 1206 246 1289">
     <span class='ocr_line' id='line_1_1' title="bbox 111 1206 218 1247; baseline -0.009 -11"><span class='ocrx_word' id='word_1_1' title='bbox 111 1206 218 1247; x_wconf 76' lang='lat' dir='ltr'>Supra</span> 
     </span>
     <span class='ocr_line' id='line_1_2' title="bbox 110 1257 246 1289; baseline 0.015 -9"><span class='ocrx_word' id='word_1_2' title='bbox 110 1261 175 1280; x_wconf 85' lang='lat' dir='ltr'>ver.</span> <span class='ocrx_word' id='word_1_3' title='bbox 199 1257 246 1289; x_wconf 84' lang='lat'>17.</span> 
     </span>
    </p>
   </div>
   <div class='ocr_carea' id='block_1_2' title="bbox 335 188 1922 235">
    <p class='ocr_par' dir='ltr' id='par_1_2' title="bbox 335 188 1922 235">
     <span class='ocr_line' id='line_1_3' title="bbox 335 188 1922 235; baseline 0.004 -9"><span class='ocrx_word' id='word_1_4' title='bbox 335 188 418 227; x_wconf 88' lang='grc'>316</span> <span class='ocrx_word' id='word_1_5' title='bbox 740 191 788 231; x_wconf 91' lang='grc' dir='ltr'>Β.</span> <span class='ocrx_word' id='word_1_6' title='bbox 823 192 1102 233; x_wconf 87' lang='lat' dir='ltr'>CYRILLI</span> <span class='ocrx_word' id='word_1_7' title='bbox 1145 194 1528 235; x_wconf 86' lang='lat' dir='ltr'><strong>ALEXANDR.</strong></span> <span class='ocrx_word' id='word_1_8' title='bbox 1795 209 1834 234; x_wconf 86' lang='lat' dir='ltr'>v.</span> <span class='ocrx_word' id='word_1_9' title='bbox 1859 192 1922 232; x_wconf 90' lang='lat'>18.</span> 
     </span>
    </p>
   </div>
   <div class='ocr_carea' id='block_1_3' title="bbox 335 296 1926 618">
    <p class='ocr_par' dir='ltr' id='par_1_3' title="bbox 335 296 1926 618">
     <span class='ocr_line' id='line_1_4' title="bbox 335 296 1926 372; baseline 0.004 -26"><span class='ocrx_word' id='word_1_10' title='bbox 335 296 582 363; x_wconf 78' lang='grc' dir='ltr'>ἄνθρωπος</span> <span class='ocrx_word' id='word_1_11' title='bbox 631 299 695 350; x_wconf 82' lang='grc' dir='ltr'>ὧν</span> <span class='ocrx_word' id='word_1_12' title='bbox 737 301 1083 368; x_wconf 82' lang='grc' dir='ltr'>ἀσχάλλοντες.</span> <span class='ocrx_word' id='word_1_13' title='bbox 1155 305 1208 354; x_wconf 85' lang='grc' dir='ltr'>οῦ</span> <span class='ocrx_word' id='word_1_14' title='bbox 1258 303 1352 370; x_wconf 80' lang='grc' dir='ltr'>γὰρ</span> <span class='ocrx_word' id='word_1_15' title='bbox 1403 302 1582 372; x_wconf 84' lang='grc' dir='ltr'>ᾕδεσάν</span> <span class='ocrx_word' id='word_1_16' title='bbox 1626 325 1702 355; x_wconf 88' lang='grc' dir='ltr'>πω</span> <span class='ocrx_word' id='word_1_17' title='bbox 1751 301 1833 353; x_wconf 82' lang='grc' dir='ltr'>τὸν</span> <span class='ocrx_word' id='word_1_18' title='bbox 1877 304 1926 353; x_wconf 88' lang='grc' dir='ltr'>ἐν</span> 
     </span>
     <span class='ocr_line' id='line_1_5' title="bbox 337 378 1925 451; baseline 0.004 -23"><span class='ocrx_word' id='word_1_19' title='bbox 337 378 508 430; x_wconf 85' lang='grc' dir='ltr'>δούλου</span> <span class='ocrx_word' id='word_1_20' title='bbox 543 386 706 449; x_wconf 82' lang='grc' dir='ltr'>μορφῇ</span> <span class='ocrx_word' id='word_1_21' title='bbox 742 384 796 433; x_wconf 89' lang='grc' dir='ltr'>δι’</span> <span class='ocrx_word' id='word_1_22' title='bbox 825 384 945 447; x_wconf 82' lang='grc' dir='ltr'>ἡμᾶς</span> <span class='ocrx_word' id='word_1_23' title='bbox 979 384 1210 451; x_wconf 79' lang='grc' dir='ltr'>γεγονότα</span> <span class='ocrx_word' id='word_1_24' title='bbox 1241 384 1366 436; x_wconf 80' lang='grc' dir='ltr'>Θεὸν</span> <span class='ocrx_word' id='word_1_25' title='bbox 1395 385 1571 451; x_wconf 91' lang='grc' dir='ltr'>Λόγον,</span> <span class='ocrx_word' id='word_1_26' title='bbox 1597 384 1682 450; x_wconf 85' lang='grc' dir='ltr'>τὴν</span> <span class='ocrx_word' id='word_1_27' title='bbox 1715 387 1764 436; x_wconf 87' lang='grc' dir='ltr'>ἐκ</span> <span class='ocrx_word' id='word_1_28' title='bbox 1800 388 1925 435; x_wconf 92' lang='grc' dir='ltr'>Θεοῦ</span> 
     </span>
     <span class='ocr_line' id='line_1_6' title="bbox 338 461 1924 536; baseline 0.004 -25"><span class='ocrx_word' id='word_1_29' title='bbox 338 461 529 527; x_wconf 85' lang='grc' dir='ltr'>Πατρὸς</span> <span class='ocrx_word' id='word_1_30' title='bbox 567 462 904 529; x_wconf 82' lang='grc' dir='ltr'>ἀναβρύουσαν</span> <span class='ocrx_word' id='word_1_31' title='bbox 941 465 1075 532; x_wconf 72' lang='grc' dir='ltr'>ζωὴν,</span> <span class='ocrx_word' id='word_1_32' title='bbox 1111 468 1326 518; x_wconf 82' lang='grc' dir='ltr'>τουτέστι</span> <span class='ocrx_word' id='word_1_33' title='bbox 1365 467 1448 518; x_wconf 80' lang='grc' dir='ltr'>τὸν</span> <span class='ocrx_word' id='word_1_34' title='bbox 1485 469 1752 533; x_wconf 84' lang='grc' dir='ltr'>Μονογενῆ,</span> <span class='ocrx_word' id='word_1_35' title='bbox 1792 465 1829 536; x_wconf 71' lang='grc' dir='ltr'><strong><em>ᾧ</em></strong></span> <span class='ocrx_word' id='word_1_36' title='bbox 1867 465 1924 530; x_wconf 84' lang='grc' dir='ltr'>δὴ</span> 
     </span>
     <span class='ocr_line' id='line_1_7' title="bbox 336 543 1924 618; baseline 0.004 -26"><span class='ocrx_word' id='word_1_37' title='bbox 336 545 411 592; x_wconf 82' lang='grc' dir='ltr'>καὶ</span> <span class='ocrx_word' id='word_1_38' title='bbox 449 543 578 613; x_wconf 73' lang='grc' dir='ltr'>μόνῳ</span> <span class='ocrx_word' id='word_1_39' title='bbox 617 545 782 611; x_wconf 80' lang='grc' dir='ltr'>κυρίως</span> <span class='ocrx_word' id='word_1_40' title='bbox 821 569 871 597; x_wconf 93' lang='grc' dir='ltr'>τε</span> <span class='ocrx_word' id='word_1_41' title='bbox 910 549 986 598; x_wconf 82' lang='grc' dir='ltr'>καὶ</span> <span class='ocrx_word' id='word_1_42' title='bbox 1024 549 1215 612; x_wconf 81' lang='grc' dir='ltr'>ἀληθῶς</span> <span class='ocrx_word' id='word_1_43' title='bbox 1261 549 1574 618; x_wconf 84' lang='grc' dir='ltr'>ἐπιγράφεταί</span> <span class='ocrx_word' id='word_1_44' title='bbox 1611 572 1661 600; x_wconf 87' lang='grc' dir='ltr'>τε</span> <span class='ocrx_word' id='word_1_45' title='bbox 1705 551 1778 599; x_wconf 77' lang='grc' dir='ltr'>καὶ</span> <span class='ocrx_word' id='word_1_46' title='bbox 1821 548 1924 599; x_wconf 78' lang='grc' dir='ltr'>ἔστι</span> 
     </span>
    </p>
   </div>
   <div class='ocr_carea' id='block_1_4' title="bbox 288 626 1924 699">
    <p class='ocr_par' dir='ltr' id='par_1_4' title="bbox 288 626 1924 699">
     <span class='ocr_line' id='line_1_8' title="bbox 288 626 1924 699; baseline 0.004 -25"><span class='ocrx_word' id='word_1_47' title='bbox 288 631 314 671; x_wconf 87' lang='lat' dir='ltr'><strong>b</strong></span> <span class='ocrx_word' id='word_1_48' title='bbox 335 626 490 693; x_wconf 82' lang='grc' dir='ltr'>πατὴρ</span> <span class='ocrx_word' id='word_1_49' title='bbox 518 629 542 679; x_wconf 84' lang='grc' dir='ltr'>ὁ</span> <span class='ocrx_word' id='word_1_50' title='bbox 571 628 705 692; x_wconf 79' lang='grc' dir='ltr'>Θεὸς,</span> <span class='ocrx_word' id='word_1_51' title='bbox 733 631 842 694; x_wconf 82' lang='grc' dir='ltr'>ἡμῖν</span> <span class='ocrx_word' id='word_1_52' title='bbox 871 630 919 682; x_wconf 82' lang='grc' dir='ltr'>δὲ</span> <span class='ocrx_word' id='word_1_53' title='bbox 955 632 1122 683; x_wconf 77' lang='grc' dir='ltr'>οὐκέτι·</span> <span class='ocrx_word' id='word_1_54' title='bbox 1166 635 1292 684; x_wconf 80' lang='grc' dir='ltr'>θετοὶ</span> <span class='ocrx_word' id='word_1_55' title='bbox 1326 633 1419 699; x_wconf 76' lang='grc' dir='ltr'>γὰρ</span> <span class='ocrx_word' id='word_1_56' title='bbox 1454 634 1596 697; x_wconf 83' lang='grc' dir='ltr'>ἡμεῖς,</span> <span class='ocrx_word' id='word_1_57' title='bbox 1624 636 1685 687; x_wconf 83' lang='grc' dir='ltr'>εἷς</span> <span class='ocrx_word' id='word_1_58' title='bbox 1721 633 1774 683; x_wconf 83' lang='grc' dir='ltr'>τὸ</span> <span class='ocrx_word' id='word_1_59' title='bbox 1810 632 1924 698; x_wconf 82' lang='grc' dir='ltr'>ὑπὲρ</span> 
     </span>
    </p>
   </div>
   <div class='ocr_carea' id='block_1_5' title="bbox 333 710 1926 1194">
    <p class='ocr_par' dir='ltr' id='par_1_5' title="bbox 333 710 1926 1194">
     <span class='ocr_line' id='line_1_9' title="bbox 335 710 1925 779; baseline 0.005 -20"><span class='ocrx_word' id='word_1_60' title='bbox 335 710 485 776; x_wconf 83' lang='grc' dir='ltr'>φύσιν</span> <span class='ocrx_word' id='word_1_61' title='bbox 511 710 698 779; x_wconf 75' lang='grc' dir='ltr'>ἀξίωμα</span> <span class='ocrx_word' id='word_1_62' title='bbox 723 711 800 763; x_wconf 81' lang='grc' dir='ltr'>διὰ</span> <span class='ocrx_word' id='word_1_63' title='bbox 826 712 911 777; x_wconf 88' lang='grc' dir='ltr'>τὴν</span> <span class='ocrx_word' id='word_1_64' title='bbox 931 719 1014 764; x_wconf 93' lang='grc' dir='ltr'>τοῦ</span> <span class='ocrx_word' id='word_1_65' title='bbox 1041 715 1329 779; x_wconf 81' lang='grc' dir='ltr'>τιμήσαντος</span> <span class='ocrx_word' id='word_1_66' title='bbox 1356 714 1556 779; x_wconf 77' lang='grc' dir='ltr'>θέλησιν</span> <span class='ocrx_word' id='word_1_67' title='bbox 1579 716 1925 776; x_wconf 77' lang='grc' dir='ltr'>ἀναβαίνοντες,</span> 
     </span>
     <span class='ocr_line' id='line_1_10' title="bbox 334 792 1925 864; baseline 0.004 -23"><span class='ocrx_word' id='word_1_68' title='bbox 334 793 410 841; x_wconf 78' lang='grc' dir='ltr'>καὶ</span> <span class='ocrx_word' id='word_1_69' title='bbox 445 792 498 842; x_wconf 87' lang='grc' dir='ltr'>τὸ</span> <span class='ocrx_word' id='word_1_70' title='bbox 534 795 628 843; x_wconf 81' lang='grc' dir='ltr'>θεοὶ</span> <span class='ocrx_word' id='word_1_71' title='bbox 664 795 738 844; x_wconf 75' lang='grc' dir='ltr'>καὶ</span> <span class='ocrx_word' id='word_1_72' title='bbox 777 796 863 845; x_wconf 79' lang='grc' dir='ltr'>υἱοὶ</span> <span class='ocrx_word' id='word_1_73' title='bbox 899 800 1151 848; x_wconf 83' lang='grc' dir='ltr'>καλεῖσθαι</span> <span class='ocrx_word' id='word_1_74' title='bbox 1186 799 1500 864; x_wconf 84' lang='grc' dir='ltr'>κερδαίνοντες</span> <span class='ocrx_word' id='word_1_75' title='bbox 1532 797 1607 848; x_wconf 82' lang='grc' dir='ltr'>διὰ</span> <span class='ocrx_word' id='word_1_76' title='bbox 1633 796 1715 848; x_wconf 83' lang='grc' dir='ltr'>τὸν</span> <span class='ocrx_word' id='word_1_77' title='bbox 1742 799 1790 847; x_wconf 87' lang='grc' dir='ltr'>ἐν</span> <span class='ocrx_word' id='word_1_78' title='bbox 1816 798 1925 860; x_wconf 83' lang='grc' dir='ltr'>ἡμῖν</span> 
     </span>
     <span class='ocr_line' id='line_1_11' title="bbox 335 875 1926 946; baseline 0.004 -23"><span class='ocrx_word' id='word_1_79' title='bbox 335 875 602 925; x_wconf 84' lang='grc' dir='ltr'>ἐνοικοῦντα</span> <span class='ocrx_word' id='word_1_80' title='bbox 646 876 864 939; x_wconf 83' lang='grc' dir='ltr'>Χριστὸν</span> <span class='ocrx_word' id='word_1_81' title='bbox 909 877 985 928; x_wconf 79' lang='grc' dir='ltr'>διὰ</span> <span class='ocrx_word' id='word_1_82' title='bbox 1034 885 1117 929; x_wconf 92' lang='grc' dir='ltr'>τοῦ</span> <span class='ocrx_word' id='word_1_83' title='bbox 1161 879 1326 946; x_wconf 48' lang='grc' dir='ltr'>(Αγίου</span> <span class='ocrx_word' id='word_1_84' title='bbox 1373 879 1665 944; x_wconf 80' lang='grc' dir='ltr'>Πνεύματος.</span> <span class='ocrx_word' id='word_1_85' title='bbox 1733 883 1794 933; x_wconf 82' lang='grc' dir='ltr'>εἰς</span> <span class='ocrx_word' id='word_1_86' title='bbox 1838 878 1926 943; x_wconf 88' lang='grc' dir='ltr'>τὴν</span> 
     </span>
     <span class='ocr_line' id='line_1_12' title="bbox 333 955 1924 1030; baseline 0.003 -24"><span class='ocrx_word' id='word_1_87' title='bbox 333 955 492 1023; x_wconf 79' lang='grc' dir='ltr'>σάρκα</span> <span class='ocrx_word' id='word_1_88' title='bbox 535 964 784 1024; x_wconf 82' lang='grc' dir='ltr'>τοιγαροῦν</span> <span class='ocrx_word' id='word_1_89' title='bbox 831 961 1102 1027; x_wconf 78' lang='grc' dir='ltr'>ἀφορῶντες</span> <span class='ocrx_word' id='word_1_90' title='bbox 1147 960 1309 1027; x_wconf 90' lang='grc' dir='ltr'>μόνην,</span> <span class='ocrx_word' id='word_1_91' title='bbox 1355 962 1436 1013; x_wconf 84' lang='grc' dir='ltr'>τὸν</span> <span class='ocrx_word' id='word_1_92' title='bbox 1481 961 1529 1013; x_wconf 77' lang='grc' dir='ltr'>δὲ</span> <span class='ocrx_word' id='word_1_93' title='bbox 1581 963 1630 1012; x_wconf 84' lang='grc' dir='ltr'>ἐν</span> <span class='ocrx_word' id='word_1_94' title='bbox 1674 966 1731 1030; x_wconf 80' lang='grc' dir='ltr'>τῇ</span> <span class='ocrx_word' id='word_1_95' title='bbox 1782 962 1924 1027; x_wconf 77' lang='grc' dir='ltr'>σαρκὶ</span> 
     </span>
     <span class='ocr_line' id='line_1_13' title="bbox 334 1039 1925 1112; baseline 0.005 -23"><span class='ocrx_word' id='word_1_96' title='bbox 334 1044 639 1090; x_wconf 89' lang='grc' dir='ltr'>κατοικοῦντα</span> <span class='ocrx_word' id='word_1_97' title='bbox 679 1039 804 1092; x_wconf 80' lang='grc' dir='ltr'>Θεὸν</span> <span class='ocrx_word' id='word_1_98' title='bbox 839 1043 922 1092; x_wconf 82' lang='grc' dir='ltr'>οὐκ</span> <span class='ocrx_word' id='word_1_99' title='bbox 961 1044 1364 1109; x_wconf 82' lang='grc' dir='ltr'>ἐπιγινώσκοντες,</span> <span class='ocrx_word' id='word_1_100' title='bbox 1401 1047 1483 1095; x_wconf 84' lang='grc' dir='ltr'>οῦκ</span> <span class='ocrx_word' id='word_1_101' title='bbox 1523 1045 1767 1112; x_wconf 78' lang='grc' dir='ltr'>ἀνέχονται</span> <span class='ocrx_word' id='word_1_102' title='bbox 1806 1042 1925 1110; x_wconf 82' lang='grc' dir='ltr'>πρὸς</span> 
     </span>
     <span class='ocr_line' id='line_1_14' title="bbox 334 1120 1924 1194; baseline 0.003 -23"><span class='ocrx_word' id='word_1_103' title='bbox 334 1120 388 1171; x_wconf 83' lang='grc' dir='ltr'>τὸ</span> <span class='ocrx_word' id='word_1_104' title='bbox 428 1121 693 1188; x_wconf 80' lang='grc' dir='ltr'>ὑπερέκεινα</span> <span class='ocrx_word' id='word_1_105' title='bbox 732 1125 815 1187; x_wconf 81' lang='grc' dir='ltr'>τῆς</span> <span class='ocrx_word' id='word_1_106' title='bbox 849 1124 1102 1191; x_wconf 82' lang='grc' dir='ltr'>ἀνθρώπου</span> <span class='ocrx_word' id='word_1_107' title='bbox 1138 1126 1329 1194; x_wconf 80' lang='grc' dir='ltr'>φύσεως</span> <span class='ocrx_word' id='word_1_108' title='bbox 1368 1128 1702 1191; x_wconf 81' lang='grc' dir='ltr'>ἀναπηδῶντος</span> <span class='ocrx_word' id='word_1_109' title='bbox 1738 1125 1924 1192; x_wconf 80' lang='grc' dir='ltr'>μέτρον,</span> 
     </span>
    </p>
   </div>
   <div class='ocr_carea' id='block_1_6' title="bbox 1741 1212 1760 1221">
    <p class='ocr_par' dir='ltr' id='par_1_6' title="bbox 1741 1212 1760 1221">
     <span class='ocr_line' id='line_1_15' title="bbox 1741 1212 1760 1221; baseline 0 0"><span class='ocrx_word' id='word_1_110' title='bbox 1741 1212 1760 1221; x_wconf 60' lang='grc' dir='ltr'>Α</span> 
     </span>
    </p>
   </div>
   <div class='ocr_carea' id='block_1_7' title="bbox 335 1201 1924 1277">
    <p class='ocr_par' dir='ltr' id='par_1_7' title="bbox 335 1201 1924 1277">
     <span class='ocr_line' id='line_1_16' title="bbox 335 1201 1924 1277; baseline 0.004 -25"><span class='ocrx_word' id='word_1_111' title='bbox 335 1201 411 1252; x_wconf 79' lang='grc' dir='ltr'>διὰ</span> <span class='ocrx_word' id='word_1_112' title='bbox 436 1209 519 1253; x_wconf 91' lang='grc' dir='ltr'>τοῦ</span> <span class='ocrx_word' id='word_1_113' title='bbox 553 1204 733 1271; x_wconf 65' lang='grc' dir='ltr'>πατερα</span> <span class='ocrx_word' id='word_1_114' title='bbox 760 1205 915 1271; x_wconf 77' lang='grc' dir='ltr'>λέγειν</span> <span class='ocrx_word' id='word_1_115' title='bbox 941 1207 1106 1258; x_wconf 83' lang='grc' dir='ltr'>ἑαυτοῦ</span> <span class='ocrx_word' id='word_1_116' title='bbox 1132 1206 1215 1257; x_wconf 79' lang='grc' dir='ltr'>τὸν</span> <span class='ocrx_word' id='word_1_117' title='bbox 1241 1206 1382 1259; x_wconf 88' lang='grc' dir='ltr'>Θεόν·</span> <span class='ocrx_word' id='word_1_118' title='bbox 1434 1211 1501 1277; x_wconf 72' lang='grc' dir='ltr'>τῷ</span> <span class='ocrx_word' id='word_1_119' title='bbox 1526 1208 1619 1274; x_wconf 83' lang='grc' dir='ltr'>γὰρ</span> <span class='ocrx_word' id='word_1_120' title='bbox 1643 1211 1782 1259; x_wconf 79' lang='grc' dir='ltr'>εἶπειν</span> <span class='ocrx_word' id='word_1_121' title='bbox 1810 1215 1836 1237; x_wconf 79' lang='grc'><strong>“</strong></span> <span class='ocrx_word' id='word_1_122' title='bbox 1861 1209 1924 1258; x_wconf 72' lang='lat' dir='ltr'>‘O</span> 
     </span>
    </p>
   </div>
   <div class='ocr_carea' id='block_1_8' title="bbox 295 1284 1924 1358">
    <p class='ocr_par' dir='ltr' id='par_1_8' title="bbox 295 1284 1924 1358">
     <span class='ocr_line' id='line_1_17' title="bbox 295 1284 1924 1358; baseline 0.004 -24"><span class='ocrx_word' id='word_1_123' title='bbox 295 1309 315 1334; x_wconf 82' lang='lat' dir='ltr'>e</span> <span class='ocrx_word' id='word_1_124' title='bbox 337 1291 363 1314; x_wconf 84' lang='lat'><strong>“</strong></span> <span class='ocrx_word' id='word_1_125' title='bbox 383 1284 552 1352; x_wconf 86' lang='grc' dir='ltr'>Πατήρ</span> <span class='ocrx_word' id='word_1_126' title='bbox 569 1288 699 1349; x_wconf 88' lang='grc' dir='ltr'>μου,”</span> <span class='ocrx_word' id='word_1_127' title='bbox 719 1286 894 1351; x_wconf 81' lang='grc' dir='ltr'>ταύτην</span> <span class='ocrx_word' id='word_1_128' title='bbox 912 1286 970 1338; x_wconf 76' lang='grc' dir='ltr'>ἂν</span> <span class='ocrx_word' id='word_1_129' title='bbox 987 1287 1175 1343; x_wconf 74' lang='grc' dir='ltr'>εἰκότως</span> <span class='ocrx_word' id='word_1_130' title='bbox 1192 1289 1404 1358; x_wconf 76' lang='grc' dir='ltr'>εἰσφέροι</span> <span class='ocrx_word' id='word_1_131' title='bbox 1421 1289 1506 1353; x_wconf 87' lang='grc' dir='ltr'>τὴν</span> <span class='ocrx_word' id='word_1_132' title='bbox 1523 1290 1719 1341; x_wconf 74' lang='grc' dir='ltr'>ἔννοιαν·</span> <span class='ocrx_word' id='word_1_133' title='bbox 1750 1288 1924 1340; x_wconf 75' lang='grc' dir='ltr'>οἴονται</span> 
     </span>
    </p>
   </div>
   <div class='ocr_carea' id='block_1_9' title="bbox 332 1366 1926 1764">
    <p class='ocr_par' dir='ltr' id='par_1_9' title="bbox 332 1366 1926 1764">
     <span class='ocr_line' id='line_1_18' title="bbox 334 1366 1925 1437; baseline 0.003 -20"><span class='ocrx_word' id='word_1_134' title='bbox 334 1366 384 1417; x_wconf 79' lang='grc' dir='ltr'>δὲ</span> <span class='ocrx_word' id='word_1_135' title='bbox 420 1371 513 1418; x_wconf 82' lang='grc' dir='ltr'>δεῖν</span> <span class='ocrx_word' id='word_1_136' title='bbox 539 1366 621 1419; x_wconf 81' lang='grc' dir='ltr'>τὸν</span> <span class='ocrx_word' id='word_1_137' title='bbox 649 1366 775 1437; x_wconf 73' lang='grc' dir='ltr'>ᾧπέρ</span> <span class='ocrx_word' id='word_1_138' title='bbox 810 1370 940 1420; x_wconf 87' lang='grc' dir='ltr'>ἐστιν</span> <span class='ocrx_word' id='word_1_139' title='bbox 967 1369 1230 1437; x_wconf 72' lang='grc' dir='ltr'>ἰδιαζόντως</span> <span class='ocrx_word' id='word_1_140' title='bbox 1265 1371 1422 1436; x_wconf 85' lang='grc' dir='ltr'>πατὴρ</span> <span class='ocrx_word' id='word_1_141' title='bbox 1458 1373 1482 1421; x_wconf 85' lang='grc' dir='ltr'><em>ὁ</em></span> <span class='ocrx_word' id='word_1_142' title='bbox 1516 1371 1651 1434; x_wconf 83' lang='grc' dir='ltr'>Θεὸς,</span> <span class='ocrx_word' id='word_1_143' title='bbox 1682 1374 1770 1423; x_wconf 76' lang='grc' dir='ltr'>ἴσον</span> <span class='ocrx_word' id='word_1_144' title='bbox 1811 1369 1925 1422; x_wconf 75' lang='grc' dir='ltr'>εἶναι</span> 
     </span>
     <span class='ocr_line' id='line_1_19' title="bbox 337 1449 1925 1522; baseline 0.003 -23"><span class='ocrx_word' id='word_1_145' title='bbox 337 1449 457 1500; x_wconf 78' lang='grc' dir='ltr'>κατὰ</span> <span class='ocrx_word' id='word_1_146' title='bbox 484 1449 633 1519; x_wconf 82' lang='grc' dir='ltr'>φύσιν</span> <span class='ocrx_word' id='word_1_147' title='bbox 660 1451 800 1520; x_wconf 70' lang='grc' dir='ltr'>αὐτῷ,</span> <span class='ocrx_word' id='word_1_148' title='bbox 826 1456 965 1502; x_wconf 89' lang='grc' dir='ltr'>τοῦτο</span> <span class='ocrx_word' id='word_1_149' title='bbox 999 1451 1054 1515; x_wconf 83' lang='grc' dir='ltr'>δὴ</span> <span class='ocrx_word' id='word_1_150' title='bbox 1087 1452 1232 1516; x_wconf 88' lang='grc' dir='ltr'>μόνον</span> <span class='ocrx_word' id='word_1_151' title='bbox 1260 1458 1472 1507; x_wconf 88' lang='grc' dir='ltr'>νοοῦντες</span> <span class='ocrx_word' id='word_1_152' title='bbox 1500 1455 1668 1519; x_wconf 77' lang='grc' dir='ltr'>ὀρθῶς·</span> <span class='ocrx_word' id='word_1_153' title='bbox 1712 1455 1805 1522; x_wconf 73' lang='grc' dir='ltr'>ε”χει</span> <span class='ocrx_word' id='word_1_154' title='bbox 1832 1452 1925 1520; x_wconf 77' lang='grc' dir='ltr'>γὰρ</span> 
     </span>
     <span class='ocr_line' id='line_1_20' title="bbox 333 1533 1926 1603; baseline 0.002 -20"><span class='ocrx_word' id='word_1_155' title='bbox 333 1533 495 1593; x_wconf 78' lang='grc' dir='ltr'>οὕτως,</span> <span class='ocrx_word' id='word_1_156' title='bbox 525 1535 601 1584; x_wconf 74' lang='grc' dir='ltr'>καὶ</span> <span class='ocrx_word' id='word_1_157' title='bbox 637 1534 725 1601; x_wconf 81' lang='grc' dir='ltr'>οὐχ</span> <span class='ocrx_word' id='word_1_158' title='bbox 763 1533 945 1600; x_wconf 79' lang='grc' dir='ltr'>ἑτέρως.</span> <span class='ocrx_word' id='word_1_159' title='bbox 1002 1537 1063 1589; x_wconf 86' lang='grc' dir='ltr'>ὡς</span> <span class='ocrx_word' id='word_1_160' title='bbox 1099 1536 1180 1585; x_wconf 78' lang='grc' dir='ltr'>οὖν</span> <span class='ocrx_word' id='word_1_161' title='bbox 1216 1537 1291 1586; x_wconf 74' lang='grc' dir='ltr'>καὶ</span> <span class='ocrx_word' id='word_1_162' title='bbox 1327 1535 1502 1600; x_wconf 85' lang='grc' dir='ltr'>ταύτην</span> <span class='ocrx_word' id='word_1_163' title='bbox 1536 1542 1618 1588; x_wconf 91' lang='grc' dir='ltr'>τοῦ</span> <span class='ocrx_word' id='word_1_164' title='bbox 1653 1536 1804 1603; x_wconf 90' lang='grc' dir='ltr'>λόγου</span> <span class='ocrx_word' id='word_1_165' title='bbox 1839 1535 1926 1599; x_wconf 88' lang='grc' dir='ltr'>τὴν</span> 
     </span>
     <span class='ocr_line' id='line_1_21' title="bbox 332 1615 1925 1685; baseline 0.004 -20"><span class='ocrx_word' id='word_1_166' title='bbox 332 1615 512 1666; x_wconf 76' lang='grc' dir='ltr'>ε”ννοιαν</span> <span class='ocrx_word' id='word_1_167' title='bbox 537 1615 928 1682; x_wconf 81' lang='grc' dir='ltr'>παρεισάγοντος,</span> <span class='ocrx_word' id='word_1_168' title='bbox 956 1618 1281 1682; x_wconf 79' lang='grc' dir='ltr'>ἀγανακτοῦσι</span> <span class='ocrx_word' id='word_1_169' title='bbox 1312 1618 1529 1685; x_wconf 73' lang='grc' dir='ltr'>μειζόνως</span> <span class='ocrx_word' id='word_1_170' title='bbox 1566 1618 1648 1670; x_wconf 86' lang='grc' dir='ltr'>τὸν</span> <span class='ocrx_word' id='word_1_171' title='bbox 1674 1617 1815 1685; x_wconf 83' lang='grc' dir='ltr'>ὀρθὸν</span> <span class='ocrx_word' id='word_1_172' title='bbox 1842 1621 1925 1682; x_wconf 85' lang='grc' dir='ltr'>τῆς</span> 
     </span>
     <span class='ocr_line' id='line_1_22' title="bbox 332 1697 1109 1764; baseline 0.004 -16"><span class='ocrx_word' id='word_1_173' title='bbox 332 1699 554 1762; x_wconf 84' lang='grc' dir='ltr'>ἀληθείας</span> <span class='ocrx_word' id='word_1_174' title='bbox 583 1697 908 1764; x_wconf 84' lang='grc' dir='ltr'>ἐκτρεπόμενοι</span> <span class='ocrx_word' id='word_1_175' title='bbox 944 1698 1109 1764; x_wconf 90' lang='grc' dir='ltr'>λόγον.</span> 
     </span>
    </p>
   </div>
   <div class='ocr_carea' id='block_1_10' title="bbox 333 1837 1923 1934">
    <p class='ocr_par' dir='ltr' id='par_1_10' title="bbox 333 1837 1923 1934">
     <span class='ocr_line' id='line_1_23' title="bbox 382 1837 1923 1884; baseline 0.003 -12"><span class='ocrx_word' id='word_1_176' title='bbox 382 1849 414 1872; x_wconf 90' lang='lat'>2.</span> <span class='ocrx_word' id='word_1_177' title='bbox 441 1837 495 1883; x_wconf 82' lang='grc' dir='ltr'>ε’κ]</span> <span class='ocrx_word' id='word_1_178' title='bbox 519 1843 555 1879; x_wconf 77' lang='grc'>-1-</span> <span class='ocrx_word' id='word_1_179' title='bbox 577 1841 637 1873; x_wconf 87' lang='grc' dir='ltr'>τοῦ</span> <span class='ocrx_word' id='word_1_180' title='bbox 657 1839 724 1874; x_wconf 86' lang='lat' dir='ltr'>Ed.</span> <span class='ocrx_word' id='word_1_181' title='bbox 743 1839 854 1874; x_wconf 79' lang='lat' dir='ltr'>invito</span> <span class='ocrx_word' id='word_1_182' title='bbox 874 1839 916 1874; x_wconf 83' lang='lat' dir='ltr'>B.</span> <span class='ocrx_word' id='word_1_183' title='bbox 1026 1850 1057 1883; x_wconf 90' lang='lat'>5.</span> <span class='ocrx_word' id='word_1_184' title='bbox 1084 1840 1176 1884; x_wconf 85' lang='grc' dir='ltr'>ἡμῶν</span> <span class='ocrx_word' id='word_1_185' title='bbox 1194 1840 1240 1875; x_wconf 91' lang='lat' dir='ltr'>D.</span> <span class='ocrx_word' id='word_1_186' title='bbox 1351 1842 1383 1875; x_wconf 88' lang='grc'>8.</span> <span class='ocrx_word' id='word_1_187' title='bbox 1411 1842 1601 1876; x_wconf 81' lang='grc' dir='ltr'>ἐνοικοῦντα</span> <span class='ocrx_word' id='word_1_188' title='bbox 1621 1841 1663 1877; x_wconf 87' lang='lat' dir='ltr'>B.</span> <span class='ocrx_word' id='word_1_189' title='bbox 1682 1841 1836 1876; x_wconf 80' lang='grc' dir='ltr'>οἰκοῦντα</span> <span class='ocrx_word' id='word_1_190' title='bbox 1856 1842 1923 1878; x_wconf 88' lang='lat' dir='ltr'>Ed.</span> 
     </span>
     <span class='ocr_line' id='line_1_24' title="bbox 333 1884 1789 1934; baseline 0.003 -15"><span class='ocrx_word' id='word_1_191' title='bbox 333 1897 365 1929; x_wconf 88' lang='lat'>9.</span> <span class='ocrx_word' id='word_1_192' title='bbox 390 1884 501 1920; x_wconf 87' lang='grc' dir='ltr'>τοίνυν</span> <span class='ocrx_word' id='word_1_193' title='bbox 517 1889 696 1931; x_wconf 85' lang='grc' dir='ltr'>τοιγαροῦν</span> <span class='ocrx_word' id='word_1_194' title='bbox 716 1886 756 1920; x_wconf 89' lang='grc' dir='ltr'>Β.</span> <span class='ocrx_word' id='word_1_195' title='bbox 907 1898 958 1921; x_wconf 86' lang='lat'>10.</span> <span class='ocrx_word' id='word_1_196' title='bbox 985 1888 1043 1921; x_wconf 80' lang='grc' dir='ltr'>οὐκ</span> <span class='ocrx_word' id='word_1_197' title='bbox 1062 1887 1356 1934; x_wconf 82' lang='grc' dir='ltr'>ἐπιγινώσκοντες]</span> <span class='ocrx_word' id='word_1_198' title='bbox 1378 1888 1487 1923; x_wconf 79' lang='grc' dir='ltr'>οὐκέτι</span> <span class='ocrx_word' id='word_1_199' title='bbox 1505 1890 1729 1934; x_wconf 83' lang='grc' dir='ltr'>γινώσκοντες</span> <span class='ocrx_word' id='word_1_200' title='bbox 1748 1889 1789 1923; x_wconf 88' lang='grc' dir='ltr'>Β.</span> 
     </span>
    </p>
   </div>
   <div class='ocr_carea' id='block_1_11' title="bbox 1944 654 1965 690">
    <p class='ocr_par' dir='ltr' id='par_1_11' title="bbox 1944 654 1965 690">
     <span class='ocr_line' id='line_1_25' title="bbox 1944 654 1965 690; textangle 90"><span class='ocrx_word' id='word_1_201' title='bbox 1944 654 1965 690; x_wconf 68' lang='lat' dir='ltr'>Ul</span> 
     </span>
    </p>
   </div>
   <div class='ocr_carea' id='block_1_12' title="bbox 1948 1071 1995 1096">
    <p class='ocr_par' dir='ltr' id='par_1_12' title="bbox 1948 1071 1995 1096">
     <span class='ocr_line' id='line_1_26' title="bbox 1948 1071 1995 1096; baseline 0.021 -1"><span class='ocrx_word' id='word_1_202' title='bbox 1948 1071 1995 1096; x_wconf 93' lang='lat'>10</span> 
     </span>
    </p>
   </div>
   <div class='ocr_carea' id='block_1_13' title="bbox 1949 1480 1993 1516">
    <p class='ocr_par' dir='ltr' id='par_1_13' title="bbox 1949 1480 1993 1516">
     <span class='ocr_line' id='line_1_27' title="bbox 1949 1480 1993 1516; baseline 0 0"><span class='ocrx_word' id='word_1_203' title='bbox 1949 1480 1993 1516; x_wconf 91' lang='lat'>15</span> 
     </span>
    </p>
   </div>
  </div>
 </body>
</html>
