2084 3317
131 1001 187 1033 Ps.

131 1045 243 1077 cxxxi.

136 1099 149 1120 1
159 1098 172 1120 1
179 1111 188 1120 .

132 1245 215 1277 Mic.
231 1255 262 1278 v.

135 1298 165 1320 2.

133 1821 165 1850 S.
179 1819 260 1850 Luc.

132 1864 175 1895 iv.
196 1862 245 1895 16.

290 2458 341 2496 43
615 2450 778 2507 Σχίσμα
816 2448 889 2492 οὖν
926 2450 1098 2498 ὲΓὲνετο
1135 2449 1180 2491 ἐν
1221 2451 1278 2504 τῷ
1315 2450 1431 2506 ὄχλῳ
1468 2450 1514 2492 δι’
1548 2450 1692 2493 αὐτόν.

354 155 438 195 700
757 154 808 195 Β.
841 153 1117 194 CYRILLI
1157 152 1540 194 ALEXANDR.
1781 150 1854 191 vii.
1870 162 1941 204 43.

353 262 582 313 ποικίλων
626 260 915 328 συνάγοντες
958 263 1146 313 ἐννοιῶν
1186 261 1272 325 τὴν
1314 261 1382 312 ἐπ’
1423 262 1550 330 αὐτῷ
1593 261 1677 323 τῆς
1720 258 1942 322 ἀληθείας

355 343 644 412 κατάληψιν.
684 342 1121 410 προτεθαυμακότες·
1145 342 1239 409 γὰρ
1265 342 1352 407 ἤδη
1380 341 1455 393 διὰ
1480 347 1575 392 τῶν
1594 341 1755 407 λόγων
1775 341 1942 401 αὐτῶν,
2057 287 2063 447 ἱ

355 428 430 477 καὶ
456 425 542 490 τὴν
566 428 615 477 ἐν
640 431 740 479 ταῖς
768 425 1071 494 ὑφηγήσεσιν
1099 427 1336 493 ὑπερφερῆ
1360 424 1631 492 παῤῥησίαν
1651 420 1945 491 χειραγωγὸν
2058 448 2064 487 ³.

308 519 336 559 b
354 509 444 574 ἤδη
485 508 730 577 δεξάμενοι
772 506 891 574 πρὸς
934 507 989 558 τὸ
1042 506 1321 573 λογίζεσθαί
1368 530 1413 558 τι
1459 506 1582 571 με’γα
1631 507 1736 572 περὶ
1787 505 1943 566 αὐτοῦ,
2059 490 2064 528 ³

354 593 431 642 καὶ
469 590 614 655 αὐτὴν
651 589 737 654 τὴν
776 590 903 640 θείαν
941 593 1297 655 προσερευνῶσι
1335 587 1543 655 γραφὴν,
1576 583 1986 650 ἀπλανεστάτην5

353 675 523 724 ἐκεῖθεν
551 671 765 738 εὑρήσειν
792 670 992 735 οἰόμενοι
1017 672 1121 737 περὶ
1149 672 1290 722 αὐτοῦ
1315 670 1400 736 τὴν
1427 669 1674 739 διάληψιν·
1723 669 1817 736 ἔχει
1851 666 1945 734 γὰρ

353 756 475 806 οὕτω
502 759 559 823 τῇ
587 754 731 821 φύσει
757 753 810 804 τὸ
836 758 1047 819 πρᾶγμα.
1086 753 1157 804 ὅτι
1183 753 1268 817 μὲν
1294 754 1375 804 οὖν
1402 752 1495 805 ἀπὸ
1522 752 1785 819 σπέρματος
1811 749 1946 801 ἔσται

354 843 438 887 τοῦ
465 836 809 903 τρισμακαρίου
837 834 1018 899 Δαυεὶδ,
1046 837 1121 886 καὶ
1148 837 1196 886 ἐν
1225 835 1419 904 Βηθλεέμ
1444 833 1835 902 ἀναδειχθήσεται
1863 834 1946 896 τῆς

355 917 597 981 Ἰουδαίας,
625 917 974 969 πεπιστεύκασι
1011 922 1113 971 ταῖς
1150 919 1257 985 περὶ
1294 918 1462 970 τούτου
1500 916 1720 982 δηλονότι
1757 920 1947 983 προφη-

355 1001 496 1056 τείαις
541 999 954 1064 ἀναπεπεισμένοι.
1018 998 1085 1029 “”

1088 1004 1256 1064 Ωμοσε
1306 999 1399 1066 γὰρ
1445 1000 1619 1065 Κύριος
1662 1003 1730 1068 τῷ
1771 999 1947 1049 Δαυεὶδ
1969 1013 2018 1039 10
2063 1054 2068 1068 ,

358 1091 385 1114 “
412 1083 650 1149 ἀλήθειαν,
676 1106 769 1134 που
797 1085 949 1151 φησὶν
976 1084 1000 1134 ὁ
1027 1082 1185 1151 σοφὸς
1209 1082 1435 1153 μελῳδὸς,
1457 1085 1532 1134 καὶ
1559 1083 1612 1133 οὑ
1637 1080 1702 1146 μὴ
1729 1079 1949 1145 ἀθετήσει

317 1185 340 1213 c
359 1173 386 1196 “
412 1164 553 1217 αὐτόν
575 1167 663 1216 Ἐκ
690 1171 872 1232 καρποῦ
897 1168 980 1229 τῆς
1007 1165 1193 1234 ὀσφύος
1219 1188 1310 1216 σου
1336 1163 1545 1229 θήσομαι
1570 1166 1643 1216 ἐπὶ
1670 1162 1753 1215 τὸν
1780 1161 1951 1229 θρόνον

358 1255 386 1278 “
411 1248 548 1299 σου.”
604 1249 628 1298 ὁ
664 1247 916 1315 προφήτης
953 1247 1007 1298 δέ
1038 1251 1162 1316 φησι
1189 1254 1216 1276 “
1240 1249 1334 1298 Καὶ
1361 1246 1424 1298 σὺ
1453 1248 1684 1311 Βηθλεέμ,
1713 1244 1836 1299 οἶκος
1866 1249 1950 1295 τοῦ

358 1338 385 1361 “
410 1331 649 1399 Ἐφραθᾶ,
688 1329 947 1395 ὀλιγοστὸς
986 1327 1028 1380 εἶ
1062 1335 1145 1380 τοῦ
1183 1328 1297 1380 εἶναι
1335 1331 1384 1380 ἐν
1421 1328 1637 1398 χιλιάσιν
1673 1328 1845 1380 Ἰούδα·
1900 1329 1951 1378 ἐκ

358 1420 385 1443 “
410 1419 502 1464 σοῦ
540 1411 633 1479 γάρ
671 1435 750 1476 μοι
788 1411 1087 1481 ἐξελεύσεται
1125 1417 1208 1463 τοῦ
1247 1410 1361 1463 εἶναι
1396 1416 1459 1467 εἰς
1494 1412 1704 1480 ἄρχοντα
1736 1417 1819 1463 τοῦ
1841 1409 1944 1462 Ἰσ-
1972 1428 2018 1467 15

356 1502 384 1525 “
409 1494 550 1562 ραὴλ,
578 1496 653 1546 καὶ
690 1498 736 1545 αἱ
774 1495 929 1564 ἔξοδοι
966 1495 1109 1546 αὐτοῦ
1143 1496 1221 1546 ἀπ’
1250 1496 1398 1563 ἀρχῆς
1432 1494 1490 1564 ἐξ
1520 1495 1706 1561 ἡμερῶν
1735 1491 1947 1547 αἱῶνος.”

356 1579 595 1630 ἐπλανᾶτο
621 1576 769 1643 γεμὴν
795 1578 823 1641 ἡ
859 1581 955 1628 τῶν
978 1578 1218 1628 Ἰουδαίων
1244 1577 1626 1646 ἀχειραγώγητος
1657 1577 1843 1643 γνώμη,
1873 1579 1949 1627 καὶ

356 1661 431 1712 ἐπὶ
477 1664 679 1729 Χριστῷ
725 1658 1051 1728 διεσφάλλετο
1095 1659 1171 1710 διὰ
1214 1658 1364 1725 μόνην
1407 1659 1494 1724 τὴν
1535 1658 1755 1726 Ναζαρὲθ
1799 1661 1848 1710 ἐν
1890 1662 1950 1727 τῇ

357 1743 596 1812 Γαλιλαίᾳ
620 1741 847 1807 κειμένην,
874 1743 922 1793 ἐν
948 1740 977 1809 ᾗ
1004 1741 1265 1810 τετράφθαι
1297 1741 1380 1793 τὸν
1408 1743 1585 1810 Κύριον
1612 1744 1637 1793 ὁ
1671 1741 1823 1795 πολὺς
1857 1741 1951 1809 ἔχει

357 1825 515 1892 λόγος.
560 1827 682 1876 οὕτω
707 1824 802 1890 γάρ
829 1825 959 1892 φησί
977 1847 1047 1878 τις
1072 1829 1167 1875 τῶν
1193 1825 1341 1890 ἁγίων
1366 1826 1721 1891 εύαγγελιστῶν
1748 1822 1949 1875 (ίςΗλθε
1971 1843 2021 1868 20

311 1916 338 1957 d
358 1915 385 1938 ‘⁶
411 1907 459 1958 δὲ
497 1911 560 1961 εἰς
592 1906 812 1973 Ναζαρὲθ
850 1906 904 1957 οὗ
942 1906 999 1971 ἧν
1025 1906 1480 1973 ἀνατεθραμμένος.”
1521 1907 1632 1958 ἀλλ’
1660 1907 1743 1958 οὐκ
1781 1905 1951 1959 εἰδότες

357 1989 429 2041 ὅτι
467 1989 740 2056 γεγέννηται
778 1988 863 2052 μὲν
895 1990 943 2039 ἐν
969 1988 1189 2053 Βηθλεέμ
1227 1992 1310 2053 τῆς
1339 1989 1568 2043 Ἰουδαίας
1606 1990 1656 2040 ἐκ
1693 1991 1777 2052 τῆς
1815 1987 1951 2055 ἁγίας

356 2071 593 2138 παρθένου
636 2074 719 2134 τῆς
766 2072 816 2121 ἐκ
865 2071 1137 2137 σπέρματος
1179 2071 1369 2121 Δαυείδ·
1427 2074 1584 2140 φυλῆς
1627 2070 1722 2138 γὰρ
1765 2068 1823 2135 ἧν
1867 2073 1952 2134 τῆς

357 2154 512 2205 Ἰούδα
549 2153 603 2204 τὸ
642 2152 789 2219 γένος·
845 2150 940 2203 ἀπὸ
978 2151 1124 2216 μόνου
1162 2157 1246 2203 τοῦ
1284 2152 1544 2222 τετράφθαι
1583 2151 1665 2204 τὸν
1695 2152 1872 2219 Κύριον
1902 2154 1952 2204 ἐν

358 2235 597 2303 Ναζαρὲθ,
627 2238 710 2299 τῆς
737 2235 961 2299 ἀληθείας
986 2235 1267 2286 ἐκπίπτουσι
1299 2237 1374 2286 καὶ
1410 2241 1493 2286 τοῦ
1528 2235 1764 2302 σώζοντος
1791 2236 1947 2303 ἁμαρ·
1971 2253 2020 2294 25

356 2317 555 2370 τάνουσι
587 2323 845 2384 λογισμοῦ.

2065 1948 2072 2201 Ξ

433 2552 765 2599 Φιλονεικοῦσι
814 2546 984 2612 μάτην,
1037 2549 1114 2598 καὶ
1163 2550 1225 2600 εἷς
1276 2546 1532 2617 διαφόρους
1583 2545 1948 2615 κατασχίζονται

407 2695 439 2744 7.
465 2686 532 2721 ἀπὸ
550 2693 774 2732 assumptum
792 2699 833 2721 ex
854 2687 896 2721 Β.
980 2687 1078 2722 ἔσται
1096 2699 1127 2722 a.
1147 2686 1224 2721 Cat.
1244 2686 1345 2722 Harl.
1363 2687 1439 2722 ἐστι
1458 2687 1524 2722 Ed.
1689 2700 1722 2734 9.
1749 2687 1868 2722 τούτου
1888 2687 1901 2731 (
1911 2705 1941 2716 =

357 2748 487 2768 τουτων
500 2733 544 2779 (?)
559 2734 571 2779 )
592 2734 648 2774 B„
669 2734 728 2768 sed
746 2734 868 2769 τούτου
885 2740 925 2769 ut
942 2734 1013 2768 vid.
1033 2734 1118 2769 Nik.
1243 2745 1296 2768 10.
1323 2733 1464 2780 Δαυεὶδ]
1490 2739 1527 2776 -f-
1548 2735 1612 2769 υἶεῖ
1630 2734 1672 2768 Β.
1791 2746 1844 2769 ΙΙ.
1870 2734 1948 2768 ἀθε-

357 2780 446 2825 τὴσῃ
465 2781 567 2824 αὐτὴν
584 2793 613 2815 a.
635 2782 707 2826 (81.
725 2780 785 2826 al.)
951 2792 1005 2815 12.
1031 2783 1092 2815 τοῦ
1110 2781 1233 2826 θρόνου
1250 2793 1280 2815 a.
1302 2781 1416 2826 (Vat.)
1581 2793 1634 2826 13.
1661 2780 1715 2827 δὲ]
1740 2785 1777 2822 -Ι-
1799 2781 1949 2826 Μιχαίας

359 2828 428 2862 Ed.
454 2839 472 2862 e
499 2828 575 2862 Cat.
604 2828 705 2862 Harl.
730 2833 769 2862 ut
789 2827 859 2862 vid.
881 2827 1030 2862 verbum
1055 2839 1250 2862 assumens.
1271 2828 1450 2874 προφήτης
1475 2840 1558 2869 om„
1577 2827 1726 2874 Μιχαίας
1750 2828 1890 2862 exhibet
1915 2839 1946 2862 a.

363 2885 417 2917 14.
443 2874 504 2908 οὐκ
520 2875 706 2920 ὀλιγοστὸς
723 2887 754 2909 a.
773 2875 817 2909 cf.
835 2874 880 2919 μὴ
897 2875 1094 2920 ὀλιγοστὸς.
1112 2875 1184 2918 (22.
1203 2874 1264 2919 al.)
1477 2885 1530 2921 15.
1554 2876 1620 2921 γὰρ
1639 2887 1710 2911 om.
1727 2887 1758 2909 a.
1777 2875 1822 2910 cf.
1841 2886 1949 2919 supra

358 2930 425 2965 447
441 2933 471 2955 c.
537 2921 573 2956 ἐν
589 2933 652 2966 pro
670 2924 729 2956 τοῦ
746 2922 805 2956 alt.
823 2933 854 2956 a.
874 2922 928 2967 [ἐν
943 2924 989 2968 τῷ
1009 2923 1108 2956 Alex.
1127 2921 1232 2967 ΧΙΙ.]
1414 2923 1468 2958 18.
1495 2923 1636 2968 ναζαρὲτ
1653 2923 1702 2967 (et
1720 2922 1774 2957 bis
1792 2922 1898 2966 infra)
1916 2933 1948 2956 a.

361 2978 417 3002 21.
443 2967 670 3013 τεθραμμένος
687 2980 718 3004 a.
862 2979 919 3003 22.
944 2968 1121 3015 γεγένηται
1140 2968 1277 3014 Migne.
