2084 3317
132 174 185 215 vi.
209 186 272 229 27.
366 177 440 218 IN
484 178 524 218 S.
560 178 894 219 JOANNEM.
959 178 1082 218 LIB.
1118 177 1203 217 ΙΙΙ.
1267 178 1399 218 ΟΛΡ.
1425 177 1475 216 V.
1638 175 1721 215 447

131 284 319 351 ἀπόχρη
352 285 472 352 πρὸς
507 288 863 353 ἀπαραποιήτον
890 286 1114 351 διαμονὴν
1140 284 1226 350 τὴν
1251 286 1323 353 ἐφ’
1352 284 1524 350 οἷσπερ
1551 282 1608 334 ἂν
1635 281 1722 333 εἶεν

130 365 339 429 ἀγαθοῖς,
356 367 411 418 τὸ
438 370 856 437 κατεσφραγίσθαι
881 373 1040 422 καλῶς
1065 368 1184 435 πρὸς
1211 366 1296 432 τὴν
1324 372 1407 418 τοῦ
1433 365 1722 431 ποιήσαντος

131 447 297 515 φύσιν.
353 451 633 502 καταπίπτει
658 450 751 517 γὰρ
779 453 854 502 καὶ
881 449 999 502 αὐτὰ
1024 452 1098 501 καὶ
1129 449 1320 519 φέρεται
1345 449 1472 500 κάτω
1498 470 1718 515 μεταχω-

127 534 302 594 ροῦντα
339 531 576 586 πολλάκις
614 537 676 587 εἷς
715 533 936 600 αἰσχίονα
973 532 1180 599 γνώμην,
1213 532 1332 598 ἤπερ
1366 529 1425 595 ἦν
1456 531 1504 581 ἐν
1535 531 1718 597 ἀρχαῖς.

85 626 109 666 5
130 610 358 679 ἐνδέχεται
397 613 454 678 δὴ
493 615 576 665 οὖν
611 613 731 666 κατὰ
765 613 848 666 τὸν
884 617 1031 668 οὕτως
1064 615 1174 679 ἡμῖν
1205 613 1374 682 ἔχοντα
1408 611 1571 678 λόγον,
1603 610 1724 662 κατὰ

129 691 280 757 μόνην
305 693 391 758 τὴν
416 696 723 764 ταυτοεργίαν
749 701 811 752 εἷς
849 697 1077 761 ὁμοίωσιν
1108 696 1425 758 ἀναβαίνοντα
1461 696 1527 764 τῷ
1566 695 1722 759 Πατρὶ
1741 713 1763 739 e

129 772 212 826 τὸν
237 775 369 839 Υἱὸν,
396 779 472 828 καὶ
509 777 760 848 ὑποβάθρᾳ
795 778 882 844 μὲν
906 780 989 830 οὐκ
1016 777 1348 845 ἐρηρεισμένον
1375 779 1572 846 φυσικῇ,
1599 777 1647 826 ἐν
1674 773 1723 826 δὲ

128 855 293 920 μόναις
331 864 432 913 ταῖς
472 859 530 928 ἐξ
567 861 744 911 οἰκείων
787 859 1068 925 θελημάτων
1109 861 1278 927 ῥοπαῖς
1322 858 1409 923 τὴν
1449 856 1724 926 ἀσφάλειαν

127 938 311 1006 ἔχοντα,
338 941 581 1005 ὑπομεῖναι
616 944 692 993 καὶ
726 940 908 1009 τροπὴν
933 940 976 1007 ἢ,
1005 940 1094 993 κᾶν
1120 941 1185 1006 μὴ
1219 939 1377 1004 πάθοι,
1403 939 1724 1006 προαιρέσεως

60 1050 108 1075 10
128 1020 427 1089 ἀξιαγάστου
463 1023 644 1091 καρπὸν
676 1023 862 1091 εὑρήσει
896 1023 950 1075 τὸ
988 1023 1054 1089 μὴ
1092 1027 1274 1086 παθεῖν,
1307 1023 1383 1074 καὶ
1422 1022 1476 1073 οὐ
1515 1023 1724 1091 φυσικῆς

127 1104 398 1172 ἀσφαλείας
426 1103 703 1171 ἑδραιότητα
727 1110 920 1169 μᾶλλον
947 1108 1009 1161 ὡς
1036 1104 1172 1159 Θεός.

201 1186 268 1237 Τί
299 1187 393 1248 οὖν,
422 1183 460 1236 (3
491 1186 755 1250 βέλτιστοι,
782 1187 976 1254 γέγονεν
1002 1188 1113 1252 ἡμῖν
1142 1186 1292 1238 οὐκέτι
1318 1185 1440 1241 Θεὸς
1466 1185 1567 1237 κατ’
1595 1184 1719 1250 ἀλή-

127 1271 256 1318 θειαν
295 1270 320 1319 ὃ
359 1267 505 1332 Υἱός,
562 1272 638 1321 καὶ
677 1273 714 1321 εἰ
753 1271 861 1321 καθ’
891 1271 1009 1334 ὑμᾶς
1049 1271 1195 1323 οὕτως
1234 1269 1355 1337 ε”χων
1394 1267 1648 1330 ἁλώσεται,
1678 1268 1728 1319 τί

125 1356 486 1417 προσκυνοῦμεν
513 1351 639 1421 αὐτῷ
656 1373 668 1414 ;
716 1352 842 1402 διατί
872 1351 921 1403 δὲ
956 1356 1022 1422 τῷ
1051 1355 1160 1422 Θεῷ
1188 1353 1264 1402 καὶ
1294 1351 1451 1417 Πατρὶ
1477 1347 1717 1418 συνδοξά-

60 1453 106 1491 15
127 1434 281 1500 ζεται;
309 1434 358 1484 τί
381 1431 428 1484 δὲ
451 1435 528 1484 καὶ
553 1439 653 1487 ταῖς
680 1432 904 1485 ἀνωτάτω
931 1433 1201 1497 δυνάμεσιν,
1224 1435 1286 1487 ὡς
1307 1432 1429 1487 Θεὸς
1455 1434 1688 1500 ἐποχεῖται
1708 1454 1719 1493 ;
1740 1438 1767 1479 (1

125 1515 365 1582 ἠγνόησεν
402 1513 495 1583 ἆρα
534 1516 641 1579 μεθ’
683 1516 816 1580 ἡμῶν
854 1519 930 1567 καὶ
969 1516 1088 1568 αὐτὰ
1126 1515 1186 1568 τὰ
1225 1515 1337 1582 ἅγια
1377 1517 1610 1582 Σεραφῖμ,
1650 1513 1721 1565 ὅτι

124 1596 254 1650 πολὺ
303 1603 388 1649 τοῦ
438 1598 702 1665 πρέποντος
747 1599 1136 1668 ἀποσφάλλεται,
1183 1597 1266 1649 τὸν
1310 1598 1393 1648 οὐκ
1441 1596 1556 1648 ὄντα
1601 1596 1721 1648 κατὰ

126 1680 277 1748 φύσιν
319 1680 676 1750 δοξολογοῦντα
719 1681 875 1744 Θεόν,
928 1686 1169 1732 πλανᾶται
1215 1679 1279 1743 δὲ,
1318 1677 1437 1731 κατὰ
1480 1678 1535 1730 τὸ
1579 1678 1717 1741 εἰκὸς,

127 1762 305 1829 Κύριον
337 1762 544 1825 σαβαὼθ
582 1763 871 1830 ὀνομάζοντα
908 1763 991 1815 τὸν
1023 1769 1120 1817 τοῖς
1159 1763 1280 1818 ἰ’σοις
1318 1761 1639 1827 τετιμημένον.
1689 1760 1718 1827 ἢ

54 1873 105 1899 20
123 1844 218 1912 γὰρ
257 1846 340 1896 οὐκ
379 1847 585 1913 ἐροῦμεν,
611 1847 688 1897 καὶ
725 1845 810 1900 τὰς
848 1844 1073 1897 ἀνωτάτω
1112 1844 1342 1910 δυνάμεις,
1370 1844 1520 1913 ἀρχάς
1558 1866 1609 1895 τε
1643 1846 1719 1896 καὶ

122 1927 318 1994 θρόνους
357 1929 432 1978 καὶ
471 1927 692 1997 ἐξουσίας
729 1930 806 1979 καὶ
844 1927 1120 1995 κυριότητας
1157 1926 1474 1996 συμμόρφους
1513 1927 1720 1993 ὁρᾶσθαι

121 2008 405 2077 σπουδάζειν
438 2008 557 2061 κατὰ
595 2009 650 2061 τὸ
684 2011 924 2109 ἐγχωροῦν
955 2014 1021 2080 τῷ
1058 2014 1198 2081 Θεῷ,
1241 2014 1280 2061 εὶ
1319 2008 1413 2076 γὰρ
1451 2007 1506 2061 τὸ
1546 2010 1596 2060 ἐκ
1635 2011 1758 2073 τῆςο

121 2094 209 2157 γῆς
242 2093 411 2159 μικρὸν
436 2093 558 2143 οὕτω
595 2092 768 2163 ζῶον(
740 2117 803 2148 ως
836 2092 956 2160 πρὸς
991 2093 1167 2158 ἐκείνην
1193 2092 1279 2157 τὴν
1305 2093 1474 2154 κτίσιν,
1503 2093 1626 2160 φημι
1661 2090 1718 2155 δὴ

120 2172 204 2226 τὸν
247 2174 514 2242 ἄνθρωπον,
559 2178 626 2244 τῷ
677 2175 874 2227 τοιούτω
925 2175 1095 2227 κάλλει
1145 2174 1399 2240 τετίμηται,
1444 2179 1581 2226 ποῖον
1625 2196 1718 2241 εχει

50 2278 101 2319 25
122 2254 271 2322 λόγον
310 2256 376 2322 μὴ
415 2258 518 2325 οὐχὶ
556 2256 744 2312 πάντως
785 2230 982 2321 οἵεισθαι,
1019 2281 1095 2309 και
1135 2255 1263 2310 πολυ
1301 2261 1397 2308 τῶν
1434 2257 1483 2308 ἐν
1522 2256 1632 2320 ἡμῖν
1670 2258 1718 2307 ἐν

120 2339 348 2402 ἀμεινοσι,
374 2338 435 2390 τὰ
469 2338 597 2391 πολυ
634 2340 849 2391 τίθεσθαι
888 2342 1164 2406 κρείττονα·
1153 2381 1165 2403 ,
1215 2343 1317 2394 πῶς
1352 2339 1434 2390 οὐν
1468 2361 1611 2389 αυτον
1642 2339 1718 2389 καὶ

123 2420 301 2488 Κύριον
326 2420 532 2483 σαβαὼθ
567 2421 865 2489 ὀνομάζουσι,
893 2424 969 2473 καὶ
1005 2424 1053 2474 ἐν
1090 2421 1368 2491 δορυφόρων
1399 2420 1530 2490 τάξει
1565 2443 1718 2487 περιε-

119 2508 284 2567 στᾶσι,
311 2502 522 2571 καθάπερ
556 2508 624 2575 τῷ
657 2509 861 2566 βασιλεῖ
889 2509 984 2557 τῶν
1018 2505 1147 2557 ὅλων
1173 2503 1522 2571 ὑπηρετούμενα
1546 2526 1558 2566 ;
1606 2503 1717 2555 ὅτου

119 2584 169 2636 δὲ
213 2585 351 2653 χάριν
396 2588 471 2638 καὶ
523 2588 649 2657 αὐτῷ
699 2587 965 2654 συνεδρεύει
1014 2591 1082 2657 τῷ
1130 2588 1301 2654 Πατρὶ,
1348 2588 1424 2637 καὶ
1476 2591 1615 2637 τοῦτο
1665 2587 1716 2637 ἐκ

49 2693 100 2730 30
119 2668 300 2738 δεξιῶν,
331 2668 385 2719 τὸ
423 2671 596 2720 δοῦλον
631 2673 698 2739 τῷ
733 2669 957 2738 δεσπότῃ,
988 2673 1055 2740 τῷ
1090 2668 1366 2734 πεποιηκότι
1404 2667 1458 2719 τὸ
1495 2668 1710 2732 ποίημα;

169 2808 198 2832 1.
224 2795 378 2842 ἀπόχρη]
400 2790 448 2842 ⁰¹3(
465 2796 561 2841 ἀρκεῖ
578 2797 611 2831 D
631 2809 704 2843 mg.
800 2806 834 2842 5.
861 2798 939 2842 ἡμῖν
956 2804 1180 2844 assumptum
1198 2810 1239 2833 ex
1260 2798 1302 2832 Β.
1403 2809 1436 2842 9.
1461 2796 1712 2844 προαιρέσεως]

121 2848 159 2886 -Ι-
181 2845 225 2880 ὡς
246 2844 286 2878 Β.
389 2852 442 2888 17.
468 2843 695 2889 ἀπεσφάλετο
716 2844 763 2881 Β.
870 2857 923 2890 19.
950 2847 1037 2880 Θεὸν
1054 2858 1118 2891 pro
1138 2846 1262 2889 Κύριον
1281 2845 1323 2878 Β.
1432 2855 1488 2879 21.
1515 2846 1715 2889 κυριότητας

116 2897 151 2927 et
168 2890 327 2936 ἐξουσίας
344 2890 436 2924 inter
453 2902 489 2924 se
506 2896 640 2937 transp.
662 2892 703 2926 B.
868 2903 924 2927 22.
950 2894 1009 2937 τῆς
1027 2898 1252 2937 assumptum
1270 2903 1311 2926 ex
1332 2891 1374 2926 B.
1543 2902 1600 2936 23.
1626 2890 1714 2926 οὕτω

115 2939 234 2982 μικρὸν
251 2938 389 2972 inverso
406 2937 528 2971 ordine
548 2937 589 2972 B.
720 2947 775 2984 25.
802 2938 837 2974 ἐν
855 2940 917 2975 alt.
937 2945 1159 2985 assumptum
1177 2950 1218 2973 ex
1233 2938 1276 2973 B.
1411 2937 1466 2973 26.
1493 2938 1650 2974 τίθεσθαι
1670 2938 1712 2974 Β.

116 2985 291 3020 τεθεῖσθαι
311 2984 377 3019 Ed.

1782 1785 1836 1817 Es.
1853 1783 1895 1816 vi.
1916 1793 1946 1825 3.
