2084 3317
108 676 211 706 Num.
224 675 268 705 xi.
288 681 314 723 b
331 688 358 711 (ς
383 680 394 696 ’

110 728 162 759 34-

326 168 409 208 462
730 167 778 207 Β.
814 166 1089 207 CYRILLI
1132 164 1511 205 ALEXANDR.
1687 164 1825 219 πμ,
1846 176 1912 218 33.

328 276 513 344 ἐφεξῆς,
553 275 627 326 ὅτε
669 275 755 339 τὴν
794 276 904 339 ἰ’σην
944 279 1194 326 νοσοῦντες
1233 274 1494 335 ἐπιθυμίαν,
1533 274 1608 323 καὶ
1647 272 1816 338 ἄρτους
1855 276 1916 325 εἰς

328 357 617 422 πλησμονὴν
656 360 729 408 καὶ
771 361 918 422 κρεῶν
955 354 1273 424 ἐφαντάζοντο
1319 354 1539 419 λέβητας,
1579 355 1653 404 καὶ
1701 355 1913 404 δυσωδε-

329 439 522 490 στάτων
547 440 800 505 κρομμύων
826 437 1120 505 εἷσεδέχοντο
1154 435 1321 487 πόθον.
1376 437 1425 486 ἐν
1451 434 1544 502 γὰρ
1575 440 1672 489 τοῖς
1707 436 1918 501 ἀριθμοῖς

330 521 591 587 εὑρήσομεν
637 519 709 571 ὅτι
751 521 827 570 καὶ
871 518 1213 584 τετιμώρηνταί
1250 539 1381 578 τινες,
1428 519 1502 567 καὶ
1549 516 1793 580 Μνήματα
1835 519 1919 579 τῆς

330 600 572 661 ἐπιθυμίας
611 600 636 649 ὁ
675 602 827 666 χῶρος
866 598 1058 661 ἐκλήθη,
1097 598 1145 647 ἐν
1184 594 1312 665 ᾧπερ
1356 595 1756 661 ἐστρατοπέδευον
1793 593 1913 645 τότε.
1940 613 1962 652 5

400 685 517 732 Εκεῖ
560 679 655 746 γὰρ
705 680 911 748 ἔθαψαν,
965 681 1104 747 φησὶ,
1151 676 1234 728 τὸν
1284 676 1403 728 λαὸν
1453 676 1536 727 τὸν
1582 676 1917 741 ἐπιθυμητήν.”

331 763 498 814 οὐκοῦν
525 760 645 828 πρὸς
679 760 764 825 μὲν
798 759 852 810 τὸ
887 764 1078 826 πρῶτον
1110 761 1317 825 ἐροῦμεν,
1350 757 1422 809 ὅτι
1460 757 1516 822 δὴ
1554 756 1742 812 πάντως
1780 759 1922 824 ἐχρῆν

330 849 588 910 περιμεῖναι
632 842 717 896 τὰς
763 843 1021 904 ἐπιθυμίας,
1060 842 1182 891 οὕτω
1226 863 1275 891 τε
1320 838 1492 891 λοιπὸν
1537 840 1756 906 εὐκαίρως
1801 841 1916 889 ἀνα-

333 926 602 977 δείκνυσθαι
653 923 877 992 χορηγόν·
939 922 1229 990 χαριεστάτη
1280 920 1373 987 γάρ
1424 945 1525 975 πως
1572 923 1675 972 ἐστὶ
1726 926 1823 975 τοῖς
1874 921 1924 971 εὖ

331 1011 569 1059 παθοῦσιν
607 1007 635 1070 ἡ
676 1006 822 1068 δόσις,
863 1004 977 1056 ὅταν
1013 1005 1158 1067 αὐτῆς
1196 1026 1316 1057 τινες
1361 1004 1807 1072 προαναφαίνωνται
1848 1002 1923 1053 καὶ
1946 1026 1994 1052 10

330 1089 684 1155 προβαδίζωσιν
717 1089 891 1152 ἡδοναὶ,
926 1089 1074 1154 διψῆν
1110 1086 1450 1136 ἀναπείθουσαι
1489 1084 1543 1135 τὸ
1583 1087 1712 1136 οὔπω
1749 1084 1920 1150 παρόν·

332 1170 603 1235 αἰσθήσεως
644 1169 693 1221 δὲ
731 1172 814 1233 τῆς
852 1168 1161 1236 χαριεστέρας
1202 1165 1500 1233 άμοιρήσειεν
1539 1164 1598 1216 ἂν
1635 1167 1663 1230 ἡ
1707 1172 1790 1217 τοῦ
1834 1168 1921 1216 ἀν-

334 1252 527 1319 θρώπου
564 1251 715 1320 ψυχὴ,
755 1250 819 1314 μὴ
859 1255 959 1303 ταῖς
998 1252 1061 1302 εἷς
1099 1248 1153 1299 τὸ
1193 1249 1242 1299 εὖ
1279 1252 1446 1299 παθεῖν
1484 1247 1671 1310 ἡδοναῖς
1709 1270 1922 1314 προσυν-

295 1334 573 1398 οτεινομένη
612 1336 687 1384 καὶ
727 1333 991 1396 κάμνουσα.
1054 1331 1164 1380 ἀλλ’
1203 1329 1321 1383 ’ίσως
1360 1329 1548 1393 αἴτησιν
1588 1327 1674 1391 μὲν
1713 1331 1929 1393 οὐδαμῶς

334 1419 636 1481 γεγενῆσθαι,
656 1414 742 1479 τὴν
769 1416 831 1468 ὡς
856 1413 966 1479 παρ’
996 1412 1178 1463 ἐκείνων
1204 1413 1332 1477 ἐρεῖς,
1352 1409 1637 1477 γογγυσμὸν
1663 1410 1713 1461 δὲ
1737 1415 1928 1474 μᾶλλον
1952 1431 1998 1469 15

335 1499 411 1549 καὶ
456 1496 758 1563 μετάγνωσιν
802 1499 876 1547 καὶ
919 1493 1178 1558 καταβοήν·
1249 1499 1388 1544 τοῦτο
1433 1492 1527 1559 γὰρ
1567 1491 1626 1556 ἧν
1667 1492 1813 1546 ὅντως
1854 1495 1929 1543 καὶ

334 1580 658 1645 ἀληθεστερον
691 1582 848 1630 εἰπεῖν.
906 1576 1026 1643 πρὸς
1066 1574 1123 1639 δὴ
1164 1598 1239 1626 και
1278 1573 1417 1626 τοῦτό
1457 1579 1627 1644 φαμεν,
1655 1574 1726 1626 ὅτι
1759 1574 1930 1641 πρέποι

333 1685 419 1725 μεν
450 1659 507 1712 ἀν
537 1665 633 1714 τοῖς
667 1659 752 1724 μὲν
788 1659 982 1712 τελείοις
1017 1656 1103 1721 τὴν
1136 1658 1247 1726 ἕξιν,
1280 1657 1308 1720 ἡ
1348 1656 1405 1707 δι’
1438 1656 1685 1725 ἐντεύξεως
1724 1656 1926 1720 α’ίτησις

335 1741 634 1809 ισομοιρήσει
692 1741 746 1792 δε
799 1764 899 1795 πως
950 1741 1068 1808 αὐτῇ
1121 1763 1194 1790 και
1247 1740 1272 1789 5
1325 1743 1420 1790 τῶν
1470 1738 1828 1805 ἀσθενεστερων
1878 1738 1934 1807 ἐξ

336 1824 540 1888 ἀκηδιας,
576 1823 605 1889 ἢ
645 1846 772 1877 οπως
811 1822 870 1874 ἂν
900 1844 1098 1888 γενοιτο,
1132 1819 1428 1887 γογγυσμός·
1476 1820 1752 1887 χαλεπαίνει
1791 1819 1839 1871 δὲ
1878 1821 1931 1871 οὐ
1953 1840 2003 1865 20

335 1905 524 1959 πάντως
575 1906 916 1975 φιλάνθρωπος
965 1902 1030 1954 ὧν
1076 1904 1101 1953 5
1153 1901 1345 1953 πάντων
1388 1902 1573 1968 Σωτήρ.
1645 1901 1789 1968 ὅνπερ
1838 1901 1932 1968 γὰρ

336 1987 514 2054 τρόπον
539 1992 636 2042 τοῖς
662 1987 728 2038 ε”τι
756 1989 924 2054 κομιδῇ
952 1985 1131 2050 νηπίοις
1158 1986 1182 2035 ὁ
1209 1982 1451 2048 κλαυθμὸς
1478 1983 1582 2034 ἔσθ’
1612 1982 1689 2034 ὅτε
1714 1988 1939 2035 συντελεῖ

293 2069 456 2136 ᾶπρὸς
506 2069 696 2135 αἴτησιν
744 2073 840 2120 τῶν
889 2066 1141 2135 χρησίμων
1194 2067 1369 2128 αὐτοῖς,
1425 2067 1501 2116 καὶ
1552 2069 1765 2116 καλεῖται
1815 2064 1935 2131 πρὸς

337 2151 579 2217 ἐρευνανὴ
614 2157 820 2203 τεκοῦσα
855 2149 931 2202 διὰ
964 2149 1132 2200 τούτου
1167 2147 1405 2201 πολλάκις
1435 2151 1530 2198 τῶν
1560 2147 1609 2198 ἐν
1642 2146 1829 2210 ἡδοναῖς
1867 2150 1935 2216 τῷ

337 2234 520 2303 βρέφει,
561 2235 683 2285 οὕτω
727 2237 824 2287 τοῖς
870 2232 937 2283 ε”τι
983 2230 1165 2295 νηπίοις
1209 2231 1286 2280 καὶ
1330 2228 1597 2294 βεβηκόσιν
1642 2229 1773 2280 οὔπω
1816 2227 1936 2296 πρὸς
1956 2247 2004 2285 25

338 2314 551 2379 σύνεσιν,
585 2316 610 2366 5
650 2315 708 2384 ἐξ
743 2315 948 2379 ἀκηδίας,
982 2313 1037 2364 ἵν’
1076 2313 1222 2366 οὕτως
1262 2311 1390 2374 ε’ίπω,
1425 2308 1668 2374 κλαυθμὸς
1707 2310 1937 2375 αἰτήσεως

337 2397 431 2466 ἔχει
471 2397 668 2461 δύναμιν
703 2395 789 2462 τὴν
820 2399 883 2450 ὡς
920 2394 1039 2462 πρὸς
1072 2392 1210 2446 Θεόν.
1276 2392 1463 2460 κολάζει
1501 2391 1549 2443 δὲ
1587 2393 1671 2444 οὐκ
1709 2394 1757 2443 ἐν
1788 2393 1933 2460 ἀρχῇ,

339 2503 490 2530 καιτοι
526 2503 602 2530 και
635 2483 736 2532 ταῖς
769 2477 951 2545 γηΐναις
977 2477 1238 2540 ἐπιθυμίαις
1266 2475 1560 2540 ἡττωμένους
1587 2476 1724 2542 ὁρῶν,
1749 2475 1861 2525 ἀλλ’
1889 2475 1938 2524 ἐν

340 2561 505 2624 μέσοις
549 2561 638 2625 ἤδη
685 2564 782 2614 τοῖς
827 2557 1026 2627 χρόνοις,
1071 2558 1124 2609 δι’
1173 2557 1326 2608 αἰτίαν
1369 2557 1606 2622 τοιαύτην,
1651 2556 1713 2610 ὥς
1756 2579 1812 2623 γε
1856 2578 1936 2621 μοι

343 2644 578 2711 φαίνεται.
633 2643 764 2694 οὔπω
790 2665 876 2706 μεν
901 2640 994 2708 γὰρ
1026 2663 1080 2691 το
1114 2638 1269 2703 μάννα
1303 2638 1536 2699 λαβόντες
1571 2641 1613 2690 οἱ
1649 2640 1819 2689 νεωστὶ
1852 2641 1936 2702 τῆς
1957 2654 2007 2690 30

302 2751 325 2778 e
345 2725 623 2792 Αἰγυπτίων
658 2722 1065 2788 ἀποδημήσαντες,
1101 2720 1206 2794 οὐδὲ
1244 2720 1326 2772 τὸν
1365 2721 1511 2788 ἄρτον
1545 2720 1729 2789 ἔχοντες
1766 2718 1850 2772 τὸν
1884 2719 1941 2788 ἐξ

392 2880 425 2914 5.
452 2867 779 2922 ἐστρατοπεδεύοιτο
799 2868 841 2903 Β.
986 2866 1020 2902 6.
1045 2867 1136 2913 φησὶ
1153 2878 1224 2902 om.
1245 2866 1287 2900 B.
1361 2869 1428 2900 τῶν
1443 2865 1598 2900 λαῶνΒ.
1745 2876 1799 2900 11.
1826 2862 1937 2909 οὔπω]

345 2915 432 2950 οὕτω
452 2916 496 2950 Β.
629 2916 682 2950 16.
710 2920 749 2959 ἠν
767 2920 990 2959 assumptum
1009 2926 1051 2949 ex
1071 2914 1113 2949 B.
1253 2923 1307 2958 17.
1333 2911 1436 2958 πρὸς]
1458 2913 1510 2947 καὶ
1526 2914 1612 2958 πρὸς
1630 2911 1673 2947 Β.
1804 2912 1861 2947 28.
1887 2911 1940 2946 καὶ

346 2974 417 2996 om.
440 2962 481 2997 B.
626 2974 682 3007 30.
709 2966 775 2997 τῶν
793 2973 856 3007 pro
873 2963 932 3005 τῆς
952 2961 993 2996 Β.
