2084 3317
363 147 447 187 712
762 145 812 186 Β.
847 145 1125 186 CYRILLI
1166 147 1544 188 ALEXANDR.
1778 146 1950 189 viii.12.

362 251 481 304 εἶναι’
516 257 671 323 φαμεν
701 253 784 306 τὸν
815 254 906 323 ὅλῃ
944 259 1003 323 τῇ
1042 255 1187 324 φύσει
1225 255 1280 306 τὸ
1320 255 1487 320 νοητὸν
1518 256 1692 307 ἐνιέντα
1731 259 1847 323 φῶς,
1879 255 1956 306 καὶ

362 333 527 402 ὥσπερ
577 335 682 387 τινὰ
733 337 1008 404 σπέρματος
1060 336 1338 402 καταβολὴν
1383 339 1526 389 παντὶ
1569 341 1636 407 τῷ
1684 336 1956 406 κεκλημένῳ

315 430 343 471 b
362 416 482 483 πρὸς
505 417 692 484 γε’νεσιν
717 418 803 482 τὴν
829 418 1065 488 ἀνθρώπῳ
1091 419 1369 485 πρέπουσαν
1395 420 1704 485 ἐνσπείροντα
1735 418 1952 481 σύνεσιν,

139 506 246 590 {upra
261 505 281 536 i.
363 499 484 551 κατὰ
517 499 572 551 τὸ
609 500 848 567 εἰρημένον
872 503 977 567 περὶ
1013 502 1155 552 αὑτοῦ
1182 509 1207 531 “
1227 498 1330 552 ςΗν
1355 500 1408 551 τὸ
1442 504 1545 570 φῶς
1570 500 1625 551 τὸ
1652 500 1899 564 ἀληθινὸν,
1932 498 1957 551 ὃ

163 572 169 580 ⁸
364 588 390 611 ‘⁶
417 580 605 650 φωτίζει
629 580 787 633 πάντα
812 583 1063 648 ἄνθρωπον
1089 582 1340 651 ἐρχόμενον
1367 587 1429 637 εἰς
1455 581 1538 634 τὸν
1562 581 1787 646 κόσμον.”
1827 579 1957 645 πλὴν
1977 596 1998 634 5

364 661 499 727 οἶμαί
519 687 564 715 τι
589 667 656 734 τῷ
683 663 816 734 λόγῳ
841 664 991 716 πάλιν
1016 666 1435 733 ἐγκατακεχῶσθαι
1461 664 1645 731 πικρόν.
1702 669 1739 715 εἰ
1769 663 1863 731 γὰρ
1892 662 1957 728 μή

361 770 406 798 τι
440 752 652 798 τοιοῦτον
686 748 836 798 ὠδίνει
873 746 927 798 τὸ
961 748 1216 813 εἰρημένον,
1243 749 1332 799 ἔδει
1358 747 1504 812 μόνον
1534 751 1677 798 εἰπεῖν
1703 746 1834 812 Ἐγώ
1868 749 1959 809 εἶμι

361 827 416 880 τὸ
461 833 577 897 φῶς.
648 827 803 893 ἐπειδὴ
848 827 897 879 δὲ
940 831 1012 879 τοῦ
1056 830 1225 898 κόσμου
1262 829 1610 896 προστέθεικεν,
1650 826 1777 892 οἶμαι
1818 828 1875 892 δή
1914 850 1960 878 τι

362 916 573 961 τοιοῦτον
605 909 747 961 αὐτὸν
782 911 1137 962 ὑπαινίττεσθαι
1177 914 1253 962 καὶ
1292 917 1376 963 νῦν
1400 911 1592 963 ἐθέλειν.
1655 908 1714 975 ἦν
1747 909 1832 973 μὲν
1865 908 1959 976 γὰρ

140 991 193 1022 Ps.
207 990 298 1023 lxxv.
363 993 412 1043 ἐν
449 991 570 1060 μόνῃ
610 996 668 1061 τῇ
705 993 910 1062 Ἰουδαίᾳ
949 992 1167 1059 γνωστὸς
1206 995 1230 1044 ὁ
1271 993 1405 1056 Θεὸς,
1438 995 1514 1045 καὶ
1553 995 1601 1044 ἐν
1638 991 1767 1062 μόνῳ
1806 991 1854 1043 δὲ
1892 998 1959 1061 τῷ
1982 1014 2029 1039 10

324 1073 568 1141 οἸσραὴλ
603 1075 725 1141 μέγα
761 1074 814 1126 τὸ
850 1075 999 1139 ὄνομα
1035 1076 1190 1138 αὐτοῦ,
1217 1074 1369 1137 βαθὺς
1404 1075 1452 1127 δὲ
1487 1075 1651 1141 ὥσπερ
1687 1074 1774 1139 τὴν
1799 1074 1960 1141 ἑτέραν

364 1156 560 1209 ἅπασαν
586 1159 677 1223 γῆν
708 1158 1014 1222 κατεπίμπλη
1050 1155 1237 1221 σκότος,
1266 1156 1451 1212 οὐδενὸς
1487 1162 1581 1208 τῶν
1614 1159 1661 1208 ἐν
1690 1160 1756 1226 τῳ
1791 1155 1959 1226 κόσμῳ

363 1238 417 1291 τὸ
455 1238 578 1291 θεῖόν
610 1262 660 1290 τε
696 1241 771 1290 καὶ
807 1238 1024 1304 οὐράνιον
1055 1239 1244 1307 ἔχοντος
1282 1244 1398 1308 φῶς,
1423 1239 1553 1304 πλὴν
1585 1239 1655 1291 ὅτι
1693 1237 1839 1304 μόνου
1877 1244 1960 1289 τοῦ

363 1320 585 1389 Ἰσραήλ.
641 1322 751 1372 ἀλλ’
781 1320 945 1388 ὥσπερ
980 1322 1035 1372 τὸ
1071 1321 1288 1386 τηνικάδε
1324 1321 1515 1373 πάντων
1541 1323 1659 1384 ὁμοῦ
1694 1325 1790 1372 τῶν
1815 1322 1961 1372 ἐθνῶν

364 1408 459 1455 τῶν
495 1405 544 1455 ἐν
582 1407 698 1473 τῷδε
737 1408 804 1473 τῷ
844 1401 1012 1473 κόσμῳ
1051 1407 1133 1469 τῆς
1174 1405 1464 1471 θεογνωσίας
1503 1402 1848 1474 ἐξῳκισμένων,
1885 1403 1960 1453 καὶ
1983 1421 2030 1460 15

142 1488 245 1519 Deut.

382 1485 403 1504 Ἰ
576 1487 586 1502 5
643 1490 652 1503 5
695 1487 705 1503 Ι
843 1488 856 1505 Χ
940 1485 953 1500 Ι
1178 1485 1191 1502 Ι
1323 1494 1349 1517 (ί
1376 1487 1385 1502 ’
1533 1486 1545 1502 Ι
1708 1485 1721 1499 ἱ
1900 1484 1910 1503 Ι

141 1532 244 1563 xxxii.
265 1541 295 1574 9·
367 1509 530 1553 ωσπερ
565 1509 612 1538 εν
641 1489 733 1555 ιδιᾳ
769 1509 858 1537 τινι
893 1486 1026 1555 ταξει
1061 1509 1293 1551 κειμενων,
1393 1490 1610 1552 Εγενηθη
1637 1493 1755 1539 λαος
1784 1488 1962 1551 Κυριου

370 1575 396 1598 “
420 1570 547 1635 μερὶς
574 1569 731 1632 αὐτοῦ,
751 1568 1016 1636 σχοίνισμα
1044 1570 1360 1636 κληρονομίας
1387 1570 1530 1620 αὐτοῦ
1555 1567 1798 1634 Ἰσραήλ·”
1840 1567 1961 1618 οὕτω

365 1650 515 1704 πάλιν
541 1652 613 1720 ἐφ’
644 1651 760 1703 ὅλον
786 1651 869 1703 τὸν
900 1651 1084 1716 κόσμον
1116 1658 1198 1703 τοῦ
1233 1658 1400 1717 νοητοῦ
1437 1650 1767 1716 μετοισθέντος
1803 1650 1958 1715 ἡλίου,

367 1736 442 1785 καὶ
481 1732 751 1801 ἀπάραντος
788 1732 874 1798 μὲν
903 1738 999 1785 τῶν
1033 1735 1090 1804 ἐξ
1119 1734 1326 1801 Ἰσραὴλ
1363 1739 1447 1785 τοῦ
1486 1734 1659 1804 φωτὸς,
1690 1732 1962 1800 μεθορμιζο-

366 1815 508 1880 με’νου
543 1816 592 1867 δὲ
628 1815 758 1883 παρὰ
791 1820 888 1871 τοῖς
924 1815 1122 1878 ἔθνεσιν,
1149 1817 1241 1886 ἔξω
1267 1821 1361 1868 τῶν
1387 1816 1514 1868 ὅλων
1540 1818 1565 1867 ὁ
1591 1815 1796 1883 Ἰσραὴλ
1830 1814 1958 1881 ηὑρί-
1984 1837 2034 1863 20

143 1899 273 1985 }s.1ix.
323 1907 524 1949 ᾶσκετο·
585 1906 611 1928 “
637 1896 1020 1962 “Υπομεινάντων
1069 1898 1164 1966 γὰρ
1217 1900 1372 1951 αὐτῶν
1423 1903 1526 1968 φῶς
1575 1898 1757 1965 ἐγένετο
1808 1897 1963 1950 αὐτοῖς

367 1987 395 2010 “
421 1980 608 2043 σκότος,
644 1980 764 2031 κατὰ
803 1980 857 2031 τὸ
896 1981 1240 2047 γεγραμμένον,
1273 1981 1512 2045 μείναντες
1550 1979 1700 2047 αὐγὴν
1733 1981 1781 2031 ἐν
1815 1979 1964 2048 ἀωρίᾳ

367 2069 395 2093 “
420 2062 823 2130 περιεπάτησαν.”
865 2064 919 2114 οὐ
956 2062 1112 2128 μάτην
1151 2064 1233 2115 οὖν
1271 2064 1363 2130 ἄρα
1404 2065 1557 2132 φησὶν
1596 2063 1621 2113 ὃ
1661 2059 1831 2128 Σωτὴρ
1867 2065 1965 2114 τοῖς

369 2146 648 2211 Φαρισαίοις
674 2149 976 2212 προσλαλῶν
995 2145 1119 2211 Ἐγώ
1146 2151 1235 2213 εἰμι
1263 2146 1308 2197 τὶ
1337 2145 1435 2215 φῶς
1462 2147 1534 2196 τοῧ
1563 2146 1747 2213 κόσμου·
1783 2145 1969 2196 ἀπειλεῖ

367 2227 462 2295 γὰρ
488 2229 670 2297 εὐφυῶς
697 2230 760 2282 ὡς
786 2226 1180 2293 ἀπαναστήσεται
1205 2227 1290 2292 μὲν
1315 2233 1399 2279 τοῦ
1417 2226 1636 2293 Ἰσραὴλ,
1659 2225 1964 2291 μετακομίσει
1986 2241 2035 2281 25
2063 2232 2069 2282 J.

369 2309 418 2362 δὲ
466 2309 553 2371 τὴν
596 2308 736 2378 χάριν
779 2310 852 2379 ἐφ’
900 2309 1016 2361 ὅλον
1058 2309 1149 2375 ἤδη
1193 2310 1276 2361 τὸν
1320 2308 1518 2374 κόσμον,
1564 2311 1640 2361 καὶ
1683 2307 1963 2379 ἐφαπλώσει
2063 2294 2069 2329 a

368 2391 542 2444 λοιπὸν
573 2393 743 2460 ἕτεροις
781 2392 868 2457 τὴν
898 2395 982 2457 τῆς
1022 2394 1312 2459 θεογνωσίας
1352 2394 1530 2444 ἀκτῖνα.

455 2475 794 2541 Ἐπιτηρητέον
845 2473 896 2527 δὲ
946 2474 1086 2538 ὅπως,
1130 2476 1279 2526 καίτοι
1328 2474 1460 2541 παρὰ
1509 2478 1606 2528 τοῖς
1655 2472 1965 2541 ἀκροωμένοις

418 2644 451 2678 3.
487 2633 547 2678 τὴν
579 2632 745 2680 ἀνθρώπῳ
778 2632 977 2668 emendavit
1011 2644 1028 2667 e
1064 2631 1141 2667 Cat.
1170 2638 1211 2666 ut
1239 2631 1310 2666 vid.
1338 2632 1434 2667 Aub.
1464 2635 1530 2666 τῶν
1556 2630 1742 2675 ἀνθρώπων
1770 2629 1812 2664 Β.
1844 2628 1964 2665 Holst.

369 2679 403 2714 6.
429 2681 533 2714 πάλιν
550 2686 774 2724 assumptum
792 2691 834 2714 ex
853 2680 895 2714 B.
954 2678 1186 2726 τῷ-πικρὸν]
1207 2679 1260 2713 καὶ
1278 2680 1425 2723 κρυπτὸν
1442 2678 1740 2724 ἐγκατακεχῶσθαι
1757 2679 1804 2723 τῷ
1821 2678 1916 2722 λόγῳ
1933 2688 1964 2711 a.

370 2728 518 2771 κρυπτὸν
534 2732 574 2761 ut
591 2739 624 2761 v.
642 2727 665 2760 l.
685 2739 748 2772 pro
766 2728 887 2771 πικρόν
905 2726 964 2761 dat
981 2726 1076 2761 Aub.
1095 2727 1131 2760 in
1149 2738 1221 2770 mg.
1240 2738 1257 2760 e
1276 2725 1353 2760 Cat.
1371 2733 1411 2760 ut
1430 2725 1499 2760 vid.
1603 2726 1648 2769 μὴ
1665 2725 1732 2770 γὰρ
1749 2724 1889 2758 inverso
1907 2735 1963 2757 or-

372 2773 453 2808 dine
470 2786 499 2808 a.
649 2785 701 2808 12.
730 2774 942 2817 κατεπίμπλη
964 2774 1005 2807 Β.
1025 2771 1241 2818 κατεπίμπλα
1259 2772 1326 2807 Ed.
1346 2773 1513 2807 ἐκάλυπτε
1531 2772 1616 2806 Nik.
1681 2773 1726 2816 τῷ
1745 2782 1816 2804 om.
1837 2770 1880 2804 Β.
1900 2770 1964 2805 Ht.

374 2821 428 2854 16.
455 2820 594 2865 ἐγενήθη
614 2821 758 2854 correxi.
777 2820 936 2865 ἐγεννήθη
957 2820 1025 2855 Ed.
1204 2820 1257 2853 18.
1283 2819 1523 2863 μετοισθέντος
1542 2819 1583 2852 Β.
1604 2817 1680 2852 Cat.
1702 2817 1801 2851 Harl.
1818 2831 1964 2861 μετοικι-

371 2867 513 2903 σθέντος
530 2879 560 2901 a.
579 2867 808 2912 μεταχθέντος
828 2867 891 2902 Ht.
910 2867 977 2902 Ed.
1185 2877 1240 2900 22.
1267 2867 1370 2910 αὐτὴν
1389 2867 1431 2901 Β.
1453 2867 1517 2901 Ht.
1537 2865 1580 2900 cf.
1599 2865 1713 2910 (198.)
1731 2863 1929 2897 emendavit
1946 2875 1965 2897 e

372 2913 449 2948 Cat.
468 2920 508 2948 ut
525 2914 596 2948 vid.
615 2915 710 2949 Aub.
894 2925 950 2960 23.
976 2912 1109 2960 Σωτὴρ]
1129 2914 1279 2959 Χριστὸς
1297 2925 1326 2948 a.
1510 2922 1565 2958 25.
1592 2910 1869 2955 ἀπαναστήσεται
1888 2910 1963 2944 B.a.

371 2960 644 3004 ἐπαναστήσεται
665 2961 727 2996 Ht.
747 2960 813 2995 Ed.
