2084 3317
155 167 280 208 v.30.
396 154 472 195 IN
514 155 556 195 S.
588 153 924 195 JOANNEM.
987 153 1112 194 LIB.
1146 153 1208 194 II.
1270 155 1403 195 CAP.
1427 155 1505 196 IX.
1665 157 1743 195 351

155 263 373 331 ἐξουσίας
421 264 570 333 ἄξιον,
621 266 911 332 παραχρῆμα
959 262 1143 329 κολάζει
1192 263 1274 314 τὸν
1325 266 1603 315 ἀπαίδευτον
1654 269 1749 315 τῶν

154 345 462 410 ἀκροωμένων
488 346 649 411 θυμὸν,
676 345 932 413 ἐπαγαγών
965 368 1010 396 τι
1046 348 1121 397 καὶ
1155 346 1463 413 ἀνθρώπινον,
1492 348 1567 397 καὶ
1601 345 1750 398 πάλιν

155 425 450 492 ἀνθρώπινόν
493 451 538 479 τι
587 427 663 479 διὰ
706 426 793 492 τὴν
838 427 1104 491 οἰκονομίαν
1149 427 1304 491 εἰπὼν,
1350 428 1433 478 οὐκ
1478 429 1526 478 ἐν
1568 432 1751 494 μικροῖς

155 508 357 573 ὁρᾶσθαι
391 508 551 573 μόνοις
591 509 650 561 τὰ
688 510 798 561 καθ’
839 508 1003 561 ἑαυτὸν
1040 508 1287 576 ἐπιτρέπει,
1324 509 1449 560 Θεὸν
1479 509 1593 561 ὅντα
1631 509 1751 561 κατὰ

112 599 133 638 5
154 588 305 657 φύσιν
348 591 642 643 ἐπιδεικνύων
686 590 762 642 διὰ
805 594 888 655 τῆς
933 590 1047 658 ὑπὲρ
1091 591 1343 659 ἄνθρωπον
1381 590 1562 659 ἰσχύος,
1600 591 1629 657 ὴ
1673 593 1750 642 καὶ

153 670 315 738 λόγων
358 672 612 728 πολλάκις.
686 673 906 738 τοιαύτην
955 672 1059 724 τινὰ
1102 676 1178 724 καὶ
1224 679 1306 725 νῦν
1350 675 1398 724 ἐν
1441 679 1536 728 τοῖς
1581 675 1750 742 ἀρτίως

152 753 263 816 ἡμῖν
286 756 604 821 προκειμένοις
630 755 842 822 εὑρήσεις
867 754 954 819 τὴν
979 755 1163 822 τέχνην·
1206 756 1256 806 τί
1276 755 1371 822 γὰρ
1397 755 1489 824 ε”φη
1516 756 1745 825 φθάσας;

154 842 181 864 cc
199 834 220 853 θ

221 839 394 903 Ωσπερ
427 836 521 904 γὰρ
555 839 580 888 ὁ
622 835 793 904 Πατὴρ
834 837 998 904 ἐγείρει
1036 836 1143 891 τοὺς
1184 836 1371 904 νεκροὺς
1410 840 1485 889 καὶ
1525 838 1746 905 ζωοποιεῖ,
1767 862 1788 890 e
1809 847 1915 888 Supra

1807 903 1874 923 ver.
1897 901 1946 923 21.

153 924 181 947 ἐς
241 919 264 937 «γ
453 921 466 937 x
515 921 526 934 z
623 917 654 935 «κ
759 917 777 937 „x
876 916 887 934 l
1185 919 1240 935 a„
1289 917 1309 938 ς
1460 919 1473 933 r
1631 919 1651 937 «γ

207 941 354 972 ουτως
392 941 468 969 και
507 942 531 969 ο
572 923 687 971 Υιος
725 941 804 971 ους
835 924 963 969 θελει
989 917 1212 984 ζωοποιει,
1267 943 1366 970 ειτα
1403 926 1552 971 παλιν
1586 927 1613 950 “
1654 925 1747 972 Οτι
1809 936 1916 976 Supra

86 1023 133 1048 10
154 1007 180 1029 ‘⁶
207 1000 389 1068 ἔρχεται
428 999 525 1067 ὥρα
563 1003 612 1052 ἐν
647 999 676 1069 ᾗ
716 999 887 1054 πάντες
927 1004 968 1052 οἱ
1007 1002 1055 1051 ἐν
1093 1006 1190 1055 τοῖς
1226 1002 1464 1066 μνημείοις
1502 1001 1748 1054 ἀκούσωσι

153 1089 178 1112 “
204 1085 288 1147 τῆς
319 1086 480 1151 φωνῆς
515 1084 704 1134 αὐτοῦ·”
746 1086 821 1133 καὶ
853 1082 972 1149 πρὸς
999 1082 1194 1145 τούτοις,
1223 1083 1292 1134 ὅτι
1319 1085 1396 1134 καὶ
1421 1083 1750 1153 ἐξελεύσονται

152 1165 499 1231 κριθησόμενοι,
552 1168 628 1216 καὶ
680 1163 928 1231 ἀναλόγως
979 1163 1136 1231 ὦνπερ
1189 1165 1246 1216 ἀν
1291 1163 1380 1216 εἶεν
1429 1167 1621 1233 ἐργάται
1665 1167 1751 1232 τὴν

152 1249 456 1310 ἀντιμισθίαν
494 1245 875 1316 ἀποληψόμενοι.
937 1248 962 1298 ὁ
1002 1246 1050 1298 δὲ
1092 1246 1327 1299 δύνασθαι
1369 1248 1527 1315 λε’γων
1569 1251 1751 1317 οὕσπερ

152 1331 211 1380 ἂν
243 1329 393 1381 ἐθέλει
426 1330 684 1396 ζωογονεῖν,
710 1333 785 1382 καὶ
827 1331 987 1392 οὕτως,
1015 1332 1076 1383 ὡς
1120 1331 1144 1380 ὁ
1179 1329 1368 1397 Πατήρ·
1409 1335 1510 1385 πῶς
1552 1331 1609 1382 ἂν
1648 1333 1752 1400 οὐχὶ

87 1427 133 1465 15
152 1411 238 1476 τὴν
263 1416 371 1481 Θεῷ
403 1411 684 1478 πρέπουσαν
710 1412 906 1475 δύναμιν
933 1412 1083 1482 ἐαυτῷ
1110 1417 1263 1463 νοοῖτο
1289 1413 1537 1479 περιτιθείς
1559 1436 1571 1476 ;
1616 1411 1752 1466 ἔσται

152 1493 202 1544 δὲ
241 1493 312 1545 ὅτι
351 1497 427 1545 καὶ
465 1493 657 1546 πάντων
697 1493 855 1561 κριτὴς
893 1495 918 1544 ὁ
958 1494 1212 1561 διαῤῥήδην
1250 1494 1405 1557 εἰπὼν,
1433 1500 1534 1550 πῶς
1573 1497 1655 1547 οὐκ
1694 1496 1752 1548 ἂν

152 1575 405 1646 ἐκταραξαι
456 1577 641 1630 δικαίως
696 1576 804 1630 τοὺς
862 1576 1112 1643 ἄνθρωπον
1164 1576 1231 1627 ἔτι
1285 1576 1467 1642 γυμνὸν
1516 1579 1752 1643 οἰομένους

1809 990 1877 1010 ver.
1897 980 1945 1010 28,

154 1658 379 1726 ὑπάρχειν
405 1657 578 1720 αὑτόνς
617 1658 676 1723 ἧν
701 1658 793 1725 γὰρ
829 1657 886 1723 δὴ
913 1657 1033 1709 κατὰ
1070 1657 1125 1710 τὸ
1164 1659 1298 1722 εἰκὸς,
1324 1660 1577 1726 “Εβραίους
1612 1660 1749 1715 ὄντας
1769 1685 1791 1709 a
1822 1676 1907 1710 238
1922 1675 1973 1710 A.

153 1739 335 1803 αὐτοὺς,
377 1743 452 1791 καὶ
495 1745 591 1794 τοῖς
637 1744 773 1808 ἱεροῖς
815 1741 1290 1806 παιδαγωγουμένους
1331 1742 1623 1808 γράμμασιν,
1667 1745 1750 1795 οὐκ

83 1843 131 1868 20
152 1823 388 1888 ἀγνοῆσαι
425 1827 670 1877 παντελῶς
705 1823 777 1874 ὅτι
808 1822 930 1877 Θεὸς
969 1822 1103 1874 ε”σται
1142 1827 1225 1886 τῆς
1265 1824 1532 1889 οἰκουμένης
1574 1825 1747 1891 κριτὴς,

151 1906 247 1956 ἐπεὶ
281 1907 356 1956 καὶ
390 1905 500 1970 παρ’
528 1906 685 1960 αὐτοῖς
718 1905 956 1959 πολλάκις
990 1904 1235 1972 ἐψάλλετο
1263 1912 1289 1934 “
1308 1905 1527 1957 Ἀνάστα
1559 1908 1583 1957 ὁ
1612 1907 1747 1971 Θεὸς,

153 1992 180 2017 “
205 1992 362 2054 κρῖνον
389 1987 477 2052 τὴν
501 1989 633 2053 γῆν.”
686 1989 761 2039 καὶ
786 1987 935 2038 πάλιν
959 1995 986 2017 “
1005 1985 1122 2039 ‘'O-rt
1149 1989 1174 2039 ὁ
1195 1988 1318 2042 Θεὸς
1344 1987 1503 2055 κριτής
1531 1989 1708 2040 ἐστιν.”

224 2070 360 2121 Ἐπεὶ
398 2070 480 2121 οὖν
511 2069 692 2124 τούτοις
730 2069 1073 2138 ἀσχάλλοντας
1111 2068 1211 2137 ᾔδει
1248 2070 1356 2125 τοὺς
1397 2071 1621 2135 ἀνοήτους
1655 2076 1748 2122 τῶν

150 2152 390 2203 Ἰουδαίων
415 2151 574 2215 λαοὺς,
602 2155 684 2216 τῆς
720 2153 862 2217 αὐτῆς
897 2152 1132 2217 συνήθους
1168 2153 1314 2219 ὀργῆς
1344 2153 1567 2222 ἐξίστησι
1593 2153 1748 2220 λέγων

83 2247 130 2285 25
152 2233 568 2301 ἀνθρωπινώτερον
606 2239 676 2286 Οὐ
715 2231 908 2303 δύναμαι
947 2238 1082 2287 ποιεῖν
1118 2234 1207 2301 ἐγὼ
1246 2238 1331 2286 ἀπ’
1377 2237 1567 2301 ἐμαυτοῦ
1615 2234 1743 2300 οὐδὲν,
1767 2245 1793 2286 b

155 2307 300 2363 καθεὶς
339 2308 486 2360 ἀκούω
528 2310 660 2378 κρίνω.
719 2307 838 2359 ὅσον
873 2307 958 2373 μὲν
993 2310 1075 2360 οὖν
1112 2310 1244 2360 ἐστιν
1283 2310 1332 2360 ἐκ
1372 2315 1455 2360 τοῦ
1495 2310 1747 2377 προχείρου

152 2388 392 2451 λαβόντας
418 2394 579 2454 εἰπεῖν,
610 2392 808 2459 διαγελᾷ
839 2395 933 2442 τῶν
958 2391 1198 2442 Ἰουδαίων
1223 2389 1306 2443 τὸν
1334 2398 1458 2443 νοῦν·
1503 2391 1748 2445 ἀσθενείας

151 2471 244 2538 γάρ
283 2495 420 2535 τινος,
455 2475 529 2523 καὶ
569 2474 623 2523 οὐ
663 2478 910 2527 παντελῶς
950 2474 1197 2540 ἐλευθέρας
1237 2474 1470 2542 ἐξουσίας,
1499 2473 1747 2542 ὑπόληψιν

150 2553 409 2605 πλάττεται
455 2561 538 2606 τοῦ
586 2555 734 2621 λόγου
778 2554 833 2606 τὸ
878 2559 1064 2624 σχῆμα,
1115 2557 1208 2624 ἔχει
1252 2557 1301 2608 δὲ
1346 2558 1433 2624 οὐχ
1478 2558 1599 2607 οὕτω
1644 2559 1743 2608 κατ’

82 2662 132 2697 30
151 2636 388 2700 ἀλήθειαν,
420 2638 607 2703 ἐπείπερ
648 2637 753 2692 ’ίσος
793 2637 858 2688 ὧν
897 2640 922 2689 ὁ
957 2637 1070 2692 Υἱὸς
1113 2638 1233 2689 κατὰ
1271 2638 1428 2690 πάντα
1468 2642 1534 2708 τῷ
1575 2640 1744 2705 Πατρῖ,

199 2753 232 2783 4.
259 2741 428 2785 ἐπιτρέπει
447 2750 671 2788 assumptum
688 2756 729 2778 ex
749 2744 790 2778 B.
887 2754 919 2787 5.
946 2744 1209 2789 &assumptum
1227 2756 1268 2779 ex
1289 2744 1383 2779 B.D.
1527 2744 1559 2777 6.
1586 2746 1681 2790 λόγῳ
1702 2745 1742 2780 B.

152 2799 186 2833 9.
211 2786 519 2831 οὔτως-ζωοποιεῖ
535 2797 716 2836 assumpta
733 2803 774 2825 ex
793 2791 887 2826 B.D.
907 2791 1035 2837 Georg.
1054 2791 1161 2836 Trap.
1429 2801 1481 2825 10.
1505 2790 1682 2826 ἀκούσωσι
1701 2791 1744 2827 Β.

281 2844 342 2860 νΤαι

154 2867 342 2903 ἀκούσουσι
362 2869 407 2902 D.
427 2868 626 2903 ἀκούσονται
641 2870 708 2905 Ed.
808 2882 860 2906 12.
886 2872 995 2915 ὧνπερ
1017 2871 1136 2917 [ὅνπερ
1150 2870 1256 2916 Cod.]
1276 2871 1316 2905 ἂν
1333 2867 1398 2905 εἶεν
1413 2871 1455 2906 Β.
1473 2872 1661 2917 ὡσπερανεὶ
1677 2871 1744 2907 Ed.

156 2924 212 2960 25.
237 2917 346 2949 ποιεῖν
362 2915 429 2960 ἐγὼ
447 2915 513 2949 hoc
530 2915 651 2950 ordine
670 2917 711 2950 B.
884 2919 939 2952 28.
967 2921 1140 2954 παντελῶς
1159 2918 1201 2952 Β.
1218 2919 1345 2953 πάντας
1364 2917 1429 2952 Ed.
1448 2918 1508 2953 sed
1526 2920 1658 2955 πάντως
1676 2918 1742 2953 Ed„

155 2973 227 3007 mg.
280 2962 440 2997 Formam
458 2968 643 3008 utramque
655 2964 700 3007 (ἓ)
718 2964 762 2998 D.

1811 1844 1976 1877 Ps.lxxxi.

1811 1888 1973 2006 {ahmin
