2084 3317
104 1074 184 1109 341
199 1073 250 1108 A.
289 1083 310 1108 a

327 136 413 176 500
730 137 781 178 B.
814 136 1089 178 CYRILLI
1129 134 1511 176 ALEXANDR.
1777 133 1833 174 vi.
1851 145 1920 185 41.

289 266 311 294 e
329 243 515 308 σμένως
542 245 728 307 οἴεσθαί
748 269 794 296 τι
819 251 966 297 ποιεῖν
992 245 1221 311 ἑκάτερον,
1242 244 1362 311 πρὸς
1388 244 1504 310 ὅπερ
1531 242 1588 295 ἂν
1607 243 1705 312 ε”χοι
1731 243 1922 312 φύσεως

328 327 606 391 ἐπιτηδείως,
647 326 782 395 δέχου
822 328 869 377 δὲ
908 331 1100 390 μᾶλλον
1139 330 1202 380 εἰς
1241 332 1350 377 νοῦν
1389 325 1460 376 ὅτι
1501 325 1794 391 συνεργάτης
1837 323 1923 388 μέν

328 410 460 460 ἐστιν
488 410 512 458 ὁ
541 408 710 475 Πατὴρ
737 412 804 477 τῷ
829 411 931 476 Υἱῲ
968 410 1044 459 καὶ
1081 409 1106 458 ὁ
1133 406 1248 461 Υἱὸς
1285 408 1344 458 αὖ
1379 407 1528 458 πάλιν
1553 411 1620 477 τῷ
1648 409 1819 473 Πατρὶ,
1846 407 1923 456 καὶ

329 490 458 556 ὅλης,
487 491 541 542 ἵν’
571 492 718 544 οὕτως
753 490 882 552 εἴπω,
909 492 992 553 τῆς
1029 490 1166 555 ἁγίας
1194 488 1400 555 Τριάδος
1432 489 1569 556 ἔργον
1595 491 1726 540 ἐστὶν
1752 489 1780 552 ἡ
1812 488 1919 539 καθ’

328 573 448 638 ἡμᾶς
488 572 701 638 σωτηρία
739 574 815 622 καὶ
854 572 882 635 ἡ
920 573 970 622 ἐκ
1007 570 1213 622 θανάτου
1247 570 1396 622 πάλιν
1428 576 1489 625 εἷς
1526 570 1645 637 ζωὴν
1678 571 1917 623 ἐπάνοδος.

328 655 593 723 ἀρκούντως
630 653 679 704 δὲ
717 654 820 704 ’ίσθι
855 656 931 705 καὶ
965 652 1048 704 τὸν
1078 654 1269 720 Πατέρα
1298 651 1418 720 πρὸς
1443 658 1608 704 πᾶσαν
1635 653 1754 720 ἔχειν
1781 652 1924 720 ἰσχύν

328 760 377 788 τε
406 739 482 788 καὶ
509 737 683 805 χρείαν,
711 737 882 800 ὁμοίως
909 734 957 786 δὲ
984 737 1060 787 καὶ
1086 734 1169 786 τὸν
1194 734 1326 798 Υἱὸν,
1353 737 1429 786 καὶ
1455 736 1654 802 προσέτι
1679 733 1732 786 τὸ
1751 735 1925 801 ’Άγιον

329 823 541 883 Πνεῦμα’
595 818 779 887 ἔρχεται
819 818 867 869 δὲ
906 817 982 869 διὰ
1019 816 1182 882 πάσης
1220 821 1303 882 τῆς
1343 818 1479 884 ἁγίας
1518 822 1561 869 Τ
1563 816 1721 885 ριάδος
1760 815 1820 867 τὰ
1862 820 1925 870 εἰς

326 902 448 965 ἡμᾶς
490 899 662 967 ἀγαθὰ,
706 902 781 951 καὶ
821 899 880 951 τὰ
920 899 1078 952 πάντα
1121 901 1169 950 ἐν
1209 905 1360 951 πᾶσιν
1400 901 1424 950 ὁ
1467 899 1589 953 Θεὸς
1634 901 1710 951 καὶ
1753 898 1924 966 Πατὴρ

328 982 607 1051 ὁλοκλήρως
634 984 900 1050 εὑρίσκεται
928 983 982 1033 δι’
1013 985 1131 1033 Υἱοῦ
1157 983 1205 1033 ἐν
1234 981 1492 1046 Πνεύματι.

402 1064 741 1132 Ἐπιτηρητέον
775 1066 819 1114 δ’
849 1066 930 1116 οὖν
962 1065 1088 1129 ὅμως
1124 1066 1321 1127 κάκεῖνο,
1349 1067 1412 1118 ὡς
1445 1064 1573 1116 πολύ
1611 1086 1656 1114 τι
1693 1063 1747 1114 τὸ
1786 1063 1919 1133 ἀξιό-

329 1155 479 1214 λογον
515 1150 562 1199 ἐν
596 1151 663 1217 τῷ
701 1146 942 1198 πιστεύειν
978 1150 1039 1200 εἱς
1080 1145 1164 1198 τὸν
1189 1145 1308 1197 Υὶὸν
1343 1147 1621 1212 εὑρίσκεται.
1675 1145 1795 1213 ζωὴν
1830 1145 1925 1212 γὰρ

328 1230 421 1298 ἔχει
459 1229 514 1281 τὸ
554 1228 707 1295 γέρας·
765 1233 802 1280 εὶ
842 1228 890 1280 δὲ
929 1231 978 1279 ἐν
1012 1232 1114 1297 Υὶῲ
1153 1227 1272 1279 κατὰ
1313 1228 1464 1297 φύσιν
1502 1228 1861 1294 ἐπιγινώσκεται
1900 1228 1925 1278 ὁ

330 1311 501 1379 Πατὴρ
537 1313 612 1362 καὶ
639 1311 776 1374 Θεὸς,
802 1312 872 1365 τίς
908 1309 966 1361 ἂν
1001 1310 1263 1379 ἀνάσχοιτο
1299 1309 1470 1363 λοιπὸν
1495 1316 1590 1362 τῶν
1621 1312 1713 1380 ἔξω
1748 1309 1921 1380 φερόν-

327 1417 422 1445 των
458 1393 600 1445 αὐτὸν
635 1397 717 1458 τῆς
757 1394 922 1446 οὐσίας
961 1398 1044 1444 τοῦ
1083 1392 1288 1460 Πατρὸς,
1321 1395 1397 1444 καὶ
1436 1393 1689 1445 ἀπύλωτον
1722 1391 1925 1461 ἐχόντων

328 1481 390 1530 εἰς
423 1476 510 1541 τὴν
537 1478 611 1528 ἐπὶ
647 1475 798 1545 τούτῳ
834 1476 1113 1544 δυσφημίαν
1139 1475 1192 1527 τὸ
1223 1475 1413 1539 στόμα,
1459 1477 1513 1527 δι’
1542 1473 1658 1527 ὧνδε
1692 1475 1926 1527 δύνασθαι

330 1563 577 1611 διανιστᾶν
603 1563 665 1612 εἷς
701 1555 822 1624 ζωὴν
849 1557 903 1610 τὸ
939 1559 1188 1612 πεπτωκὸς
1228 1562 1292 1612 εἷς
1328 1558 1532 1609 θάνατον
1558 1557 1922 1624 ἐπαγγέλλεται,

330 1640 407 1692 διὰ
441 1641 621 1693 τούτων
645 1642 813 1703 αὐτῶν,
843 1641 1058 1704 οὐδεμιᾶς
1095 1641 1184 1705 ἤδη
1218 1640 1594 1706 μεσολαβούσης
1629 1641 1922 1709 ἐξαλλαγῆς,

282 1730 310 1771 b
330 1748 393 1778 εις
420 1723 681 1788 ταυτότητά
707 1721 918 1792 φυσικὴν
945 1723 1186 1784 ἀναβαίνει
1222 1727 1288 1791 τῷ
1322 1722 1637 1788 γεγεννηκότι·
1679 1723 1796 1790 ζωῆς
1831 1721 1924 1789 γὰρ

330 1806 470 1872 ἔργον
496 1806 612 1857 ’ίδιον
638 1805 692 1856 τὸ
720 1804 972 1871 ζωοποιεῖν,
1001 1807 1076 1856 καὶ
1114 1805 1302 1872 ἐπείπερ
1337 1805 1428 1870 ζωὴ
1463 1804 1583 1856 κατὰ
1618 1805 1816 1874 φύσιν’
1794 1828 1926 1858 εστιν

330 1889 355 1938 ὁ
390 1887 572 1954 Πατηρ,
608 1887 699 1953 ζωὴ
739 1886 927 1941 πάντως
967 1889 1043 1938 καὶ
1083 1888 1107 1937 ὁ
1145 1887 1265 1939 κατὰ
1303 1887 1453 1957 φύσιν
1484 1888 1542 1957 ἐξ
1572 1889 1715 1939 αὑτοῦ
1749 1886 1919 1953 νοηθή-

330 1993 483 2033 σεται,
509 1970 726 2022 τουτέστι
754 1970 778 2019 ὁ
810 1969 1105 2035 Μονογενής.

265 2147 578 2205 4ιἘΓόΠ-υζον
616 2145 690 2189 οὖν
729 2145 767 2188 οἷ
797 2144 1003 2188 Ἰουδαῖοι
1042 2148 1140 2204 Περὶ
1180 2148 1325 2199 αὐτοῦ,
1362 2149 1427 2189 ὅτι
1470 2143 1588 2189 εἶπεν
1619 2147 1738 2196 ’El-do
1777 2146 1862 2197 εἰμι
1902 2150 1924 2192 ὁ

703 2231 833 2287 ἄρτος
871 2231 893 2273 ὃ
933 2231 1121 2281 καταβὰς
1159 2231 1206 2272 ἐκ
1243 2235 1317 2273 τοῦ
1355 2232 1556 2289 οὐρανοῦ.

407 2341 763 2405 Ἀγανακτοῦσι
808 2337 957 2390 πάλιν
1002 2343 1043 2390 οἱ
1095 2344 1190 2390 τῶν
1236 2341 1490 2406 εἰρημένων
1533 2339 1663 2406 παρὰ
1707 2344 1926 2407 Χριστοῦ

333 2422 569 2476 συνιέντες
595 2421 739 2473 οὐδέν·
779 2421 961 2490 πέφυκε
986 2420 1041 2472 δέ
1060 2444 1160 2475 πως
1187 2423 1234 2472 ἐν
1262 2421 1443 2476 τούτοις
1477 2423 1682 2489 ὁρᾶσθαι
1717 2421 1837 2473 κατὰ
1870 2423 1925 2474 τὸ

334 2510 566 2556 πλεῖστον
592 2505 617 2554 ὁ
651 2503 926 2558 ἀπαίδευτος
959 2509 1080 2557 νοῦς’
1123 2504 1176 2554 οὐ
1202 2503 1296 2571 γὰρ
1324 2504 1508 2572 ἔχοντες
1534 2504 1927 2572 περιδράττεσθαι

386 2678 416 2700 Ι.
442 2681 475 2701 τι
492 2672 740 2755 ἃςεωᾙρωῐῐι4
734 2678 776 2700 ex
796 2666 838 2700 B.
844 2666 889 2700 D.
1037 2676 1069 2699 2.
1096 2666 1291 2710 ἐπιτηδείως
1311 2667 1353 2701 Β.
1373 2668 1642 2712 ἐπιτηδειότητος
1660 2668 1728 2703 Ed.
1792 2669 1928 2711 μᾶλλον

336 2713 379 2747 Β.
396 2714 500 2747 πάλιν
519 2713 586 2747 Ed.
718 2725 752 2755 4.
779 2714 880 2771 ἔργον
897 2712 993 2747 ἐστὶν
1008 2712 1077 2747 hoc
1095 2712 1218 2747 ordine
1238 2714 1280 2748 Β.
1286 2714 1331 2748 D.
1350 2715 1452 2760 ἔργον
1469 2727 1539 2750 orn.
1561 2714 1668 2749 Cord.
1719 2714 1817 2749 Nihil
1835 2715 1877 2749 de
1894 2726 1926 2749 a.

335 2760 466 2794 notavi.
598 2760 630 2795 S.
656 2761 714 2804 τῆς
731 2759 828 2805 ἁγίας
846 2772 915 2794 om.
936 2759 979 2794 Β
1114 2771 1167 2793 ΙΙ.
1194 2759 1263 2794 κατ’
1283 2762 1389 2795 ἐκεῖνο
1409 2762 1451 2796 B.
1588 2773 1642 2807 13.
1669 2762 1752 2796 κατὰ
1770 2761 1927 2818 φύσιν-

336 2807 421 2842 Θεὸς
440 2807 482 2841 Β.
503 2808 587 2842 Θεὸς
604 2809 621 2840 ὁ
640 2807 723 2841 κατὰ
740 2806 850 2851 φύσιν
868 2807 1124 2852 ἐπιγινώσκεται
1144 2806 1210 2840 Ed.
1349 2821 1401 2851 14.
1428 2809 1468 2842 ἂν
1485 2820 1555 2842 om.
1576 2808 1618 2842 Β.
1760 2819 1816 2843 20.
1841 2807 1927 2842 ἰ’διον

334 2854 434 2898 ἔργον
452 2854 590 2888 inverso
607 2853 730 2887 ordine
750 2854 791 2888 B.
935 2864 990 2898 2·ss
1018 2853 1129 2887 Inscr.
1149 2853 1291 2888 rub10:
1313 2854 1377 2889 B'.
1405 2855 1456 2889 ὅτι
1475 2856 1639 2898 ζωοποιὸν
1656 2855 1694 2889 τὸ
1713 2856 1809 2900 ἅγιον
1827 2858 1927 2898 σῶμα

334 2903 493 2945 χριστοῦ,
512 2901 612 2946 quasi
630 2906 735 2945 caput
753 2899 949 2934 secundum
968 2900 1048 2933 hic
1040 2900 1211 2944 mcipiens
1230 2901 1273 2935 B.
1332 2903 1363 2936 οἱ
1381 2914 1451 2937 om.
1471 2902 1513 2937 Β.
1613 2901 1668 2936 26.
1695 2901 1864 2937 συνιέντες
1882 2901 1926 2936 Β.

336 2961 492 2982 συνεντες
511 2947 578 2982 Ed.
724 2956 780 2992 27.
807 2948 943 2992 ἔχοντες
962 2946 1004 2981 Β.
1023 2947 1110 2992 ἔχων
1129 2947 1195 2981 Ed.

1943 589 1966 628 5

1947 1005 1996 1031 10

1948 1415 1995 1452 15

1946 1833 1995 1857 20

2082 170 2084 175 .
2077 125 2084 161 ,ζὴ
