2084 3317
893 695 1211 743 ΚΕΦΑΛΗ
1269 695 1324 744 Ε.

268 780 295 821 b

307 869 400 910 ’Ότι
431 869 499 908 οὐκ
532 869 572 909 ἐν
603 871 681 910 τοῖς
713 866 1000 920 προσκυιόῧσίν
1033 867 1142 907 ἐστιν
1174 868 1194 905 ὁ
1223 865 1329 914 Ὑὶὸς,
1360 863 1383 920 ᾗ
1415 865 1544 916 Λόγος
1575 863 1659 903 ἐστὶ
1693 863 1752 903 καὶ
1784 863 1902 912 Θεὸς,

678 956 956 1004 προσκυνεῖται
987 952 1030 992 δὲ
1059 955 1217 1001 μᾶλλον
1247 952 1344 1002 μετὰ
1376 949 1541 1000 Πατρὸς.

248 1127 294 1152 22
373 1106 522 1158 “Υμεῖε
565 1105 844 1164 Προσκυνεῖτε
888 1107 910 1149 ὃ
956 1107 1032 1147 οὐκ
1077 1104 1236 1147 οἴδατε·
1289 1102 1410 1154 ἡμεῖς
1454 1107 1771 1162 Προοκυνοῦμεν
1811 1105 1837 1146 ὃ

503 1197 696 1250 οἴδαμεν,
731 1200 797 1241 ὅτι
835 1199 858 1239 ἡ
899 1198 1090 1254 σωτΗρία
1128 1198 1174 1238 ἐκ
1212 1197 1298 1238 τῶν
1330 1196 1554 1238 Ἰουδαίων
1592 1195 1720 1237 ἐστίν.
1925 1206 1947 1241 5

391 1324 601 1372 ΛΑΛΕΙ
627 1320 713 1384 μὲν
737 1319 886 1371 πάλιν
913 1322 975 1373 ὡς
999 1318 1225 1372 Ἰουδαῖος
1259 1320 1335 1369 καὶ
1361 1321 1423 1372 ὡς
1450 1318 1711 1384 ἄνθρωπος,
1737 1322 1906 1367 τοῦτον

276 1407 390 1456 οκαὶ
419 1409 500 1454 νῦν
527 1402 820 1464 ἀπαιτούσης
855 1400 938 1452 τὸν
964 1400 1142 1468 τρόπον
1169 1404 1251 1465 τῆς
1286 1406 1370 1451 τοῦ
1406 1399 1685 1466 πράγματος
1721 1403 1901 1449 οἰκονο-

315 1487 436 1549 μιάς·
477 1484 580 1535 οὐδὲ
606 1483 700 1549 γὰρ
728 1483 784 1534 ἂν
805 1490 967 1550 καιροῦ
991 1488 1075 1534 τοῦ
1098 1483 1360 1549 πρέποντος
1387 1480 1652 1550 ἀπεσφάλη
1673 1479 1902 1546 Χριστός·

315 1568 533 1630 ἀπονέμει
575 1566 630 1617 δέ
665 1589 709 1616 τι
752 1569 828 1616 καὶ
868 1566 1017 1617 πλέον
1055 1569 1118 1619 εἷς
1158 1564 1357 1615 σύνεσιν
1398 1569 1497 1617 ταῖς
1537 1564 1776 1614 Ἰουδαίων
1814 1569 1902 1612 λα-

315 1650 498 1717 τρείαις.
554 1652 838 1714 Σαμαρεῖται
875 1647 961 1711 μὲν
996 1645 1197 1714 γὰρ-ὡς
1234 1649 1281 1697 ἐν
1314 1648 1454 1716 ἁπλῷ
1493 1669 1543 1696 τε
1583 1647 1657 1695 καὶ
1696 1643 1906 1713 ἀζητήτῳ
1930 1671 1978 1694 10

315 1732 448 1800 λόγῳ
486 1735 815 1797 προσκυνοῦσι
856 1729 939 1780 τὸν
979 1730 1121 1780 Θεόν·
1180 1731 1395 1780 Ἰουδαῖοι
1435 1728 1495 1791 δὲ,
1536 1727 1610 1778 διὰ
1650 1726 1793 1788 νόμου
1832 1729 1907 1776 καὶ

315 1818 577 1882 προφητῶν
614 1812 700 1872 τὴν
735 1817 818 1862 τοῦ
858 1811 992 1865 ὄντος
1031 1816 1214 1876 γνῶσιν
1249 1810 1369 1862 κατὰ
1407 1809 1460 1861 τὸ
1501 1811 1741 1877 ἐγχωροῦν
1776 1807 1907 1876 δεχό-

314 1918 459 1956 μενοι.
515 1893 590 1945 διὰ
624 1899 764 1944 τοῦτο
792 1895 1085 1958 Σαμαρείτας
1122 1892 1207 1954 μὲν
1233 1894 1316 1943 οὐκ
1352 1892 1516 1943 εἰδέναι
1556 1894 1722 1959 φησὶν,
1749 1891 1904 1958 ἐξεπί-

316 1980 530 2027 στασθαι
567 1977 623 2026 δέ
649 1999 750 2029 πως
778 1975 1045 2038 Ἰουδαίους,
1073 1976 1129 2043 ἐξ
1160 1973 1225 2025 ὧν
1251 1976 1326 2025 καὶ
1363 1972 1793 2040 ἀναδειχθήσεσθαι
1823 1972 1909 2036 τὴν

318 2063 542 2127 σωτηρίαν,
587 2055 751 2108 ἑαυτὸν
794 2057 1013 2121 δηλονότι
1060 2054 1404 2123 διισχυρίζεται.
1476 2053 1570 2106 ἀπὸ
1614 2054 1708 2119 γὰρ
1752 2055 1900 2120 σπέρ-
1933 2076 1978 2114 15

273 2150 300 2190 d
317 2163 464 2203 ματος
491 2141 667 2190 Δαυεὶδ
692 2138 746 2189 τὸ
779 2138 898 2189 κατὰ
931 2138 1090 2205 σάρκα
1116 2136 1344 2204 Χριστὸς,
1371 2140 1529 2206 φυλῆς
1565 2136 1613 2187 δὲ
1646 2139 1730 2200 τῆς
1752 2135 1908 2187 Ἰούδα

317 2222 512 2288 γέγονεν
551 2223 576 2272 ὁ
616 2223 805 2271 Δαυείδ.
861 2222 909 2271 ἐν
949 2219 997 2270 δὲ
1034 2225 1132 2274 τοῖς
1169 2224 1526 2286 προσκυνοῦσιν
1564 2218 1728 2269 ἑαυτὸν
1768 2241 1907 2269 κατα-

318 2303 474 2355 τάττει
511 2302 659 2354 πάλιν
693 2305 755 2356 ὡς
795 2303 1054 2369 ἅνθρωπος,
1088 2304 1112 2353 ὁ
1151 2300 1269 2364 μετὰ
1308 2306 1390 2352 τοῦ
1423 2305 1549 2352 Θεοῦ
1587 2302 1662 2351 καὶ
1698 2300 1904 2366 Πατρὸς,

317 2385 435 2451 πρός
483 2407 530 2436 τε
575 2385 708 2448 ἡμῶν
753 2386 828 2434 καὶ
878 2388 973 2434 τῶν
1018 2385 1166 2449 ἁγίων
1210 2383 1432 2448 ἀγγέλων
1477 2383 1904 2450 προσκυνούμενος.

318 2467 475 2531 ἐπειδὴ
527 2465 620 2533 γὰρ
671 2464 725 2517 τὸ
777 2465 1000 2516 οἰκετικὸν
1048 2464 1355 2531 περιεβάλετο
1406 2467 1588 2532 σχῆμα,
1629 2463 1715 2528 τὴν
1759 2463 1908 2531 οἰκέτῃ
1931 2491 1980 2516 20

318 2550 596 2616 πρέπουσαν
635 2550 913 2613 ἀποπληροῖ
946 2548 1257 2613 λειτουργίαν,
1298 2548 1381 2597 οὐκ
1420 2546 1666 2600 ἀπολέσας
1704 2546 1758 2598 τὸ
1797 2544 1908 2597 εἶναι

320 2632 442 2685 Θεὸς
471 2633 547 2682 καὶ
576 2630 749 2696 Κύριος
786 2632 861 2681 καὶ
895 2629 1239 2695 προσκυνητός·
1282 2628 1406 2691 με’νει
1433 2627 1526 2694 γὰρ
1553 2630 1578 2679 ὁ
1605 2628 1744 2683 αὐτὸς
1770 2633 1806 2679 εἶ
1833 2630 1909 2679 καὶ

368 2783 399 2812 2,
445 2771 562 2806 ..Om
583 2771 638 2811 B„
657 2772 716 2816 qui
735 2771 933 2816 transponit
950 2774 991 2804 ut
1010 2782 1115 2814 supla
1133 2770 1261 2804 notavi.
1362 2769 1394 2803 6.
1422 2770 1466 2804 ὡς
1483 2769 1542 2803 aliz.
1562 2775 1785 2814 assumptum
1804 2781 1844 2802 ex
1869 2769 1907 2802 Β.

321 2819 353 2853 8.
378 2822 438 2852 τοῦ
458 2819 499 2853 Β.
518 2833 553 2852 τε
571 2833 624 2852 και
644 2818 711 2852 Ed.
837 2830 869 2862 9.
897 2819 955 2861 τῆς
970 2816 1143 2851 Ἰουδαίων
1160 2817 1317 2861 λατρείας
1338 2816 1378 2850 P).
1397 2817 1514 2850 invitis
1534 2815 1626 2850 Catt.
1751 2827 1803 2857 14.
1831 2816 1908 2851 τοὺς

318 2865 501 2900 Ἰουδαίους
520 2865 586 2899 Ed.
605 2865 715 2899 invito
736 2865 776 2898 B.
1019 2874 1071 2908 15.
1098 2864 1215 2896 ἑαυτου
1233 2864 1363 2896 conexi
1385 2875 1489 2896 sensu
1507 2863 1678 2907 exigente.
1696 2863 1822 2896 εαυτῶν
1840 2861 1906 2896 Ed.

324 2912 377 2945 16.
403 2915 463 2945 τοῦ
481 2924 543 2956 pro
562 2913 600 2945 τὸ
620 2911 661 2945 Β.
790 2920 840 2955 17.
866 2911 967 2944 αὐτὸν
987 2910 1027 2944 Β.
1048 2910 1164 2943 inxitis
1183 2922 1212 2943 a
1233 2910 1339 2943 Cmd.
1469 2910 1521 2943 18.
1548 2912 1607 2943 τοῦ
1625 2915 1846 2965 assumptan
1866 2920 1907 2942 ex

323 2958 363 2991 B.
367 2970 396 2992 a.
416 2925 522 2992 Corld.
673 2969 727 2992 20.
755 2959 977 3002 περιεβάλετο
998 2957 1090 2991 Β.1).
1111 2956 1203 2990 Catt
1221 2958 1468 3000 περιεβάλλετο
1489 2955 1554 2989 Ed.
1709 2966 1763 2989 22.
1791 2955 1819 2988 εἰ
1836 2966 1906 2988 om.

323 3004 364 3038 B.
383 3004 487 3039 habet
507 3004 613 3039 Cord.
