<?xml version="1.0" encoding="UTF-8"?>
<!DOCTYPE html PUBLIC "-//W3C//DTD XHTML 1.0 Transitional//EN"
    "http://www.w3.org/TR/xhtml1/DTD/xhtml1-transitional.dtd">
<html xmlns="http://www.w3.org/1999/xhtml" xml:lang="en" lang="en">
 <head>
  <title>
</title>
<meta http-equiv="Content-Type" content="text/html;charset=utf-8" />
  <meta name='ocr-system' content='tesseract 3.04.00' />
  <meta name='ocr-capabilities' content='ocr_page ocr_carea ocr_par ocr_line ocrx_word'/>
</head>
<body>
  <div class='ocr_page' id='page_1' title='image "./operacyrilli03cyriuoft/operacyrilli03cyriuoft_0463.png"; bbox 0 0 2084 3317; ppageno 0'>
   <div class='ocr_carea' id='block_1_1' title="bbox 152 139 1739 192">
    <p class='ocr_par' dir='ltr' id='par_1_1' title="bbox 152 139 1739 192">
     <span class='ocr_line' id='line_1_1' title="bbox 152 139 1739 192; baseline 0.011 -17"><span class='ocrx_word' id='word_1_1' title='bbox 152 150 191 175; x_wconf 87' lang='lat' dir='ltr'>v.</span> <span class='ocrx_word' id='word_1_2' title='bbox 209 139 278 189; x_wconf 85' lang='lat'><em>46.</em></span> <span class='ocrx_word' id='word_1_3' title='bbox 359 140 433 181; x_wconf 90' lang='lat' dir='ltr'>IN</span> <span class='ocrx_word' id='word_1_4' title='bbox 476 143 518 183; x_wconf 89' lang='lat' dir='ltr'>S.</span> <span class='ocrx_word' id='word_1_5' title='bbox 552 144 887 186; x_wconf 87' lang='lat' dir='ltr'><strong>JOANNEM.</strong></span> <span class='ocrx_word' id='word_1_6' title='bbox 950 147 1075 188; x_wconf 90' lang='lat' dir='ltr'><strong>LIB.</strong></span> <span class='ocrx_word' id='word_1_7' title='bbox 1109 147 1194 189; x_wconf 89' lang='grc' dir='ltr'>ΠΙ.</span> <span class='ocrx_word' id='word_1_8' title='bbox 1258 150 1391 191; x_wconf 88' lang='lat' dir='ltr'><strong>CAP.</strong></span> <span class='ocrx_word' id='word_1_9' title='bbox 1424 150 1511 191; x_wconf 92' lang='lat' dir='ltr'><strong>III.</strong></span> <span class='ocrx_word' id='word_1_10' title='bbox 1656 153 1739 192; x_wconf 84' lang='lat'>393</span> 
     </span>
    </p>
   </div>
   <div class='ocr_carea' id='block_1_2' title="bbox 74 248 1961 2215">
    <p class='ocr_par' dir='ltr' id='par_1_2' title="bbox 74 248 1961 2215">
     <span class='ocr_line' id='line_1_2' title="bbox 152 248 1961 319; baseline 0.008 -23"><span class='ocrx_word' id='word_1_11' title='bbox 152 250 178 274; x_wconf 76' lang='lat'>‘⁶</span> <span class='ocrx_word' id='word_1_12' title='bbox 203 252 286 297; x_wconf 84' lang='grc' dir='ltr'>τοῦ</span> <span class='ocrx_word' id='word_1_13' title='bbox 329 248 534 316; x_wconf 81' lang='grc' dir='ltr'>Πατρὸς,</span> <span class='ocrx_word' id='word_1_14' title='bbox 573 257 719 304; x_wconf 88' lang='grc' dir='ltr'>ταῦτα</span> <span class='ocrx_word' id='word_1_15' title='bbox 764 255 1016 319; x_wconf 84' lang='grc' dir='ltr'>ἀναγγελῶ</span> <span class='ocrx_word' id='word_1_16' title='bbox 1063 257 1215 319; x_wconf 84' lang='grc' dir='ltr'>ὑμῖν·”</span> <span class='ocrx_word' id='word_1_17' title='bbox 1267 259 1344 308; x_wconf 82' lang='grc' dir='ltr'>καὶ</span> <span class='ocrx_word' id='word_1_18' title='bbox 1387 257 1535 309; x_wconf 85' lang='grc' dir='ltr'>πάλιν</span> <span class='ocrx_word' id='word_1_19' title='bbox 1573 258 1735 310; x_wconf 67' lang='lat' dir='ltr'><strong><em>““Ort</em></strong></span> <span class='ocrx_word' id='word_1_20' title='bbox 1798 277 1889 308; x_wconf 77' lang='lat' dir='ltr'>Infra</span> <span class='ocrx_word' id='word_1_21' title='bbox 1906 277 1961 311; x_wconf 79' lang='lat' dir='ltr'><strong>xii.</strong></span> 
     </span>
     <span class='ocr_line' id='line_1_3' title="bbox 150 327 1839 408; baseline 0.009 -31"><span class='ocrx_word' id='word_1_22' title='bbox 150 332 177 356; x_wconf 75' lang='lat'>‘⁶</span> <span class='ocrx_word' id='word_1_23' title='bbox 199 327 292 392; x_wconf 84' lang='grc' dir='ltr'>ἐγὼ</span> <span class='ocrx_word' id='word_1_24' title='bbox 330 329 388 398; x_wconf 81' lang='grc' dir='ltr'>ἐξ</span> <span class='ocrx_word' id='word_1_25' title='bbox 421 332 621 393; x_wconf 84' lang='grc' dir='ltr'>ἐμαυτοῦ</span> <span class='ocrx_word' id='word_1_26' title='bbox 658 335 741 385; x_wconf 83' lang='grc' dir='ltr'>οὐκ</span> <span class='ocrx_word' id='word_1_27' title='bbox 778 334 1013 401; x_wconf 82' lang='grc' dir='ltr'>ἐλάλησα,</span> <span class='ocrx_word' id='word_1_28' title='bbox 1039 339 1151 389; x_wconf 84' lang='grc' dir='ltr'>ἀλλ’</span> <span class='ocrx_word' id='word_1_29' title='bbox 1181 339 1206 388; x_wconf 87' lang='lat'>6</span> <span class='ocrx_word' id='word_1_30' title='bbox 1236 339 1434 407; x_wconf 66' lang='grc' dir='ltr'>πεμψας</span> <span class='ocrx_word' id='word_1_31' title='bbox 1471 362 1529 403; x_wconf 93' lang='grc' dir='ltr'>με</span> <span class='ocrx_word' id='word_1_32' title='bbox 1567 339 1736 408; x_wconf 87' lang='grc' dir='ltr'>Πατὴρ</span> <span class='ocrx_word' id='word_1_33' title='bbox 1798 331 1839 362; x_wconf 75' lang='lat'>49</span> 
     </span>
     <span class='ocr_line' id='line_1_4' title="bbox 148 409 1737 487; baseline 0.01 -29"><span class='ocrx_word' id='word_1_34' title='bbox 148 414 176 436; x_wconf 72' lang='lat'>‘⁶</span> <span class='ocrx_word' id='word_1_35' title='bbox 201 409 341 464; x_wconf 84' lang='grc' dir='ltr'>αὐτός</span> <span class='ocrx_word' id='word_1_36' title='bbox 372 434 452 474; x_wconf 88' lang='grc' dir='ltr'>μοι</span> <span class='ocrx_word' id='word_1_37' title='bbox 486 415 682 480; x_wconf 86' lang='grc' dir='ltr'>ἐντολὴν</span> <span class='ocrx_word' id='word_1_38' title='bbox 717 416 884 469; x_wconf 81' lang='grc' dir='ltr'>δέδωκε</span> <span class='ocrx_word' id='word_1_39' title='bbox 919 418 969 470; x_wconf 88' lang='grc' dir='ltr'>τί</span> <span class='ocrx_word' id='word_1_40' title='bbox 999 419 1112 471; x_wconf 86' lang='grc' dir='ltr'>ε’ίπω</span> <span class='ocrx_word' id='word_1_41' title='bbox 1140 422 1214 472; x_wconf 84' lang='grc' dir='ltr'>καὶ</span> <span class='ocrx_word' id='word_1_42' title='bbox 1245 420 1295 472; x_wconf 90' lang='grc' dir='ltr'>τί</span> <span class='ocrx_word' id='word_1_43' title='bbox 1324 420 1577 487; x_wconf 87' lang='grc' dir='ltr'>λαλήσω.”</span> <span class='ocrx_word' id='word_1_44' title='bbox 1630 423 1737 474; x_wconf 85' lang='grc' dir='ltr'>οὑκ-</span> 
     </span>
     <span class='ocr_line' id='line_1_5' title="bbox 147 491 1777 566; baseline 0.009 -27"><span class='ocrx_word' id='word_1_45' title='bbox 147 495 229 540; x_wconf 91' lang='grc' dir='ltr'>οῦν</span> <span class='ocrx_word' id='word_1_46' title='bbox 266 491 385 543; x_wconf 79' lang='grc' dir='ltr'>κατὰ</span> <span class='ocrx_word' id='word_1_47' title='bbox 426 494 512 557; x_wconf 79' lang='grc' dir='ltr'>μὲν</span> <span class='ocrx_word' id='word_1_48' title='bbox 549 496 635 561; x_wconf 87' lang='grc' dir='ltr'>τὴν</span> <span class='ocrx_word' id='word_1_49' title='bbox 676 501 758 563; x_wconf 82' lang='grc' dir='ltr'>τῆς</span> <span class='ocrx_word' id='word_1_50' title='bbox 800 502 1036 564; x_wconf 87' lang='grc' dir='ltr'>μεσιτείας</span> <span class='ocrx_word' id='word_1_51' title='bbox 1082 501 1247 566; x_wconf 82' lang='grc' dir='ltr'>εἰκόνα,</span> <span class='ocrx_word' id='word_1_52' title='bbox 1292 502 1438 559; x_wconf 82' lang='grc' dir='ltr'>τύπος</span> <span class='ocrx_word' id='word_1_53' title='bbox 1481 503 1539 556; x_wconf 79' lang='grc' dir='ltr'>ἂν</span> <span class='ocrx_word' id='word_1_54' title='bbox 1584 510 1777 557; x_wconf 78' lang='grc' dir='ltr'>νοοῖτοο</span> 
     </span>
     <span class='ocr_line' id='line_1_6' title="bbox 105 574 1738 653; baseline 0.012 -33"><span class='ocrx_word' id='word_1_55' title='bbox 105 585 127 621; x_wconf 88' lang='grc'><strong>5</strong></span> <span class='ocrx_word' id='word_1_56' title='bbox 147 574 364 637; x_wconf 83' lang='grc' dir='ltr'>Χριστοῦ</span> <span class='ocrx_word' id='word_1_57' title='bbox 408 579 483 627; x_wconf 82' lang='grc' dir='ltr'>καὶ</span> <span class='ocrx_word' id='word_1_58' title='bbox 528 577 680 630; x_wconf 78' lang='grc' dir='ltr'>πάλαι</span> <span class='ocrx_word' id='word_1_59' title='bbox 727 584 959 647; x_wconf 78' lang='grc' dir='ltr'>Μωυσῆς,</span> <span class='ocrx_word' id='word_1_60' title='bbox 1001 583 1060 635; x_wconf 82' lang='grc' dir='ltr'>τὰ</span> <span class='ocrx_word' id='word_1_61' title='bbox 1105 583 1267 636; x_wconf 85' lang='grc' dir='ltr'>θεόθεν</span> <span class='ocrx_word' id='word_1_62' title='bbox 1312 586 1596 653; x_wconf 80' lang='grc' dir='ltr'>διωρισμένα</span> <span class='ocrx_word' id='word_1_63' title='bbox 1641 592 1738 641; x_wconf 88' lang='grc' dir='ltr'>τοῖς</span> 
     </span>
     <span class='ocr_line' id='line_1_7' title="bbox 147 656 1738 733; baseline 0.011 -30"><span class='ocrx_word' id='word_1_64' title='bbox 147 656 258 708; x_wconf 81' lang='grc' dir='ltr'>υἱοῖς</span> <span class='ocrx_word' id='word_1_65' title='bbox 294 656 496 724; x_wconf 90' lang='grc' dir='ltr'>Ἰσραὴλ</span> <span class='ocrx_word' id='word_1_66' title='bbox 538 661 587 711; x_wconf 78' lang='grc' dir='ltr'>εὖ</span> <span class='ocrx_word' id='word_1_67' title='bbox 627 660 683 726; x_wconf 87' lang='grc' dir='ltr'>δὴ</span> <span class='ocrx_word' id='word_1_68' title='bbox 728 664 803 714; x_wconf 81' lang='grc' dir='ltr'>καὶ</span> <span class='ocrx_word' id='word_1_69' title='bbox 844 663 978 727; x_wconf 78' lang='grc' dir='ltr'>μάλα</span> <span class='ocrx_word' id='word_1_70' title='bbox 1021 666 1389 731; x_wconf 77' lang='grc' dir='ltr'>διακονούμενος·</span> <span class='ocrx_word' id='word_1_71' title='bbox 1430 669 1542 719; x_wconf 82' lang='grc' dir='ltr'>ἀλλ’</span> <span class='ocrx_word' id='word_1_72' title='bbox 1583 669 1612 733; x_wconf 84' lang='grc' dir='ltr'>ἡ</span> <span class='ocrx_word' id='word_1_73' title='bbox 1653 669 1738 732; x_wconf 78' lang='grc' dir='ltr'>μὲν</span> 
     </span>
     <span class='ocr_line' id='line_1_8' title="bbox 146 737 1738 816; baseline 0.011 -31"><span class='ocrx_word' id='word_1_74' title='bbox 146 737 395 792; x_wconf 75' lang='grc' dir='ltr'>Μωυσέως</span> <span class='ocrx_word' id='word_1_75' title='bbox 424 743 635 803; x_wconf 89' lang='grc' dir='ltr'>μεσιτεία</span> <span class='ocrx_word' id='word_1_76' title='bbox 661 745 912 810; x_wconf 87' lang='grc' dir='ltr'>διακονικὴ,</span> <span class='ocrx_word' id='word_1_77' title='bbox 939 748 1161 815; x_wconf 85' lang='grc' dir='ltr'>ἐλευθέρα</span> <span class='ocrx_word' id='word_1_78' title='bbox 1187 748 1235 799; x_wconf 81' lang='grc' dir='ltr'>δὲ</span> <span class='ocrx_word' id='word_1_79' title='bbox 1261 750 1289 814; x_wconf 83' lang='grc' dir='ltr'>ἡ</span> <span class='ocrx_word' id='word_1_80' title='bbox 1316 749 1392 800; x_wconf 82' lang='grc' dir='ltr'>διὰ</span> <span class='ocrx_word' id='word_1_81' title='bbox 1417 754 1635 816; x_wconf 85' lang='grc' dir='ltr'>Χριστοῦ</span> <span class='ocrx_word' id='word_1_82' title='bbox 1662 753 1738 802; x_wconf 82' lang='grc' dir='ltr'>καὶ</span> 
     </span>
     <span class='ocr_line' id='line_1_9' title="bbox 142 822 1735 899; baseline 0.011 -31"><span class='ocrx_word' id='word_1_83' title='bbox 142 822 484 888; x_wconf 81' lang='grc' dir='ltr'>μυστικωτέρα,</span> <span class='ocrx_word' id='word_1_84' title='bbox 527 827 743 891; x_wconf 81' lang='grc' dir='ltr'>φυσικῶς</span> <span class='ocrx_word' id='word_1_85' title='bbox 783 831 879 877; x_wconf 90' lang='grc' dir='ltr'>τῶν</span> <span class='ocrx_word' id='word_1_86' title='bbox 920 830 1293 893; x_wconf 85' lang='grc' dir='ltr'>μεσιτευομένων</span> <span class='ocrx_word' id='word_1_87' title='bbox 1334 832 1735 899; x_wconf 82' lang='grc' dir='ltr'>ἐπιθιγγάνοντος,</span> 
     </span>
     <span class='ocr_line' id='line_1_10' title="bbox 142 900 1734 981; baseline 0.012 -33"><span class='ocrx_word' id='word_1_88' title='bbox 142 902 219 950; x_wconf 81' lang='grc' dir='ltr'>καὶ</span> <span class='ocrx_word' id='word_1_89' title='bbox 253 900 372 967; x_wconf 79' lang='grc' dir='ltr'>πρὸς</span> <span class='ocrx_word' id='word_1_90' title='bbox 410 903 556 973; x_wconf 74' lang='grc' dir='ltr'>ἄμφω</span> <span class='ocrx_word' id='word_1_91' title='bbox 595 905 848 971; x_wconf 78' lang='grc' dir='ltr'>διήκοντος,</span> <span class='ocrx_word' id='word_1_92' title='bbox 874 909 960 974; x_wconf 87' lang='grc' dir='ltr'>τήν</span> <span class='ocrx_word' id='word_1_93' title='bbox 996 933 1045 962; x_wconf 90' lang='grc' dir='ltr'>τε</span> <span class='ocrx_word' id='word_1_94' title='bbox 1079 914 1446 979; x_wconf 85' lang='grc' dir='ltr'>μεσιτευομένην</span> <span class='ocrx_word' id='word_1_95' title='bbox 1480 914 1734 981; x_wconf 87' lang='grc' dir='ltr'>ἀνθρωπό-</span> 
     </span>
     <span class='ocr_line' id='line_1_11' title="bbox 76 982 914 1055; baseline 0.016 -26"><span class='ocrx_word' id='word_1_96' title='bbox 76 1004 124 1029; x_wconf 82' lang='grc' dir='ltr'>ιο</span> <span class='ocrx_word' id='word_1_97' title='bbox 142 982 263 1045; x_wconf 80' lang='grc' dir='ltr'>τητοί</span> <span class='ocrx_word' id='word_1_98' title='bbox 286 988 422 1051; x_wconf 89' lang='grc' dir='ltr'>φημι,</span> <span class='ocrx_word' id='word_1_99' title='bbox 450 987 524 1036; x_wconf 76' lang='grc' dir='ltr'>καὶ</span> <span class='ocrx_word' id='word_1_100' title='bbox 552 987 746 1055; x_wconf 80' lang='grc' dir='ltr'>Πατέρα</span> <span class='ocrx_word' id='word_1_101' title='bbox 773 990 914 1042; x_wconf 82' lang='grc' dir='ltr'>Θεόν.</span> 
     </span>
     <span class='ocr_line' id='line_1_12' title="bbox 209 1059 1736 1143; baseline 0.01 -29"><span class='ocrx_word' id='word_1_102' title='bbox 209 1059 310 1115; x_wconf 54' lang='grc' dir='ltr'>ςΗν</span> <span class='ocrx_word' id='word_1_103' title='bbox 343 1064 426 1128; x_wconf 79' lang='grc' dir='ltr'>μὲν</span> <span class='ocrx_word' id='word_1_104' title='bbox 463 1067 556 1134; x_wconf 78' lang='grc' dir='ltr'>γὰρ</span> <span class='ocrx_word' id='word_1_105' title='bbox 592 1069 736 1137; x_wconf 79' lang='grc' dir='ltr'>φύσει</span> <span class='ocrx_word' id='word_1_106' title='bbox 764 1071 886 1127; x_wconf 80' lang='grc' dir='ltr'>Θεὸς</span> <span class='ocrx_word' id='word_1_107' title='bbox 921 1076 985 1128; x_wconf 89' lang='grc' dir='ltr'>ὡς</span> <span class='ocrx_word' id='word_1_108' title='bbox 1019 1075 1069 1126; x_wconf 83' lang='grc' dir='ltr'>ἐκ</span> <span class='ocrx_word' id='word_1_109' title='bbox 1105 1079 1231 1127; x_wconf 78' lang='grc' dir='ltr'>Θεοῦ</span> <span class='ocrx_word' id='word_1_110' title='bbox 1271 1077 1564 1143; x_wconf 89' lang='grc' dir='ltr'>Μονογενὴς,</span> <span class='ocrx_word' id='word_1_111' title='bbox 1599 1081 1736 1130; x_wconf 81' lang='grc' dir='ltr'>οἱονεὶ</span> 
     </span>
     <span class='ocr_line' id='line_1_13' title="bbox 141 1146 1737 1229; baseline 0.011 -35"><span class='ocrx_word' id='word_1_112' title='bbox 141 1146 223 1208; x_wconf 84' lang='grc' dir='ltr'>τῆς</span> <span class='ocrx_word' id='word_1_113' title='bbox 274 1152 358 1198; x_wconf 91' lang='grc' dir='ltr'>τοῦ</span> <span class='ocrx_word' id='word_1_114' title='bbox 401 1150 721 1215; x_wconf 88' lang='grc' dir='ltr'>γεννήσαντος</span> <span class='ocrx_word' id='word_1_115' title='bbox 765 1155 821 1205; x_wconf 84' lang='grc' dir='ltr'>οὐ</span> <span class='ocrx_word' id='word_1_116' title='bbox 865 1158 1212 1224; x_wconf 76' lang='grc' dir='ltr'>κεχωρισμένος</span> <span class='ocrx_word' id='word_1_117' title='bbox 1264 1160 1444 1223; x_wconf 83' lang='grc' dir='ltr'>οὐσίας,</span> <span class='ocrx_word' id='word_1_118' title='bbox 1491 1163 1566 1212; x_wconf 82' lang='grc' dir='ltr'>καὶ</span> <span class='ocrx_word' id='word_1_119' title='bbox 1618 1162 1737 1229; x_wconf 84' lang='grc' dir='ltr'>αὐτῇ</span> 
     </span>
     <span class='ocr_line' id='line_1_14' title="bbox 139 1231 1782 1309; baseline 0.01 -31"><span class='ocrx_word' id='word_1_120' title='bbox 139 1231 506 1298; x_wconf 83' lang='grc' dir='ltr'>προσπεφυκὼς,</span> <span class='ocrx_word' id='word_1_121' title='bbox 534 1233 650 1286; x_wconf 81' lang='grc' dir='ltr'>καθὸ</span> <span class='ocrx_word' id='word_1_122' title='bbox 678 1240 847 1288; x_wconf 81' lang='grc' dir='ltr'>νοεῖται</span> <span class='ocrx_word' id='word_1_123' title='bbox 874 1240 950 1289; x_wconf 84' lang='grc' dir='ltr'>καὶ</span> <span class='ocrx_word' id='word_1_124' title='bbox 984 1239 1041 1308; x_wconf 77' lang='grc' dir='ltr'>ἐξ</span> <span class='ocrx_word' id='word_1_125' title='bbox 1075 1241 1236 1305; x_wconf 80' lang='grc' dir='ltr'>αὐτῆς·</span> <span class='ocrx_word' id='word_1_126' title='bbox 1289 1240 1347 1306; x_wconf 80' lang='grc' dir='ltr'>ἧν</span> <span class='ocrx_word' id='word_1_127' title='bbox 1374 1242 1423 1294; x_wconf 80' lang='grc' dir='ltr'>δὲ</span> <span class='ocrx_word' id='word_1_128' title='bbox 1450 1245 1525 1294; x_wconf 84' lang='grc' dir='ltr'>καὶ</span> <span class='ocrx_word' id='word_1_129' title='bbox 1552 1243 1732 1309; x_wconf 76' lang='grc' dir='ltr'>ἄνθρω-</span> <span class='ocrx_word' id='word_1_130' title='bbox 1753 1253 1782 1294; x_wconf 83' lang='lat' dir='ltr'>d</span> 
     </span>
     <span class='ocr_line' id='line_1_15' title="bbox 139 1312 1735 1392; baseline 0.011 -32"><span class='ocrx_word' id='word_1_131' title='bbox 139 1332 247 1373; x_wconf 86' lang='grc' dir='ltr'>πος,</span> <span class='ocrx_word' id='word_1_132' title='bbox 277 1312 394 1364; x_wconf 85' lang='grc' dir='ltr'>καθὸ</span> <span class='ocrx_word' id='word_1_133' title='bbox 428 1313 593 1381; x_wconf 87' lang='grc' dir='ltr'>γέγονε</span> <span class='ocrx_word' id='word_1_134' title='bbox 627 1316 762 1387; x_wconf 75' lang='grc' dir='ltr'>σὰρξ</span> <span class='ocrx_word' id='word_1_135' title='bbox 794 1319 960 1371; x_wconf 84' lang='grc' dir='ltr'>ἑαυτὸν</span> <span class='ocrx_word' id='word_1_136' title='bbox 986 1322 1096 1385; x_wconf 82' lang='grc' dir='ltr'>ἡμῖν</span> <span class='ocrx_word' id='word_1_137' title='bbox 1128 1323 1371 1392; x_wconf 74' lang='grc' dir='ltr'>ἐξομοιῶν,</span> <span class='ocrx_word' id='word_1_138' title='bbox 1398 1325 1474 1376; x_wconf 84' lang='grc' dir='ltr'>ἵνα</span> <span class='ocrx_word' id='word_1_139' title='bbox 1508 1326 1563 1376; x_wconf 92' lang='grc' dir='ltr'>δι’</span> <span class='ocrx_word' id='word_1_140' title='bbox 1591 1327 1735 1377; x_wconf 86' lang='grc' dir='ltr'>αὐτοῦ</span> 
     </span>
     <span class='ocr_line' id='line_1_16' title="bbox 74 1393 1735 1473; baseline 0.01 -31"><span class='ocrx_word' id='word_1_141' title='bbox 74 1412 119 1449; x_wconf 89' lang='lat'>15</span> <span class='ocrx_word' id='word_1_142' title='bbox 140 1393 438 1459; x_wconf 84' lang='grc' dir='ltr'>συνάπτηται</span> <span class='ocrx_word' id='word_1_143' title='bbox 465 1401 573 1448; x_wconf 77' lang='grc' dir='ltr'>Θεῶ</span> <span class='ocrx_word' id='word_1_144' title='bbox 604 1398 658 1451; x_wconf 81' lang='grc' dir='ltr'>τὸ</span> <span class='ocrx_word' id='word_1_145' title='bbox 684 1400 812 1452; x_wconf 90' lang='grc' dir='ltr'>πολυ</span> <span class='ocrx_word' id='word_1_146' title='bbox 839 1401 958 1453; x_wconf 77' lang='grc' dir='ltr'>κατὰ</span> <span class='ocrx_word' id='word_1_147' title='bbox 985 1404 1136 1472; x_wconf 86' lang='grc' dir='ltr'>φύσιν</span> <span class='ocrx_word' id='word_1_148' title='bbox 1163 1407 1455 1473; x_wconf 82' lang='grc' dir='ltr'>διῃρημενον.</span> <span class='ocrx_word' id='word_1_149' title='bbox 1513 1430 1627 1458; x_wconf 86' lang='grc' dir='ltr'>οταν</span> <span class='ocrx_word' id='word_1_150' title='bbox 1654 1409 1735 1459; x_wconf 84' lang='grc' dir='ltr'>οὐν</span> 
     </span>
     <span class='ocr_line' id='line_1_17' title="bbox 139 1474 1732 1557; baseline 0.011 -33"><span class='ocrx_word' id='word_1_151' title='bbox 139 1474 259 1543; x_wconf 87' lang='grc' dir='ltr'>λέγῃ</span> <span class='ocrx_word' id='word_1_152' title='bbox 286 1480 504 1543; x_wconf 84' lang='grc' dir='ltr'>Μωυσῆς</span> <span class='ocrx_word' id='word_1_153' title='bbox 531 1487 558 1510; x_wconf 86' lang='lat'><strong>“</strong></span> <span class='ocrx_word' id='word_1_154' title='bbox 579 1481 844 1547; x_wconf 84' lang='grc' dir='ltr'>ἀναστήσει</span> <span class='ocrx_word' id='word_1_155' title='bbox 881 1484 1056 1551; x_wconf 88' lang='grc' dir='ltr'>Κυριος</span> <span class='ocrx_word' id='word_1_156' title='bbox 1092 1487 1199 1550; x_wconf 82' lang='grc' dir='ltr'>ὑμῖν</span> <span class='ocrx_word' id='word_1_157' title='bbox 1226 1488 1482 1557; x_wconf 84' lang='grc' dir='ltr'>προφήτην</span> <span class='ocrx_word' id='word_1_158' title='bbox 1508 1492 1571 1544; x_wconf 85' lang='grc' dir='ltr'>ὡς</span> <span class='ocrx_word' id='word_1_159' title='bbox 1606 1489 1732 1553; x_wconf 80' lang='grc' dir='ltr'>ἐμὲ,”</span> 
     </span>
     <span class='ocr_line' id='line_1_18' title="bbox 139 1556 1736 1637; baseline 0.011 -31"><span class='ocrx_word' id='word_1_160' title='bbox 139 1556 324 1621; x_wconf 85' lang='grc' dir='ltr'>νοήσεις</span> <span class='ocrx_word' id='word_1_161' title='bbox 360 1560 447 1628; x_wconf 82' lang='grc' dir='ltr'>οὐχ</span> <span class='ocrx_word' id='word_1_162' title='bbox 480 1562 657 1629; x_wconf 88' lang='grc' dir='ltr'>ἑτερως,</span> <span class='ocrx_word' id='word_1_163' title='bbox 685 1562 712 1629; x_wconf 77' lang='grc' dir='ltr'>ἢ</span> <span class='ocrx_word' id='word_1_164' title='bbox 746 1564 888 1633; x_wconf 81' lang='grc' dir='ltr'>ὅνπερ</span> <span class='ocrx_word' id='word_1_165' title='bbox 914 1566 1092 1633; x_wconf 87' lang='grc' dir='ltr'>τρόπον</span> <span class='ocrx_word' id='word_1_166' title='bbox 1128 1571 1297 1636; x_wconf 82' lang='grc' dir='ltr'>ἀρτίως</span> <span class='ocrx_word' id='word_1_167' title='bbox 1332 1570 1595 1637; x_wconf 80' lang='grc' dir='ltr'>εἰρήκαμεν·</span> <span class='ocrx_word' id='word_1_168' title='bbox 1638 1574 1736 1624; x_wconf 86' lang='grc' dir='ltr'>ἐπεὶ</span> 
     </span>
     <span class='ocr_line' id='line_1_19' title="bbox 137 1640 1736 1719; baseline 0.011 -31"><span class='ocrx_word' id='word_1_169' title='bbox 137 1660 213 1689; x_wconf 90' lang='grc' dir='ltr'>και</span> <span class='ocrx_word' id='word_1_170' title='bbox 253 1640 390 1696; x_wconf 81' lang='grc' dir='ltr'>αυτὸς</span> <span class='ocrx_word' id='word_1_171' title='bbox 429 1642 511 1694; x_wconf 82' lang='grc' dir='ltr'>τὸν</span> <span class='ocrx_word' id='word_1_172' title='bbox 535 1646 610 1696; x_wconf 86' lang='grc' dir='ltr'>ἐπὶ</span> <span class='ocrx_word' id='word_1_173' title='bbox 649 1669 800 1698; x_wconf 91' lang='grc' dir='ltr'>τουτω</span> <span class='ocrx_word' id='word_1_174' title='bbox 839 1647 989 1715; x_wconf 85' lang='grc' dir='ltr'>λόγον</span> <span class='ocrx_word' id='word_1_175' title='bbox 1013 1651 1346 1719; x_wconf 74' lang='grc' dir='ltr'>ἐπισφραγίζει</span> <span class='ocrx_word' id='word_1_176' title='bbox 1378 1653 1534 1719; x_wconf 93' lang='grc' dir='ltr'>λεγων</span> <span class='ocrx_word' id='word_1_177' title='bbox 1562 1654 1586 1704; x_wconf 92' lang='lat'>6</span> <span class='ocrx_word' id='word_1_178' title='bbox 1615 1654 1736 1708; x_wconf 79' lang='grc' dir='ltr'>Θεὸς</span> 
     </span>
     <span class='ocr_line' id='line_1_20' title="bbox 138 1721 1896 1832; baseline 0.009 -61"><span class='ocrx_word' id='word_1_179' title='bbox 138 1727 165 1750; x_wconf 81' lang='grc'><strong>“</strong></span> <span class='ocrx_word' id='word_1_180' title='bbox 191 1721 380 1788; x_wconf 90' lang='grc' dir='ltr'>Ὀρθῶς</span> <span class='ocrx_word' id='word_1_181' title='bbox 409 1723 566 1777; x_wconf 80' lang='grc' dir='ltr'>πάντα</span> <span class='ocrx_word' id='word_1_182' title='bbox 592 1727 687 1778; x_wconf 78' lang='grc' dir='ltr'>ὅσα</span> <span class='ocrx_word' id='word_1_183' title='bbox 713 1728 980 1795; x_wconf 81' lang='grc' dir='ltr'>ἐλάλησαν,</span> <span class='ocrx_word' id='word_1_184' title='bbox 1005 1732 1261 1832; x_wconf 83' lang='grc' dir='ltr'>προφήτην</span> <span class='ocrx_word' id='word_1_185' title='bbox 1288 1736 1443 1789; x_wconf 82' lang='grc' dir='ltr'>αὐτοῖς</span> <span class='ocrx_word' id='word_1_186' title='bbox 1471 1736 1734 1800; x_wconf 83' lang='grc' dir='ltr'>ἀναστήσω</span> <span class='ocrx_word' id='word_1_187' title='bbox 1795 1755 1896 1806; x_wconf 49' lang='lat' dir='ltr'><strong>Depp.</strong></span> 
     </span>
     <span class='ocr_line' id='line_1_21' title="bbox 138 1801 1956 1886; baseline 0.011 -32.571"><span class='ocrx_word' id='word_1_188' title='bbox 138 1801 354 1872; x_wconf 50' lang='grc' dir='ltr'>ίίῶσπερ</span> <span class='ocrx_word' id='word_1_189' title='bbox 380 1829 452 1870; x_wconf 90' lang='grc' dir='ltr'>σε,</span> <span class='ocrx_word' id='word_1_190' title='bbox 478 1830 554 1859; x_wconf 90' lang='grc' dir='ltr'>και</span> <span class='ocrx_word' id='word_1_191' title='bbox 581 1808 718 1874; x_wconf 88' lang='grc' dir='ltr'>θήσω</span> <span class='ocrx_word' id='word_1_192' title='bbox 745 1811 803 1861; x_wconf 83' lang='grc' dir='ltr'>τὰ</span> <span class='ocrx_word' id='word_1_193' title='bbox 829 1811 1018 1879; x_wconf 83' lang='grc' dir='ltr'>ῥήματά</span> <span class='ocrx_word' id='word_1_194' title='bbox 1044 1838 1136 1877; x_wconf 94' lang='grc' dir='ltr'>μου</span> <span class='ocrx_word' id='word_1_195' title='bbox 1162 1817 1231 1867; x_wconf 87' lang='grc' dir='ltr'>ε”π</span> <span class='ocrx_word' id='word_1_196' title='bbox 1261 1817 1402 1886; x_wconf 82' lang='grc' dir='ltr'>αὐτῶ,</span> <span class='ocrx_word' id='word_1_197' title='bbox 1425 1840 1499 1868; x_wconf 90' lang='grc' dir='ltr'>και</span> <span class='ocrx_word' id='word_1_198' title='bbox 1527 1819 1735 1883; x_wconf 83' lang='grc' dir='ltr'>λαλήσει</span> <span class='ocrx_word' id='word_1_199' title='bbox 1792 1810 1884 1873; x_wconf 45' lang='lat' dir='ltr'>agn.</span> <span class='ocrx_word' id='word_1_200' title='bbox 1907 1806 1956 1840; x_wconf 54' lang='grc' dir='ltr'>η’</span> 
     </span>
     <span class='ocr_line' id='line_1_22' title="bbox 153 1887 1956 1996; baseline 0.01 -60.388"><span class='ocrx_word' id='word_1_201' title='bbox 153 1887 346 1940; x_wconf 72' lang='grc' dir='ltr'>6αὐτοῖς</span> <span class='ocrx_word' id='word_1_202' title='bbox 372 1888 493 1940; x_wconf 78' lang='grc' dir='ltr'>κατὰ</span> <span class='ocrx_word' id='word_1_203' title='bbox 518 1891 674 1942; x_wconf 80' lang='grc' dir='ltr'>πάντα</span> <span class='ocrx_word' id='word_1_204' title='bbox 700 1915 795 1944; x_wconf 90' lang='grc' dir='ltr'>οσα</span> <span class='ocrx_word' id='word_1_205' title='bbox 823 1892 880 1944; x_wconf 85' lang='grc' dir='ltr'>ἀν</span> <span class='ocrx_word' id='word_1_206' title='bbox 908 1896 1187 1959; x_wconf 86' lang='grc' dir='ltr'>ἐντείλωμαι</span> <span class='ocrx_word' id='word_1_207' title='bbox 1215 1898 1356 1967; x_wconf 75' lang='grc' dir='ltr'>αὐτῷ</span> <span class='ocrx_word' id='word_1_208' title='bbox 1363 1899 1387 1915; x_wconf 90' lang='grc'>”</span> <span class='ocrx_word' id='word_1_209' title='bbox 1441 1906 1468 1929; x_wconf 78' lang='grc'><strong>“</strong></span> <span class='ocrx_word' id='word_1_210' title='bbox 1485 1899 1614 1996; x_wconf 87' lang='grc' dir='ltr'>φερει</span> <span class='ocrx_word' id='word_1_211' title='bbox 1641 1899 1734 1966; x_wconf 79' lang='grc' dir='ltr'>γὰρ</span> <span class='ocrx_word' id='word_1_212' title='bbox 1751 1928 1772 1954; x_wconf 85' lang='lat' dir='ltr'>e</span> <span class='ocrx_word' id='word_1_213' title='bbox 1793 1918 1881 1949; x_wconf 78' lang='lat' dir='ltr'>Heb</span> <span class='ocrx_word' id='word_1_214' title='bbox 1894 1918 1915 1948; x_wconf 83' lang='lat' dir='ltr'>i</span> <span class='ocrx_word' id='word_1_215' title='bbox 1928 1927 1956 1958; x_wconf 77' lang='grc'>3-</span> 
     </span>
     <span class='ocr_line' id='line_1_23' title="bbox 151 1950 1736 2043; baseline 0.012 -25.466"><span class='ocrx_word' id='word_1_216' title='bbox 151 1966 248 2018; x_wconf 66' lang='grc' dir='ltr'>ζτοὶ</span> <span class='ocrx_word' id='word_1_217' title='bbox 274 1992 430 2021; x_wconf 89' lang='grc' dir='ltr'>παντα</span> <span class='ocrx_word' id='word_1_218' title='bbox 459 1976 526 2022; x_wconf 85' lang='grc' dir='ltr'>τῶ</span> <span class='ocrx_word' id='word_1_219' title='bbox 562 1973 736 2040; x_wconf 88' lang='grc' dir='ltr'>ῥήματι</span> <span class='ocrx_word' id='word_1_220' title='bbox 770 1978 851 2039; x_wconf 85' lang='grc' dir='ltr'>τῆς</span> <span class='ocrx_word' id='word_1_221' title='bbox 887 1977 1161 2042; x_wconf 79' lang='grc' dir='ltr'>δυνάμεως”</span> <span class='ocrx_word' id='word_1_222' title='bbox 1191 1981 1215 2029; x_wconf 89' lang='lat'><em>6</em></span> <span class='ocrx_word' id='word_1_223' title='bbox 1242 1950 1425 2043; x_wconf 65' lang='grc' dir='ltr'>Υιδς,</span> <span class='ocrx_word' id='word_1_224' title='bbox 1397 2005 1460 2035; x_wconf 92' lang='grc' dir='ltr'>ως</span> <span class='ocrx_word' id='word_1_225' title='bbox 1487 1982 1511 2032; x_wconf 89' lang='lat'><em>6</em></span> <span class='ocrx_word' id='word_1_226' title='bbox 1539 1982 1736 2036; x_wconf 86' lang='grc' dir='ltr'>Παῦλός</span> 
     </span>
     <span class='ocr_line' id='line_1_24' title="bbox 135 2053 1734 2161; baseline 0.009 -61"><span class='ocrx_word' id='word_1_227' title='bbox 135 2053 272 2116; x_wconf 87' lang='grc' dir='ltr'>φησι,</span> <span class='ocrx_word' id='word_1_228' title='bbox 299 2054 375 2103; x_wconf 83' lang='grc' dir='ltr'>καὶ</span> <span class='ocrx_word' id='word_1_229' title='bbox 414 2053 496 2107; x_wconf 78' lang='grc' dir='ltr'>τὰς</span> <span class='ocrx_word' id='word_1_230' title='bbox 535 2061 618 2106; x_wconf 91' lang='grc' dir='ltr'>τοῦ</span> <span class='ocrx_word' id='word_1_231' title='bbox 647 2057 839 2124; x_wconf 79' lang='grc' dir='ltr'>Πατρὸς</span> <span class='ocrx_word' id='word_1_232' title='bbox 879 2059 989 2122; x_wconf 80' lang='grc' dir='ltr'>ἡμῖν</span> <span class='ocrx_word' id='word_1_233' title='bbox 1025 2059 1315 2127; x_wconf 79' lang='grc' dir='ltr'>ἀναγγέλλει</span> <span class='ocrx_word' id='word_1_234' title='bbox 1355 2062 1588 2161; x_wconf 80' lang='grc' dir='ltr'>φωνας,</span> <span class='ocrx_word' id='word_1_235' title='bbox 1559 2087 1638 2115; x_wconf 90' lang='grc' dir='ltr'>ατε</span> <span class='ocrx_word' id='word_1_236' title='bbox 1677 2064 1734 2129; x_wconf 84' lang='grc' dir='ltr'>δὴ</span> 
     </span>
     <span class='ocr_line' id='line_1_25' title="bbox 133 2133 1733 2215; baseline 0.011 -33"><span class='ocrx_word' id='word_1_237' title='bbox 133 2133 243 2198; x_wconf 86' lang='grc' dir='ltr'>παρ’</span> <span class='ocrx_word' id='word_1_238' title='bbox 284 2134 427 2185; x_wconf 85' lang='grc' dir='ltr'>αὐτοῦ</span> <span class='ocrx_word' id='word_1_239' title='bbox 465 2139 662 2202; x_wconf 81' lang='grc' dir='ltr'>μεσίτης</span> <span class='ocrx_word' id='word_1_240' title='bbox 701 2142 1151 2207; x_wconf 79' lang='grc' dir='ltr'>κεχειροτονημένος,</span> <span class='ocrx_word' id='word_1_241' title='bbox 1176 2143 1296 2195; x_wconf 80' lang='grc' dir='ltr'>κατὰ</span> <span class='ocrx_word' id='word_1_242' title='bbox 1336 2144 1390 2196; x_wconf 84' lang='grc' dir='ltr'>τὸ</span> <span class='ocrx_word' id='word_1_243' title='bbox 1429 2147 1478 2196; x_wconf 87' lang='grc' dir='ltr'>ἐν</span> <span class='ocrx_word' id='word_1_244' title='bbox 1515 2150 1733 2215; x_wconf 81' lang='grc' dir='ltr'>ψαλμοῖς</span> 
     </span>
    </p>
   </div>
   <div class='ocr_carea' id='block_1_3' title="bbox 1078 2231 1097 2239">
    <p class='ocr_par' dir='ltr' id='par_1_3' title="bbox 1078 2231 1097 2239">
     <span class='ocr_line' id='line_1_26' title="bbox 1078 2231 1097 2239; baseline 0 0"><span class='ocrx_word' id='word_1_245' title='bbox 1078 2231 1097 2239; x_wconf 67' lang='grc' dir='ltr'>Λ</span> 
     </span>
    </p>
   </div>
   <div class='ocr_carea' id='block_1_4' title="bbox 65 2212 1951 2705">
    <p class='ocr_par' dir='ltr' id='par_1_4' title="bbox 65 2212 1951 2705">
     <span class='ocr_line' id='line_1_27' title="bbox 66 2212 1900 2323; baseline 0.011 -62"><span class='ocrx_word' id='word_1_246' title='bbox 66 2233 114 2272; x_wconf 88' lang='lat'>25</span> <span class='ocrx_word' id='word_1_247' title='bbox 134 2212 374 2283; x_wconf 77' lang='grc' dir='ltr'>ᾀδόμενον,</span> <span class='ocrx_word' id='word_1_248' title='bbox 403 2219 466 2272; x_wconf 88' lang='grc' dir='ltr'>ὡς</span> <span class='ocrx_word' id='word_1_249' title='bbox 500 2219 557 2288; x_wconf 72' lang='grc' dir='ltr'>ἐξ</span> <span class='ocrx_word' id='word_1_250' title='bbox 589 2221 732 2272; x_wconf 82' lang='grc' dir='ltr'>αὐτοῦ</span> <span class='ocrx_word' id='word_1_251' title='bbox 767 2228 851 2274; x_wconf 88' lang='grc' dir='ltr'>τοῦ</span> <span class='ocrx_word' id='word_1_252' title='bbox 878 2226 1097 2290; x_wconf 87' lang='grc' dir='ltr'>Χριστου</span> <span class='ocrx_word' id='word_1_253' title='bbox 1124 2233 1151 2255; x_wconf 83' lang='grc'>“</span> <span class='ocrx_word' id='word_1_254' title='bbox 1177 2225 1308 2292; x_wconf 87' lang='grc' dir='ltr'>Ἐγω</span> <span class='ocrx_word' id='word_1_255' title='bbox 1348 2227 1396 2278; x_wconf 80' lang='grc' dir='ltr'>δὲ</span> <span class='ocrx_word' id='word_1_256' title='bbox 1434 2228 1732 2293; x_wconf 78' lang='grc' dir='ltr'>κατεστάθην</span> <span class='ocrx_word' id='word_1_257' title='bbox 1791 2243 1854 2323; x_wconf 58' lang='grc' dir='ltr'>ξε-</span> <span class='ocrx_word' id='word_1_258' title='bbox 1865 2244 1900 2275; x_wconf 86' lang='lat' dir='ltr'>ii</span> 
     </span>
     <span class='ocr_line' id='line_1_28' title="bbox 133 2297 1866 2378; baseline 0.01 -31"><span class='ocrx_word' id='word_1_259' title='bbox 133 2303 161 2325; x_wconf 77' lang='lat'>‘⁶</span> <span class='ocrx_word' id='word_1_260' title='bbox 186 2299 416 2357; x_wconf 80' lang='grc' dir='ltr'>βασιλευς</span> <span class='ocrx_word' id='word_1_261' title='bbox 455 2302 703 2354; x_wconf 85' lang='grc' dir='ltr'>ὑπἀὐτοῦ</span> <span class='ocrx_word' id='word_1_262' title='bbox 741 2305 815 2356; x_wconf 86' lang='grc' dir='ltr'>ἐπὶ</span> <span class='ocrx_word' id='word_1_263' title='bbox 844 2305 1035 2357; x_wconf 76' lang='grc' dir='ltr'>Σιὼν”</span> <span class='ocrx_word' id='word_1_264' title='bbox 1005 2331 1113 2374; x_wconf 92' lang='grc' dir='ltr'>ορος</span> <span class='ocrx_word' id='word_1_265' title='bbox 1151 2307 1206 2360; x_wconf 83' lang='grc' dir='ltr'>τὸ</span> <span class='ocrx_word' id='word_1_266' title='bbox 1246 2308 1382 2376; x_wconf 84' lang='grc' dir='ltr'>ἅγιον</span> <span class='ocrx_word' id='word_1_267' title='bbox 1414 2311 1570 2374; x_wconf 80' lang='grc' dir='ltr'>αὐτοῦ,</span> <span class='ocrx_word' id='word_1_268' title='bbox 1599 2313 1730 2378; x_wconf 83' lang='grc' dir='ltr'>διαγ-</span> <span class='ocrx_word' id='word_1_269' title='bbox 1840 2297 1866 2326; x_wconf 70' lang='lat'>7</span> 
     </span>
     <span class='ocr_line' id='line_1_29' title="bbox 134 2378 1035 2454; baseline 0.014 -27"><span class='ocrx_word' id='word_1_270' title='bbox 134 2385 161 2408; x_wconf 71' lang='lat'>‘⁶</span> <span class='ocrx_word' id='word_1_271' title='bbox 186 2378 380 2444; x_wconf 79' lang='grc' dir='ltr'>γέλλων</span> <span class='ocrx_word' id='word_1_272' title='bbox 406 2382 460 2432; x_wconf 83' lang='grc' dir='ltr'>τὸ</span> <span class='ocrx_word' id='word_1_273' title='bbox 486 2383 780 2451; x_wconf 86' lang='grc' dir='ltr'>πρόσταγμα</span> <span class='ocrx_word' id='word_1_274' title='bbox 808 2389 1035 2454; x_wconf 87' lang='grc' dir='ltr'>Κυρίου.”</span> 
     </span>
     <span class='ocr_line' id='line_1_30' title="bbox 209 2461 1727 2538; baseline 0.009 -27"><span class='ocrx_word' id='word_1_275' title='bbox 209 2464 269 2511; x_wconf 71' lang='lat' dir='ltr'>Ei</span> <span class='ocrx_word' id='word_1_276' title='bbox 295 2461 351 2512; x_wconf 83' lang='grc' dir='ltr'>δέ</span> <span class='ocrx_word' id='word_1_277' title='bbox 375 2486 441 2532; x_wconf 79' lang='grc' dir='ltr'>τῳ</span> <span class='ocrx_word' id='word_1_278' title='bbox 467 2467 595 2517; x_wconf 88' lang='grc' dir='ltr'>δοκεῖ</span> <span class='ocrx_word' id='word_1_279' title='bbox 623 2469 699 2518; x_wconf 82' lang='grc' dir='ltr'>καὶ</span> <span class='ocrx_word' id='word_1_280' title='bbox 731 2468 790 2538; x_wconf 78' lang='grc' dir='ltr'>ἐξ</span> <span class='ocrx_word' id='word_1_281' title='bbox 819 2469 987 2537; x_wconf 86' lang='grc' dir='ltr'>ἑτέρων</span> <span class='ocrx_word' id='word_1_282' title='bbox 1013 2473 1203 2524; x_wconf 80' lang='grc' dir='ltr'>ἐννοιῶν</span> <span class='ocrx_word' id='word_1_283' title='bbox 1230 2474 1304 2525; x_wconf 82' lang='grc' dir='ltr'>ἐπὶ</span> <span class='ocrx_word' id='word_1_284' title='bbox 1341 2472 1424 2524; x_wconf 80' lang='grc' dir='ltr'>τὸν</span> <span class='ocrx_word' id='word_1_285' title='bbox 1449 2476 1531 2538; x_wconf 76' lang='grc' dir='ltr'>τῆς</span> <span class='ocrx_word' id='word_1_286' title='bbox 1566 2473 1727 2538; x_wconf 85' lang='grc' dir='ltr'>ὁμοιό-</span> 
     </span>
     <span class='ocr_line' id='line_1_31' title="bbox 133 2545 1951 2622; baseline 0.008 -29"><span class='ocrx_word' id='word_1_287' title='bbox 133 2565 273 2607; x_wconf 89' lang='grc' dir='ltr'>τητος</span> <span class='ocrx_word' id='word_1_288' title='bbox 311 2545 686 2614; x_wconf 74' lang='grc' dir='ltr'>ἀναβιβαζεσθαι</span> <span class='ocrx_word' id='word_1_289' title='bbox 723 2549 915 2617; x_wconf 87' lang='grc' dir='ltr'>τρόπον,</span> <span class='ocrx_word' id='word_1_290' title='bbox 957 2553 1220 2622; x_wconf 75' lang='grc' dir='ltr'>ἐκλήψεται</span> <span class='ocrx_word' id='word_1_291' title='bbox 1259 2554 1343 2618; x_wconf 75' lang='grc' dir='ltr'>μὲν</span> <span class='ocrx_word' id='word_1_292' title='bbox 1380 2556 1638 2620; x_wconf 91' lang='grc' dir='ltr'>νομοθετην</span> <span class='ocrx_word' id='word_1_293' title='bbox 1675 2555 1769 2608; x_wconf 67' lang='grc' dir='ltr'>τότι</span> <span class='ocrx_word' id='word_1_294' title='bbox 1799 2574 1883 2608; x_wconf 86' lang='grc'>267</span> <span class='ocrx_word' id='word_1_295' title='bbox 1900 2572 1951 2607; x_wconf 90' lang='lat' dir='ltr'>A.</span> 
     </span>
     <span class='ocr_line' id='line_1_32' title="bbox 65 2625 1951 2705; baseline 0.008 -28"><span class='ocrx_word' id='word_1_296' title='bbox 65 2641 116 2677; x_wconf 84' lang='lat'>30</span> <span class='ocrx_word' id='word_1_297' title='bbox 133 2626 219 2679; x_wconf 88' lang='grc' dir='ltr'>Ως</span> <span class='ocrx_word' id='word_1_298' title='bbox 261 2625 358 2689; x_wconf 78' lang='grc' dir='ltr'>ἐμὲ,</span> <span class='ocrx_word' id='word_1_299' title='bbox 401 2631 477 2679; x_wconf 84' lang='grc' dir='ltr'>καὶ</span> <span class='ocrx_word' id='word_1_300' title='bbox 517 2631 740 2697; x_wconf 87' lang='grc' dir='ltr'>παροίσει</span> <span class='ocrx_word' id='word_1_301' title='bbox 782 2632 902 2700; x_wconf 77' lang='grc' dir='ltr'>πρὸς</span> <span class='ocrx_word' id='word_1_302' title='bbox 948 2634 1191 2705; x_wconf 79' lang='grc' dir='ltr'>ἀπόδειξιν</span> <span class='ocrx_word' id='word_1_303' title='bbox 1236 2636 1291 2688; x_wconf 88' lang='grc' dir='ltr'>τό</span> <span class='ocrx_word' id='word_1_304' title='bbox 1337 2644 1364 2666; x_wconf 82' lang='grc'><strong>“</strong></span> <span class='ocrx_word' id='word_1_305' title='bbox 1389 2636 1589 2704; x_wconf 89' lang='grc' dir='ltr'>Ἐῤῥεθη</span> <span class='ocrx_word' id='word_1_306' title='bbox 1633 2643 1729 2692; x_wconf 81' lang='grc' dir='ltr'>τοῖς</span> <span class='ocrx_word' id='word_1_307' title='bbox 1788 2651 1951 2682; x_wconf 77' lang='lat' dir='ltr'><strong>S.Matth.</strong></span> 
     </span>
    </p>
   </div>
   <div class='ocr_carea' id='block_1_5' title="bbox 133 2697 1948 2980">
    <p class='ocr_par' dir='ltr' id='par_1_5' title="bbox 133 2697 1948 2980">
     <span class='ocr_line' id='line_1_33' title="bbox 1788 2697 1948 2734; baseline 0.006 -8"><span class='ocrx_word' id='word_1_308' title='bbox 1788 2705 1818 2726; x_wconf 91' lang='lat' dir='ltr'>v.</span> <span class='ocrx_word' id='word_1_309' title='bbox 1836 2702 1885 2734; x_wconf 87' lang='lat'>27,</span> <span class='ocrx_word' id='word_1_310' title='bbox 1900 2697 1948 2727; x_wconf 88' lang='lat'>28.</span> 
     </span>
     <span class='ocr_line' id='line_1_34' title="bbox 184 2740 1728 2797; baseline 0.008 -24"><span class='ocrx_word' id='word_1_311' title='bbox 184 2751 214 2775; x_wconf 93' lang='lat'>1.</span> <span class='ocrx_word' id='word_1_312' title='bbox 241 2740 418 2787; x_wconf 72' lang='grc' dir='ltr'>ἀναγγελεῖ)</span> <span class='ocrx_word' id='word_1_313' title='bbox 438 2742 480 2777; x_wconf 84' lang='grc' dir='ltr'>Β.</span> <span class='ocrx_word' id='word_1_314' title='bbox 497 2742 698 2790; x_wconf 80' lang='grc' dir='ltr'>ἇναγγέλλω</span> <span class='ocrx_word' id='word_1_315' title='bbox 717 2746 785 2781; x_wconf 84' lang='lat' dir='ltr'>Ed.</span> <span class='ocrx_word' id='word_1_316' title='bbox 804 2747 848 2781; x_wconf 86' lang='lat' dir='ltr'>cf.</span> <span class='ocrx_word' id='word_1_317' title='bbox 870 2759 978 2792; x_wconf 85' lang='lat' dir='ltr'><strong>supra</strong></span> <span class='ocrx_word' id='word_1_318' title='bbox 999 2748 1062 2793; x_wconf 89' lang='lat'><em>167</em></span> <span class='ocrx_word' id='word_1_319' title='bbox 1081 2761 1112 2784; x_wconf 93' lang='grc'>8.</span> <span class='ocrx_word' id='word_1_320' title='bbox 1361 2763 1396 2794; x_wconf 78' lang='grc'>4.</span> <span class='ocrx_word' id='word_1_321' title='bbox 1421 2751 1482 2795; x_wconf 87' lang='grc' dir='ltr'>τὴν</span> <span class='ocrx_word' id='word_1_322' title='bbox 1499 2763 1570 2786; x_wconf 82' lang='grc' dir='ltr'><strong>Οῐη.</strong></span> <span class='ocrx_word' id='word_1_323' title='bbox 1591 2752 1728 2797; x_wconf 65' lang='lat' dir='ltr'><strong>Bligne.</strong></span> 
     </span>
     <span class='ocr_line' id='line_1_35' title="bbox 133 2804 1728 2859; baseline 0.008 -22"><span class='ocrx_word' id='word_1_324' title='bbox 133 2814 166 2847; x_wconf 89' lang='lat'>5.</span> <span class='ocrx_word' id='word_1_325' title='bbox 193 2804 316 2850; x_wconf 86' lang='grc' dir='ltr'>πάλαι]</span> <span class='ocrx_word' id='word_1_326' title='bbox 336 2807 440 2839; x_wconf 81' lang='grc' dir='ltr'>πάλιν</span> <span class='ocrx_word' id='word_1_327' title='bbox 461 2806 501 2842; x_wconf 88' lang='grc' dir='ltr'>Β.</span> <span class='ocrx_word' id='word_1_328' title='bbox 644 2809 676 2844; x_wconf 88' lang='grc'>8.</span> <span class='ocrx_word' id='word_1_329' title='bbox 703 2810 993 2857; x_wconf 77' lang='grc' dir='ltr'>ἐπιθιγγιὶνοντος]</span> <span class='ocrx_word' id='word_1_330' title='bbox 1015 2827 1062 2857; x_wconf 85' lang='grc' dir='ltr'>σχ</span> <span class='ocrx_word' id='word_1_331' title='bbox 1081 2811 1271 2856; x_wconf 84' lang='grc' dir='ltr'>ἁπτομενου</span> <span class='ocrx_word' id='word_1_332' title='bbox 1290 2812 1323 2846; x_wconf 89' lang='lat' dir='ltr'>D</span> <span class='ocrx_word' id='word_1_333' title='bbox 1343 2825 1414 2857; x_wconf 88' lang='lat' dir='ltr'>mg.</span> <span class='ocrx_word' id='word_1_334' title='bbox 1562 2825 1613 2848; x_wconf 88' lang='lat'>10.</span> <span class='ocrx_word' id='word_1_335' title='bbox 1640 2817 1728 2859; x_wconf 84' lang='grc' dir='ltr'>φημι</span> 
     </span>
     <span class='ocr_line' id='line_1_36' title="bbox 133 2853 1727 2902; baseline 0.007 -17"><span class='ocrx_word' id='word_1_336' title='bbox 133 2858 356 2895; x_wconf 75' lang='lat' dir='ltr'>assumptum</span> <span class='ocrx_word' id='word_1_337' title='bbox 375 2864 416 2887; x_wconf 85' lang='lat' dir='ltr'>ex</span> <span class='ocrx_word' id='word_1_338' title='bbox 436 2853 477 2887; x_wconf 85' lang='lat' dir='ltr'>B.</span> <span class='ocrx_word' id='word_1_339' title='bbox 651 2856 704 2892; x_wconf 90' lang='lat'>16.</span> <span class='ocrx_word' id='word_1_340' title='bbox 730 2857 823 2902; x_wconf 83' lang='grc' dir='ltr'>ὑμῖν]</span> <span class='ocrx_word' id='word_1_341' title='bbox 848 2862 885 2898; x_wconf 77' lang='grc' dir='ltr'>-Ι-</span> <span class='ocrx_word' id='word_1_342' title='bbox 907 2860 965 2893; x_wconf 83' lang='grc' dir='ltr'>τὸν</span> <span class='ocrx_word' id='word_1_343' title='bbox 984 2859 1051 2893; x_wconf 87' lang='lat' dir='ltr'>Ed</span> <span class='ocrx_word' id='word_1_344' title='bbox 1072 2859 1181 2892; x_wconf 83' lang='lat' dir='ltr'>invito</span> <span class='ocrx_word' id='word_1_345' title='bbox 1198 2860 1239 2893; x_wconf 87' lang='lat' dir='ltr'>B.</span> <span class='ocrx_word' id='word_1_346' title='bbox 1417 2871 1473 2894; x_wconf 87' lang='lat'>21.</span> <span class='ocrx_word' id='word_1_347' title='bbox 1499 2861 1613 2896; x_wconf 82' lang='grc' dir='ltr'>αὐτοῖς</span> <span class='ocrx_word' id='word_1_348' title='bbox 1634 2861 1727 2896; x_wconf 83' lang='grc' dir='ltr'><strong>Β.Ι).</strong></span> 
     </span>
     <span class='ocr_line' id='line_1_37' title="bbox 133 2898 1727 2978; baseline 0.007 -47"><span class='ocrx_word' id='word_1_349' title='bbox 133 2899 230 2957; x_wconf 42' lang='grc' dir='ltr'>(ιιῖιτῲΧ</span> <span class='ocrx_word' id='word_1_350' title='bbox 245 2898 310 2978; x_wconf 60' lang='lat' dir='ltr'>Eg.</span> <span class='ocrx_word' id='word_1_351' title='bbox 376 2899 583 2944; x_wconf 76' lang='grc' dir='ltr'>ἐντέλλωμιιι</span> <span class='ocrx_word' id='word_1_352' title='bbox 603 2901 645 2936; x_wconf 89' lang='grc' dir='ltr'>Β.</span> <span class='ocrx_word' id='word_1_353' title='bbox 810 2915 864 2949; x_wconf 84' lang='grc'>23.</span> <span class='ocrx_word' id='word_1_354' title='bbox 891 2905 1104 2951; x_wconf 79' lang='grc' dir='ltr'>αναγγελεῖ</span> <span class='ocrx_word' id='word_1_355' title='bbox 1090 2907 1166 2948; x_wconf 74' lang='grc' dir='ltr'>ημῖν</span> <span class='ocrx_word' id='word_1_356' title='bbox 1188 2906 1226 2940; x_wconf 82' lang='lat' dir='ltr'>B.</span> <span class='ocrx_word' id='word_1_357' title='bbox 1384 2906 1439 2941; x_wconf 87' lang='lat'>26.</span> <span class='ocrx_word' id='word_1_358' title='bbox 1466 2907 1519 2941; x_wconf 76' lang='grc' dir='ltr'>ὑπ’</span> <span class='ocrx_word' id='word_1_359' title='bbox 1539 2908 1655 2953; x_wconf 74' lang='grc' dir='ltr'>αὐτοῦ]</span> <span class='ocrx_word' id='word_1_360' title='bbox 1677 2908 1727 2945; x_wconf 73' lang='grc' dir='ltr'>ἐπ’</span> 
     </span>
     <span class='ocr_line' id='line_1_38' title="bbox 133 2960 315 2980; baseline 0.005 -2"><span class='ocrx_word' id='word_1_361' title='bbox 133 2960 253 2980; x_wconf 87' lang='grc' dir='ltr'>αυτους</span> <span class='ocrx_word' id='word_1_362' title='bbox 307 2972 315 2979; x_wconf 91' lang='grc'><strong>.</strong></span> 
     </span>
    </p>
   </div>
   <div class='ocr_carea' id='block_1_6' title="bbox 191 3015 1000 3063">
    <p class='ocr_par' dir='ltr' id='par_1_6' title="bbox 191 3015 1000 3063">
     <span class='ocr_line' id='line_1_39' title="bbox 191 3015 1000 3063; baseline 0.011 -22"><span class='ocrx_word' id='word_1_363' title='bbox 191 3015 283 3042; x_wconf 74' lang='lat' dir='ltr'><strong>VOL.</strong></span> <span class='ocrx_word' id='word_1_364' title='bbox 309 3016 336 3043; x_wconf 92' lang='lat'>1.</span> <span class='ocrx_word' id='word_1_365' title='bbox 930 3022 951 3063; x_wconf 81' lang='lat'><em>3</em></span> <span class='ocrx_word' id='word_1_366' title='bbox 975 3023 1000 3050; x_wconf 86' lang='lat' dir='ltr'><strong>E</strong></span> 
     </span>
    </p>
   </div>
  </div>
 </body>
</html>
