2084 3317
127 147 198 190 vii.
219 161 285 202 24.
358 151 433 192 IN
475 152 517 194 S.
551 153 886 196 JOANNEM.
949 156 1073 198 LIB.
1107 158 1185 201 IV.
1247 160 1380 203 ΟΑΡ.
1405 162 1483 203 VI.
1627 166 1711 204 619

125 256 215 308 ἔδει
240 261 323 323 τῆς
349 265 444 312 τῶν
469 263 816 330 συμφερόντων
842 266 1122 328 νομοθεσιας
1149 269 1359 320 ἐντεῦθεν
1385 272 1704 339 ἀπάρχεσθαι,

124 360 200 389 και
249 345 345 395 τοῖς
388 365 450 396 εις
494 347 788 409 θεογνωσίαν
829 346 1082 411 μαθήμασι
1128 359 1558 418 προμυσταγωγεῖν
1600 377 1747 409 τουςει
1780 370 1864 405 423
1878 370 1932 405 Α.

121 417 258 489 ἅπαξ
283 424 693 489 παραστήσαντας
723 427 915 482 ἑαυτοὺς
940 433 1001 482 εἷς
1036 431 1253 482 δουλειαν
1289 436 1365 484 καὶ
1401 436 1610 500 ὑπακοὴν
1644 438 1709 505 τῷ

121 504 247 571 Θεῶ.
315 505 417 571 ῥίζα
455 507 549 572 γὰρ
591 509 782 574 ἁπάσης
824 513 989 576 ἀρετῆς
1031 513 1058 576 ἡ
1101 517 1382 579 θεογνωσια,
1424 519 1499 567 καὶ
1541 540 1708 583 κρηπις

78 586 360 649 5εὐσεβειας
400 591 427 655 ἡ
466 592 644 647 πίστις.
698 596 932 663 ἐπιδείξας
969 605 1220 663 τοιγαροῦν
1254 600 1432 663 ἑαυτὸν,
1461 603 1535 652 καὶ
1571 605 1707 654 οἱονεὶ

1770 682 1875 714 Exod.

1768 737 1823 757 XX.
1844 737 1871 757 2.

118 669 325 736 φανερὸν
351 674 661 738 καταστήσας
688 676 792 740 ἤδη,
821 676 897 727 διὰ
923 684 1006 729 τοῦ
1033 684 1176 731 εἰπεῖν
1201 683 1332 746 Ἐγώ
1359 687 1450 745 εἰμι
1480 684 1654 750 Κύριος
1681 687 1706 736 ὁ

118 750 239 804 Θεός
277 775 384 816 σου,
423 757 501 805 καὶ
538 757 917 824 προγεωργήσας
956 761 1005 810 ἐν
1044 762 1199 816 αὐτοῖς
1240 762 1327 827 τὴν
1366 764 1441 815 διὰ
1482 766 1706 830 γνώσεως

115 833 294 898 πίστιν,
321 837 582 906 ἀποφήσας
607 861 656 889 τε
682 845 929 895 παντελῶς
955 842 1040 906 τὴν
1065 844 1262 895 εἰδώλου
1289 848 1600 913 κατασκευὴν,
1630 853 1706 901 καὶ

113 915 443 980 προσκύνησιν
486 923 582 970 τῶν
624 922 951 989 ψευδωνύμων
995 929 1128 988 θεῶν,
1175 926 1245 977 ὅτι
1290 928 1344 979 τὸ
1394 932 1705 996 παραβαίνειν

47 1017 94 1041 10
113 996 269 1050 αὐτοῖς
303 999 385 1049 οὐκ
420 999 628 1065 ἀζήμιον,
656 1005 732 1053 καὶ
767 1003 852 1067 τὴν
877 1005 928 1055 ἐκ
955 1012 1038 1057 τοῦ
1063 1009 1386 1070 μεθίστασθαι
1412 1011 1617 1063 κόλασιν
1642 1019 1704 1068 εἷς
1724 1022 1749 1062 b

112 1076 228 1146 ὄψιν
255 1079 356 1145 ἄγει
381 1086 512 1143 βοῶν
539 1090 566 1112 “
587 1085 663 1134 Οὐ
696 1084 837 1154 λήψῃ
873 1109 928 1137 το
962 1086 1112 1151 ὄνομα
1141 1093 1319 1157 Κυριου
1349 1099 1432 1144 τοῦ
1460 1098 1585 1145 Θεοῦ
1611 1119 1704 1147 σου
1767 1116 1816 1146 lb.
1841 1123 1868 1156 7.

127 1161 237 1211 ςέπι
271 1165 497 1233 ματαίω,”
526 1189 786 1230 τουτεστιν,
821 1169 875 1219 οὐ
908 1171 1177 1236 περιθήσεις
1215 1175 1394 1246 εἰδώλῳ
1429 1179 1613 1247 ματαίω
1648 1178 1702 1229 τὸ

109 1242 233 1293 θεῖόν
255 1267 305 1294 τε
333 1268 407 1296 και
436 1249 880 1314 φρικωδένστατον
851 1274 1013 1315 ονομα,
1035 1260 1062 1282 “
1086 1256 1139 1305 οὐ
1166 1255 1258 1322 γὰρ
1285 1257 1363 1322 μὴ,
1387 1262 1526 1357 φησι,
1547 1264 1698 1311 καθα-

110 1326 275 1394 “’ρισῃ
304 1328 479 1429 Κύριος
506 1353 588 1381 τον
614 1331 926 1395 λαμβανοντα
951 1334 1006 1385 τὸ
1033 1335 1181 1400 ὄνομα
1206 1340 1349 1391 αὐτοῦ
1375 1343 1448 1392 ἐπὶ
1475 1343 1700 1413 ματαίω.”

42 1423 90 1461 15
109 1430 272 1475 ενοχον
313 1409 468 1461 τοίνυν
508 1410 706 1463 εσεσθαι
753 1414 941 1466 διειπὼν
980 1417 1034 1467 οὐ
1073 1419 1246 1489 μετρίω
1286 1424 1552 1486 πταίσματι
1593 1448 1695 1488 τον,

107 1487 234 1558 ὡπερ
274 1489 330 1541 ἂν
364 1491 546 1557 γε’νοιτο
587 1495 735 1562 φίλον
769 1504 1056 1563 προσκυνεῖν
1091 1502 1245 1572 ἑτερω,
1278 1507 1354 1555 καὶ
1388 1508 1700 1574 ψευδώνυμον

106 1572 461 1642 ἐπιγράφεσθαι
489 1574 609 1639 θεον,
637 1600 714 1628 και
740 1579 1009 1644 ἀπειλήσας
1034 1605 1332 1653 συμμετρως,
1358 1587 1439 1640 ἅτε
1465 1589 1521 1654 δὴ
1549 1614 1624 1642 και
1651 1593 1700 1643 ἐν

105 1653 229 1721 ἀρχῇ
263 1678 382 1721 προς
416 1656 470 1707 τὸ
504 1681 746 1711 πιστευειν
771 1662 1006 1726 ἠγμένοις,
1034 1687 1111 1715 και
1145 1671 1563 1737 τρυφερωτερανν
1533 1696 1697 1741 εχουσι

104 1732 190 1798 τὴν
223 1737 446 1801 διάνοιαν,
473 1741 663 1804 τίθησιν
698 1743 882 1811 ἐφεξῆς,
911 1768 986 1795 και
1022 1746 1238 1814 δευτερον
1275 1749 1439 1818 ὥσπερ
1478 1755 1737 1810 διετύπουο

35 1839 85 1864 20
104 1815 248 1880 νόμον
275 1825 303 1848 “
325 1819 599 1885 Μνήσθητι,
628 1822 796 1889 λεγων,
824 1849 910 1890 την
936 1827 1113 1895 ήμεραν
1139 1835 1232 1882 τῶν
1259 1836 1578 1895 σαββάτων
1552 1861 1689 1938 αγια-
1758 1856 1808 1887 lb.
1827 1857 1868 1887 8
1873 1866 1922 1888 10·

103 1899 247 1965 “ζειν
279 1901 441 1965 αυτήν·
485 1903 542 1972 ’ἐξ
575 1905 746 1972 ἡμερας
782 1909 898 1976 ε’ργᾷ
933 1913 1009 1960 καὶ
1046 1912 1260 1977 ποιήσεις
1295 1940 1452 1968 παντοι
1487 1943 1546 1970 τα
1580 1920 1695 1987 ε’ργα

102 1988 260 2045 “σου,
301 1987 360 2051 τῇ
399 1984 448 2036 δε
487 1986 636 2055 ἡμερα
679 1992 738 2056 τῇ
783 1990 964 2058 εβδομῃ
1004 1993 1236 2055 σαββατα
1279 2001 1440 2070 Κυριω
1480 2006 1546 2071 τῷ
1585 2006 1694 2055 Θεω

116 2070 261 2115 6·σου
302 2066 356 2116 οὐ
380 2069 595 2132 ποιήσεις
626 2071 674 2120 ἐν
701 2071 818 2139 αὐτῇ
851 2077 946 2123 πᾶν
975 2074 1146 2141 ἐργον·’
1201 2077 1298 2130 εἶτα
1323 2105 1398 2132 και
1423 2087 1526 2134 τίνα
1552 2092 1692 2137 τοῦτο

28 2147 299 2283 25δρῶντες
338 2150 721 2215 ἀπομιμήσονται
760 2176 1010 2220 χρησιμως
1049 2160 1302 2216 ἐπιδεικνυς
1329 2172 1355 2192 “
1382 2165 1468 2216 Ἐν
1505 2190 1597 2233 γαρ
1637 2168 1694 2238 εξ
1752 2192 1803 2223 lb.
1822 2201 1869 2224 11.

99 2228 389 2294 “ήμεραις’
367 2254 574 2296 εποιησε,
603 2236 740 2301 φησι,
772 2236 947 2303 Κύριος
973 2238 1056 2290 τόν
1081 2265 1130 2292 τε
1157 2266 1356 2310 ουρανον
1383 2270 1457 2298 και
1485 2272 1570 2346 την
1598 2273 1689 2316 γην

114 2312 225 2360 ίκαὶ
251 2334 338 2375 την
364 2312 627 2365 θάλασσαν
652 2319 727 2367 καὶ
762 2319 918 2370 πάντα
952 2321 1012 2371 τὰ
1046 2324 1094 2373 ἐν
1121 2326 1291 2389 αὐτοῖς,
1318 2331 1393 2379 καὶ
1422 2353 1689 2384 κατεπαυσε

97 2395 207 2459 “τῇ
251 2393 400 2462 ἡμερα
445 2397 503 2462 τῇ
546 2397 741 2467 ἑβδόμῃ·
805 2401 881 2452 διὰ
919 2426 1059 2455 τουτο
1098 2406 1341 2473 ηὐλόγησε
1385 2412 1558 2478 Κύριος
1603 2414 1689 2480 τὴν

96 2474 325 2540 “ημεραν
351 2498 436 2540 την
463 2476 673 2543 ἑβδόμην
698 2505 773 2532 και
800 2483 1001 2550 ἡγίασεν
1029 2487 1189 2552 αὐτήν.
1707 2513 1734 2554 d

169 2557 235 2606 Τι’
257 2558 338 2607 οὐν
363 2557 454 2624 ἄρα
479 2558 640 2624 παλιν,
668 2565 762 2629 ε’ρει
791 2588 878 2629 τις,
911 2568 935 2617 ὁ
971 2570 1045 2619 ε’πι
1079 2593 1145 2620 τω
1172 2573 1410 2644 σαββατω
1437 2579 1688 2642 παρεδιδου

25 2658 74 2693 30
95 2637 304 2701 θεσμός;
360 2640 572 2707 δεύτερος
611 2643 660 2695 δε
697 2648 773 2696 καὶ
813 2670 984 2713 γειτων
1022 2650 1156 2706 εὐθυς
1194 2653 1311 2715 μετὰ
1349 2679 1434 2720 την
1473 2661 1548 2709 ἐπὶ
1585 2667 1687 2716 ταῖς

145 2750 174 2770 1.
200 2738 259 2780 τῆς
276 2748 345 2771 om.
368 2737 501 2783 Migne.
662 2753 694 2776 2.
720 2751 1056 2793 προσμυσταγωγεῖν
1076 2749 1117 2783 Β.
1277 2765 1310 2797 3.
1335 2756 1622 2799 παραστήσοντας
1643 2759 1683 2795 Β.

94 2782 127 2817 6.
153 2785 303 2828 φανερὸν
321 2785 539 2829 καταστήσας
556 2787 622 2822 hoc
640 2790 762 2824 ordine
781 2792 823 2827 B.
829 2793 875 2827 D.
1150 2807 1180 2842 7.
1206 2802 1365 2843 γνώσεως
1381 2802 1515 2848 πίστιν]
1536 2806 1686 2842 πίστεως

92 2833 221 2875 γνῶσιν
241 2832 280 2864 Β.
349 2831 475 2866 Statim
493 2834 734 2881 ἀποφοιτήσας
753 2838 794 2872 Β.
1030 2854 1082 2876 12.
1109 2845 1306 2888 περιθήσεις
1326 2848 1366 2882 Β.
1385 2850 1598 2894 προσθήσεις
1618 2853 1682 2888 Ed.

96 2886 149 2921 15.
175 2878 318 2921 μετρίως
337 2878 377 2911 Β.
444 2879 518 2925 τὸν]
540 2882 577 2914 τὸ
598 2882 639 2916 Β.
792 2897 847 2920 22
875 2902 968 2921 σου
959 2898 1181 2935 assumptum
1201 2904 1242 2925 ex
1264 2893 1303 2927 Β.
1312 2894 1354 2928 D.
1500 2908 1553 2942 25.
1580 2901 1683 2943 φησὶ,

94 2923 233 2970 Κύριος]
255 2927 272 2958 ὁ
291 2926 388 2964 Θεος,
406 2927 509 2969 φησὶ,
532 2927 570 2961 Β.
587 2930 675 2974 (53.)
726 2946 761 2965 τε
780 2941 1003 2979 assumptum
1024 2949 1063 2970 ex
1087 2938 1125 2971 Β.
1148 2940 1263 2982 (Alex.
1279 2940 1307 2973 V
1316 2940 1363 2975 II.
1382 2941 1442 2985 X.)
1542 2957 1597 2991 29.
1619 2961 1682 2981 πα-

92 2971 226 3013 ρεοίδου
247 2972 287 3005 Β.
306 2972 501 3016 παρεδήλου
520 2975 583 3009 Ed.

825 3040 948 3077 4K2
