2084 3317
118 162 173 202 vi.
193 171 261 216 35.
336 161 410 201 IN
452 161 496 202 S.
529 159 863 202 JOANNEM.
925 158 1051 199 LIB.
1084 158 1170 198 ΠΙ.
1233 158 1366 198 CAP.
1390 157 1468 197 VI.
1620 157 1704 197 473

119 270 318 333 Ἰησοῦς,
339 268 571 335 διεβίβαζε
598 268 682 332 μὲν
708 267 875 321 αὐτοὺς
902 264 1255 332 τὸνἸορδάνην,
1277 264 1398 315 καθὰ
1423 265 1703 329 γέγραπται,

120 350 380 417 περιτεμὼν
401 349 450 401 δὲ
468 351 720 417 μαχαίραις
739 349 988 415 πετρίναις,
1005 350 1081 399 καὶ
1101 351 1163 401 εἰς
1183 344 1269 410 τὴν
1285 348 1375 412 γῆν
1395 348 1479 409 τῆς
1500 345 1705 409 ἐπαγγε-

121 432 228 485 λίας
254 429 599 494 εἶσκεκομικὼς,
629 430 756 500 ἄρτῳ
783 430 952 482 λοιπὸν
978 429 1332 498 ἀποτρέψεσθαι
1366 425 1702 493 παρεσκεύαζε,

122 512 393 577 στήσαντος
419 514 508 578 ἤδη
534 519 618 564 τοῦ
644 511 799 576 μάννα
823 511 910 577 τὴν
929 512 1159 580 χορηγίαν
1177 516 1261 562 τοῦ
1287 508 1545 577 πανσόφου
1567 511 1705 559 Θεοῦ.
1726 534 1747 560 e

82 610 104 650 5
123 595 306 646 οὐκοῦν·
352 596 377 646 ὁ
403 594 548 649 τύπος
575 594 666 662 γὰρ
691 595 779 659 ἤδη
811 592 1315 659 μετασκευασθήσεται
1345 590 1464 658 πρὸς
1495 588 1549 641 τὸ
1582 591 1705 654 άλη-

124 676 365 743 θέστερον·
406 676 481 728 ὅτε
512 676 790 741 συνεστάλη
818 678 1051 739 Μωυσῆς,
1077 674 1335 735 τουτέστιν,
1363 673 1439 724 ὅτε
1474 675 1555 736 τῆς
1591 670 1711 722 κατὰ

126 756 270 822 νόμον
296 759 514 825 λατρείας
547 759 768 825 ἤργησαν
794 762 836 809 οἱ
871 758 1022 820 τύποι,
1049 758 1290 824 ἀνεδείχθη
1318 756 1366 807 δὲ
1393 752 1608 821 Χριστὸς
1635 754 1708 821 ἐφ’

126 840 248 903 ἡμᾶς
274 841 299 891 ὃ
323 840 505 904 ἀληθὴς
530 841 734 904 Ἰησοῦς·
779 839 918 893 αὐτὸς
951 839 1045 905 γὰρ
1077 840 1280 890 διέσωσε
1308 845 1335 867 “
1355 838 1439 888 τὸν
1466 835 1585 887 λαὸν
1616 833 1711 886 ἀπὸ
1774 832 1934 907 ᾗζῙῙἎΜῙ·

128 928 155 950 “
182 925 277 971 τῶν
312 922 553 988 ἁμαρτιῶν
588 922 790 972 αὐτῶν·”
829 921 935 972 τότε
972 920 1189 985 διέβημεν
1214 919 1298 970 τὸν
1323 917 1579 984 Ἰορδάνην,
1606 915 1712 969 τότε

61 1025 109 1050 10
127 1001 214 1066 τὴν
239 1004 288 1054 ἐν
312 1003 540 1066 πνεύματι
570 1002 827 1070 περιτομὴν
854 1002 930 1053 διὰ
963 1005 1045 1067 τῆς
1073 1002 1387 1054 διδασκαλίας
1412 1005 1506 1051 τῶν
1532 999 1716 1050 δυοκαί-

128 1086 239 1135 δεκα
265 1084 411 1136 λίθων
434 1084 704 1154 ἐδεξάμεθα,
724 1085 941 1136 τουτέστι
967 1089 1062 1135 τῶν
1083 1084 1230 1150 ἁγίων
1256 1086 1497 1147 μαθητῶν,
1520 1083 1626 1147 περὶ
1652 1078 1717 1131 ὧν

129 1168 177 1217 ἐν
201 1166 468 1235 προφήταις
494 1167 772 1233 γέγραπται,
800 1174 827 1196 “
847 1167 918 1218 ὅτι
951 1167 1076 1217 λίθοι
1110 1165 1235 1231 ἅγιοι
1266 1165 1507 1216 κυλίονται
1534 1165 1607 1214 ἐπὶ
1634 1165 1718 1227 τῆς
1780 1161 1876 1235 {gg—‘³¹¹‘
1895 1161 1937 1191 ix·

131 1256 158 1279 ‘⁶
183 1249 319 1314 γῆς·”
359 1253 402 1300 οἱ
427 1248 522 1316 γὰρ
546 1249 602 1314 δὴ
628 1255 794 1301 πᾶσαν
820 1248 1206 1315 περινοστοῦντές
1237 1270 1285 1299 τε
1313 1248 1388 1298 καὶ
1415 1245 1718 1299 καταθέοντες
1736 1271 1758 1295 a
1792 1261 1874 1295 323
1890 1259 1940 1293 A.

131 1329 217 1396 τὴν
243 1331 514 1396 οἰκουμένην
539 1330 665 1398 ἅγιοι
691 1331 832 1395 λίθοι,
860 1332 990 1382 αὐτοὶ
1022 1330 1079 1394 δὴ
1112 1328 1301 1383 πάντως
1336 1331 1440 1391 εἰσὶ,
1468 1328 1523 1379 δι’
1553 1325 1618 1378 ὧν
1645 1329 1719 1377 καὶ

66 1430 112 1468 15
131 1413 501 1480 περιετμήθημεν
541 1417 768 1482 περιτομῇ
807 1411 1146 1481 ἀχειροποιήτῳ
1184 1414 1243 1480 τῇ
1281 1413 1328 1462 ἐν
1367 1409 1610 1472 πνεύματι,
1645 1408 1721 1460 διὰ
1782 1417 1898 1490 ΫΓῙίῐ·

137 1495 413 1559 Πνεύματος
447 1495 647 1560 δηλαδή.
703 1495 775 1546 ὅτε
812 1495 966 1546 τοίνυν
999 1498 1062 1548 εἰς
1096 1493 1183 1558 τὴν
1214 1498 1308 1545 τῶν
1340 1493 1549 1559 οὐρανῶν
1574 1490 1716 1555 ε’κλή-
1829 1484 1835 1491 ’

135 1581 283 1642 θημεν
307 1579 562 1639 βασιλείαν
588 1578 662 1629 διὰ
690 1581 923 1645 Χριστοῦ·
967 1582 1106 1628 τοῦτο
1142 1575 1236 1642 γὰρ
1272 1573 1399 1638 οἶμαι
1430 1576 1621 1638 δηλοῦν,
1649 1576 1724 1624 καὶ

135 1662 220 1728 οὐχ
247 1660 404 1726 ἕτερόν
429 1683 474 1710 τι
499 1659 662 1723 πάλιν,
679 1659 732 1711 τὸ
758 1660 981 1723 εἶσβῆναί
1002 1682 1130 1712 τινας
1156 1663 1217 1711 εἷς
1245 1655 1330 1720 τὴν
1355 1659 1447 1722 γῆν
1473 1659 1555 1719 τῆς
1582 1657 1728 1719 ἐπαγ-

135 1743 315 1807 γελίας·
359 1741 463 1793 τότε
489 1741 642 1805 μάννα
668 1741 753 1806 μὲν
780 1741 929 1792 οὐκέτι
964 1740 1018 1791 τὸ
1052 1739 1248 1792 τυπικὸν
1275 1740 1347 1807 ἐφ’
1377 1739 1513 1802 ἡμᾶς·
1556 1738 1610 1788 οὐ
1635 1736 1730 1803 γὰρ

68 1847 118 1871 20
137 1828 233 1878 τοῖς
262 1828 571 1879 Μωυσαϊκοῖς
598 1825 664 1875 ε”τι
689 1822 959 1893 τρεφόμεθα
983 1821 1276 1890 γράμμασιν
1318 1820 1457 1887 ἄρτος
1485 1818 1533 1870 δὲ
1560 1817 1729 1870 λοιπὸν

137 1907 163 1956 ὁ
201 1906 258 1975 ἐξ
293 1907 503 1972 οὐρανοῦ,
536 1907 754 1958 τουτέστι
792 1903 1020 1970 Χριστὸς,
1060 1902 1344 1972 ἀποτρέφων
1373 1902 1495 1966 ἡμᾶς
1530 1905 1592 1955 εἷς
1630 1905 1770 1962 μα-Ῑ)

138 1990 343 2055 κραίωνα
367 1987 502 2054 ζωὴν,
531 1987 606 2039 διά
632 2011 680 2039 τε
707 1990 789 2052 τῆς
814 1987 1118 2054 ἐπιχορηγίας
1145 1991 1228 2037 τοῦ
1254 1986 1421 2051 Ἀγίου
1451 1983 1730 2046 Πνεύματος

138 2074 213 2122 καὶ
257 2070 440 2139 μεθέξει
490 2073 572 2135 τῆς
621 2070 736 2123 ἰδίας
779 2069 971 2135 σαρκὸς,
1019 2069 1276 2131 ἐντιθείσης
1323 2067 1433 2132 ἡμῖν
1477 2065 1562 2130 τὴν
1607 2069 1732 2116 Θεοῦ

139 2152 357 2221 μετοχὴν,
400 2155 476 2204 ,καὶ
521 2151 776 2219 νεκρότητα
820 2151 905 2215 τὴν
947 2152 997 2202 ἐκ
1042 2153 1124 2215 τῆς
1169 2149 1366 2217 ἀρχαίας
1412 2146 1733 2217 ἀφανιζούσης

73 2252 120 2291 25
140 2237 270 2302 ἀρᾶς.

191 2362 244 2403 ‘O
281 2362 511 2418 ἐρχόμενος
551 2362 657 2418 Πρὸς
695 2351 758 2409 μὲΧ
784 2361 831 2401 οὐ
870 2361 926 2410 μή
967 2360 1164 2418 Πεινάσῌ,
1204 2360 1271 2400 καὶ
1309 2360 1331 2400 ὁ
1372 2359 1582 2399 Πιστεύων
1622 2354 1682 2396 εἰς

590 2444 665 2493 ἐμὲ
705 2445 752 2486 οὐ
791 2445 846 2492 μή
887 2444 1048 2502 διψήοῌ
1086 2442 1281 2486 ΠώΠοτε.

223 2555 496 2622 Κέκρυπταί
530 2578 575 2605 τι
611 2555 760 2606 πάλιν
798 2557 846 2606 ἐν
884 2557 1078 2616 τούτοις,
1119 2553 1232 2618 ὅπερ
1275 2555 1419 2601 εἰπεῖν
1458 2550 1730 2613 ἀναγκαῖον..

80 2678 83 2680 -
147 2638 250 2691 ε”θος
288 2637 381 2703 γὰρ
422 2641 488 2706 τῷ
528 2640 713 2704 Σωτῆρι
753 2640 970 2705 Χριστῷ,
1012 2640 1112 2689 ταῖς
1158 2639 1252 2685 τῶν
1292 2633 1438 2698 ἁγίων
1478 2630 1636 2698 δόξαις
1683 2629 1736 2679 οὐ

80 2747 129 2782 30
149 2720 343 2788 σφόδρα
382 2723 674 2789 φιλονεικεῖν,
708 2719 819 2769 ἀλλ’
848 2721 898 2769 ἐκ
937 2722 1031 2769 τῶν
1061 2717 1280 2767 ἐναντίων
1313 2715 1387 2764 καὶ
1427 2709 1775 2781 ἁξιαγάστοιςο

200 2876 231 2911 7.
258 2866 323 2911 γὰρ
341 2876 405 2910 pro
423 2865 459 2899 δέ
481 2864 522 2898 Β.
701 2865 734 2899 S.
759 2864 825 2898 ἀπὸ
846 2864 886 2898 Β.
907 2863 942 2897 ἐκ
962 2862 1028 2896 Ed.
1214 2860 1266 2893 16.
1295 2855 1506 2902 Πνεῦματος]
1527 2856 1676 2891 πίστεως
1696 2855 1737 2889 Β.

155 2925 209 2958 19.
234 2914 295 2957 μὲν
312 2913 419 2955 μάννα
436 2912 575 2946 inverso
594 2910 717 2945 ordine
735 2911 778 2946 B.
877 2921 932 2955 23.
957 2909 1033 2954 τὴν]
1060 2912 1094 2949 —4-
1120 2910 1179 2942 τοῦ
1200 2906 1265 2941 Ed.
1285 2905 1402 2941 invitis
1423 2904 1515 2939 RD.
1616 2903 1670 2937 28.
1699 2902 1739 2946 δὴ

152 2972 216 3005 pro
233 2974 264 2993 τι
284 2960 326 2994 Β.
471 2969 525 3003 29.
552 2958 617 3004 γὰρ
635 2963 857 3003 assumptum
876 2969 917 2991 ex
938 2957 979 2990 Β.

210 3028 302 3055 VOL.
327 3028 355 3055 1.
945 3025 966 3064 53
993 3024 1012 3049 Ρ
