2084 3317
174 153 226 194 iv.
248 167 312 197 22.
425 155 500 195 IN
543 155 583 195 S.
619 155 954 196 JOANNEM.
1018 154 1143 194 LIB.
1177 154 1238 194 ΙΙ.
1301 154 1434 194 ΟΑΡ.
1459 154 1510 192 V.
1680 154 1763 192 :283

171 268 270 316 πῶς
310 262 367 314 ἂν
397 263 571 328 ταύτην
601 264 667 314 ἔτι
706 262 1012 332 καταδέξαιτο
1052 262 1137 327 τὴν
1169 262 1426 326 ἀλήθειαν;
1476 259 1505 324 ἢ
1545 259 1639 326 γὰρ
1677 261 1764 327 οὐχ

171 347 233 398 ὡς
283 344 419 398 τέλος
471 348 547 396 καὶ
595 347 926 414 καρποφορίαν
974 343 1292 409 πνευματικὴν
1338 342 1626 408 λογιούμεθα
1677 340 1762 405 τὴν

168 426 511 492 προσκύνησιν,
553 430 628 478 καί
667 428 885 493 λατρείας
925 426 1043 481 εἶδος
1083 426 1307 494 ὑπάρχειν
1348 427 1541 491 ἐροῦμεν
1581 424 1756 489 αὐτήν;

1824 505 1984 536 SMatth.

169 510 266 559 ἐπεὶ
293 508 368 559 διὰ
393 532 533 560 ποιαν
561 511 585 560 ὁ
614 509 755 573 νόμος
782 510 934 561 αἰτίαν
959 514 1018 577 τῇ
1044 531 1372 575 προσκυνήσει
1406 507 1640 570 συνέδησε
1675 506 1761 570 τὴν
1821 559 1864 579 w
1881 558 1917 578 10
1934 560 1951 579 e

126 606 148 644 5
169 591 390 656 λατρείαν
426 591 568 642 εἰπών
603 600 629 621 “
659 591 836 658 Κύριον
874 615 957 643 τον
983 590 1107 642 Θεόν
1145 614 1237 642 σου
1275 587 1644 657 προσκυνήσεις,
1685 590 1758 638 καί
1822 592 1922 675 ἰξυῖ·
1938 603 1980 622 Vl·

168 678 195 701 “
223 674 348 742 αὐτῷ
387 673 516 743 μόνῳ
552 674 876 741 λατρεύσειςΫ
929 675 1060 737 πύλη
1101 673 1194 739 γὰρ
1233 671 1397 739 ὥσπερ
1435 694 1504 725 τις
1542 672 1645 721 ἐστὶ
1684 672 1798 721 καὶᾶ
1832 685 1916 718 190
1930 683 1982 717 Α.

167 753 274 807 ὁδὸς
308 758 390 819 τῆς
424 757 473 806 ἐν
506 756 659 822 ἐργοις
696 757 915 822 λατρείας
956 756 983 819 ἡ
1021 755 1364 823 προσκύνησις,
1396 753 1546 822 ἀρχὴν
1581 753 1759 820 ἔχουσα

166 837 377 890 δουλείας
421 840 503 901 τῆς
548 840 610 891 ὡς
653 836 773 905 πρὸς
818 838 955 890 Θεόν.
1035 837 1105 889 διὸ
1156 835 1213 901 δὴ
1265 841 1340 887 καὶ
1391 834 1510 902 πρός
1559 858 1687 889 τινας
1733 835 1758 885 ὁ

98 919 376 1052 ῘΟμελωδός
420 942 512 970 που
558 921 687 988 φησί
724 927 750 949 “
772 926 921 971 Δεῦτε
966 918 1380 985 προσκυνήσωμεν
1424 920 1499 969 καὶ
1544 916 1757 983 προσπέ-
1820 916 1979 990 {QX‘W

181 1007 380 1064 ίσωμεν
418 1002 558 1070 αὐτῷ,
598 1005 674 1053 καὶ
713 1003 1001 1064 κλαύσωμεν
1040 1001 1248 1052 ἐναντίον
1287 1001 1466 1067 Κυρίου
1504 1005 1587 1050 τοῦ
1624 999 1759 1064 ποιή-

164 1088 191 1110 “
216 1105 394 1138 σαντος
434 1083 602 1148 ἡμᾶς.”
665 1086 779 1153 ὁρᾷς
816 1082 1145 1151 παρεπόμενόν
1183 1106 1232 1135 τε
1275 1084 1350 1133 καὶ
1392 1081 1761 1148 συνεζευγμένον

162 1168 229 1233 τῷ
268 1172 554 1232 προσκυνεῖν
591 1166 645 1218 τὸ
689 1170 858 1234 χρῆναι
895 1167 1248 1233 προσπίπτειν,
1309 1165 1363 1216 οῦ
1401 1165 1448 1214 τί
1481 1163 1537 1214 ἂν
1576 1164 1760 1229 γε’νοιτο

162 1249 642 1315 δουλοπρεπέστερον,
669 1247 802 1315 παρά
825 1272 878 1314 γε
904 1253 1000 1302 τοῖς
1027 1249 1178 1313 ὀρθῶς
1209 1245 1515 1312 δοκιμάζουσι
1547 1245 1632 1300 τὰς
1664 1250 1759 1297 τῶν

161 1331 458 1396 πραγμάτων
480 1331 748 1396 ποιότητας,
777 1335 917 1382 εἰπεῖν
943 1331 1026 1381 οὐκ
1051 1329 1158 1397 ἔχω.

96 1431 141 1469 15
239 1416 299 1463 Εἰ
334 1412 383 1464 δὲ
416 1413 715 1477 ἐπιμένουσιν
742 1416 783 1464 οἱ
815 1413 870 1464 δι’
900 1413 1109 1466 ἐναντίας
1136 1413 1207 1463 ἐπ’
1237 1410 1522 1478 ἀθραύστοις
1558 1410 1623 1461 ε”τι
1658 1416 1757 1465 ταῖς
1776 1420 1801 1461 b

162 1495 517 1562 ἀναισχυντίαις
568 1495 955 1562 σοβαρευόμενοι,
1004 1498 1079 1545 καὶ
1127 1499 1222 1545 τῶν
1267 1496 1341 1545 ἐπὶ
1391 1493 1571 1547 τούτοις
1619 1496 1757 1544 ἀπαι-

161 1576 336 1628 δεύτων
368 1579 422 1628 οὐ
457 1578 786 1644 καταλήγουσι
821 1582 1086 1644 λογισμῶν,
1114 1575 1466 1628 ἐπιδεικνύντων
1496 1576 1606 1639 ἡμῖν
1638 1574 1756 1640 ὅλην

160 1659 246 1723 τὴν
276 1661 416 1726 ἁγίαν
449 1666 838 1726 περινοστοῦντες
877 1659 1071 1728 γραφὴν
1103 1657 1511 1725 προσκυνήσαντα
1549 1660 1615 1726 τῷ
1648 1660 1756 1726 Θεῷ

161 1744 236 1792 καὶ
266 1745 421 1809 Πατρὶ
453 1743 535 1793 τὸν
561 1741 691 1805 Υὶόν,
720 1742 795 1794 ὅτε
832 1741 1009 1808 γυμνὸς
1045 1740 1102 1806 ἧν
1126 1741 1191 1792 ε”τι
1220 1740 1397 1806 Λόγος,
1426 1738 1520 1806 πρὸ
1552 1744 1647 1790 τῶν
1673 1743 1754 1804 τῆς

92 1850 140 1874 20
159 1823 560 1891 ἐνανθρωπήσεως
587 1823 770 1892 χρόνων
799 1826 874 1875 καὶ
900 1829 983 1874 τοῦ
1011 1826 1093 1887 τῆς
1121 1822 1336 1875 δουλείας
1361 1822 1626 1889 σχήματος,
1673 1828 1754 1873 νῦν

157 1904 244 1968 μὲν
287 1905 382 1973 γὰρ
426 1909 488 1960 ὡς
533 1907 781 1973 ἅνθρωπος
826 1905 1183 1972 ἀκατηγόρητον
1220 1909 1491 1971 προσκυνεῖ,
1531 1903 1635 1955 τότε
1681 1904 1749 1967 δὲ,

158 1987 323 2039 οὐκέτι.
386 1989 498 2040 ἀλλ’
541 1990 627 2057 οὐχ
673 1989 837 2058 ἕξουσι
883 1988 968 2053 μὲν
1007 1991 1056 2039 ἐκ
1097 1992 1193 2038 τῶν
1232 1987 1368 2038 θείων
1405 2009 1454 2037 τε
1500 1988 1576 2036 καὶ
1621 1990 1755 2052 ἱερῶν

157 2070 381 2139 ἐπιδεῖξαι
407 2076 545 2122 τοῦτο
572 2071 879 2138 γραμμάτων·
908 2069 1219 2138 στοχασμοῦς
1245 2069 1293 2120 δὲ
1320 2069 1428 2133 ἡμῖν
1455 2070 1529 2119 καὶ
1556 2072 1753 2134 σαθρῶν

90 2153 496 2282 2ἐνθυμημάτων
540 2154 743 2208 ἐπινοίας
787 2154 1157 2220 συναγείροντες,
1204 2149 1413 2217 εὐλόγως
1465 2150 1790 2202 ἀκούσονταιο

117 2240 185 2294 5“
212 2238 480 2287 Πλανᾶσθε
518 2235 583 2300 μὴ
623 2234 794 2289 εἰδότες
831 2234 915 2289 τὰς
953 2233 1157 2303 γραφὰς,
1192 2231 1340 2297 μηδὲ”
1366 2232 1452 2298 τὴν
1487 2231 1633 2301 δόξαν
1667 2238 1750 2282 τοῦ
1811 2230 1973 2315 {Xffllffizh

90 2255 482 2383 25Μονογενοῦς.
528 2341 598 2369 οτι
626 2341 719 2385 γαρ
745 2315 775 2386 ᾑ
803 2341 887 2381 μεν
915 2316 1074 2383 Λόγος
1107 2318 1212 2367 ἐστὶ
1238 2318 1315 2366 καὶ
1342 2314 1464 2369 Θεος
1500 2316 1553 2365 οὐ
1587 2337 1746 2380 προσ-

156 2404 293 2462 κυνεῖ,
332 2399 542 2465 γεγονὼς
582 2398 631 2451 δε
673 2401 781 2452 καθ’
824 2401 957 2464 ἡμᾶς,
997 2403 1073 2450 καὶ
1113 2404 1252 2449 τοῦτο
1290 2401 1458 2449 παθεῖν
1497 2399 1744 2462 ἀνθρωπο-

155 2485 347 2546 πρεπῶς
376 2481 657 2550 κατεδέξατο
693 2481 770 2532 διὰ
806 2481 892 2546 τὴν
918 2481 1187 2544 οἰκονομίαν
1213 2479 1298 2544 τὴν
1324 2479 1441 2543 μετὰ
1467 2477 1665 2544 σαρκὸς,
1697 2478 1751 2528 οὐ

157 2563 358 2629 θύραθεν
384 2564 493 2628 ἡμῖν
524 2564 551 2627 ἡ
586 2564 895 2633 πληροφορία
926 2561 1255 2630 ζητηθήσεται,
1284 2559 1360 2611 διὰ
1396 2560 1443 2611 δὲ
1478 2564 1572 2610 τῶν
1607 2560 1749 2610 αὐτοῦ

87 2670 138 2706 30
155 2644 304 2696 πάλιν
340 2643 564 2709 εἰσόμεθα
598 2644 776 2711 λόγων.
832 2646 880 2696 τί
915 2645 1008 2711 γὰρ
1048 2643 1104 2708 δὴ
1144 2645 1225 2694 καί
1261 2647 1384 2711 φησι
1423 2641 1543 2707 πρὸς
1581 2639 1667 2704 τὴν
1700 2643 1749 2692 ἐκ

208 2791 236 2814 1.
262 2778 385 2822 ταύτην
404 2779 452 2813 ἔτι
472 2779 513 2813 Β.
532 2795 613 2824 αυτη
602 2780 719 2814 vEd.
832 2793 864 2823 4.
891 2794 1028 2823 ονομος
1047 2784 1125 2824 post
1142 2776 1373 2822 προσκυνήσει
1391 2782 1434 2810 tr.
1456 2775 1498 2810 Β.
1610 2775 1642 2809 8.
1670 2775 1747 2809 δου-

155 2827 249 2862 λείας
265 2826 435 2869 τῆςΒ.Ι).
455 2826 612 2861 δουλείαν
628 2829 688 2871 τὴν
706 2826 772 2861 Ed.
812 2833 817 2847 ¹
884 2836 936 2871 17.
963 2823 1307 2860 ἐπιδεικνύτωσανΒ.
1416 2833 1471 2857 21.
1497 2822 1748 2867 ἀκατηγόρητον

158 2873 199 2907 Β.
219 2871 476 2917 ἀκατηγορήτως
494 2873 560 2907 Ed.
704 2884 758 2916 24.
786 2874 1043 2918 συναγείροντες
1064 2872 1104 2906 B.
1123 2871 1335 2915 συνείροντες
1354 2869 1420 2903 Ed.
1562 2878 1617 2914 25.
1643 2868 1746 2914 μηδε]

159 2924 196 2961 -4-
217 2919 434 3001 τΒὴιῦδύναμιν
450 2922 510 2954 τοῦ
529 2921 617 2954 Θεοῦ
635 2920 688 2954 καὶ
708 2919 772 2955 Ed.
794 2920 924 2965 Georg.
942 2920 1048 2964 Trap.
1066 2919 1176 2952 invito
1197 2917 1237 2951 B.
1349 2915 1403 2950 26.
1431 2915 1506 2950 ἐστι
1524 2922 1746 2960 assumptum

155 2979 196 3001 ex

896 3036 920 3060 (⁷)
943 3037 965 3060 O
992 3034 1013 3060 ’Ζ
