2084 3317
84 636 105 672 ΕΠ

59 1052 106 1076 10

58 1871 106 1896 20

58 2278 106 2315 25

126 176 271 233 iii.31.
369 180 442 220 IN
486 180 527 220 S.
563 179 899 220 JOANNEM.
961 178 1085 218 LIB.
1120 178 1179 219 Π.
1243 177 1375 218 ΟΑΡ.
1412 178 1471 217 II.
1630 178 1710 217 241

125 286 327 341 τιθέντες
359 287 531 350 αὐτόν,
575 289 701 350 ἀλλ’,
730 285 871 352 οἶμαι,
897 292 1048 339 πᾶσιν
1080 288 1214 339 ἔσται
1250 293 1388 338 τοῦτο
1427 286 1710 355 καταφανές·

126 367 202 418 διά
235 391 306 420 τοι
343 375 482 421 τοῦτο
516 372 591 420 καὶ
626 370 888 436 γέγραπται
916 377 942 399 “
960 369 1066 420 Ἵνα
1091 369 1264 423 πάντες
1289 373 1464 432 τιμῶσι
1488 368 1571 419 τὸν
1596 367 1714 418 Υὶὸν

126 456 153 478 “
180 451 334 504 καθὼς
368 455 541 515 τιμῶσι
576 450 659 503 τὸν
686 453 892 517 Πατέρα·
935 453 959 502 ὁ
984 450 1049 515 μὴ
1076 455 1223 515 τιμῶν
1248 450 1332 502 τὸν
1357 450 1475 501 Υἱὸν
1502 448 1606 501 οὐδὲ
1633 449 1714 500 τὸν

126 538 153 560 “
183 533 376 598 Πατερα
403 534 562 602 τιμᾷ.”
618 535 642 584 ὁ
671 533 719 585 δὲ
746 533 1011 600 ἰσομέτροις
1037 536 1100 587 ὡς
1124 531 1244 600 πρὸς
1270 531 1394 584 Θεὸν
1420 536 1496 583 καὶ
1523 532 1716 598 Πατέρα

126 618 278 678 τιμαῖς
305 615 714 682 ε’παγλαϊζόμενος,
734 615 809 666 διὰ
835 615 888 667 τὸ
915 616 973 684 ἐξ
995 616 1139 666 αὐτοῦ
1164 614 1283 666 κατὰ
1306 613 1457 683 φύσιν
1477 613 1715 682 ὑπάρχειν,

124 700 226 749 πῶς
276 698 359 748 οὐκ
403 696 462 749 ἂν
507 703 660 749 νοοῖτο
711 698 880 750 λοιπὸν
925 698 1011 762 τὴν
1055 702 1150 749 τῶν
1193 701 1402 763 γενητῶν
1447 699 1715 758 ἀναβαίνειν

125 777 293 829 οὐσίαν
315 800 327 840 ;
370 785 510 831 τοῦτο
535 780 629 846 γὰρ
654 778 708 831 τό
733 781 914 832 Ἐποὶνω
941 781 1114 832 πάντων
1141 781 1266 831 ἐστίν.

200 861 343 912 Ἀλλ’
371 861 658 927 αἰσθάνομαι
691 861 855 921 πάλιν,
892 864 954 916 ὡς
996 861 1217 928 ἠρεμήσει
1255 860 1340 924 μὲν
1370 862 1583 924 οὐδαμῶς
1621 865 1716 912 τῶν

125 944 466 1012 χριστομάχων
500 946 525 996 ὁ
566 951 685 1007 νοῦς,
720 945 890 1014 ἥξουσι
932 945 990 1007 δ’,
1019 946 1082 998 ὡς
1116 943 1250 1006 εἰκὸς,
1281 944 1718 1010 ἀθυροστομοῦντες

130 1027 204 1076 καὶ
240 1025 459 1092 λε’γοντες
484 1026 643 1079 ”Οταν
669 1028 694 1078 ὁ
729 1026 955 1094 μακάριος
989 1025 1260 1089 βαπτιστὴς
1295 1024 1445 1077 ἄνωθεν
1477 1026 1718 1091 ὁρμᾶσθαι

126 1108 245 1176 λε’γῃ
279 1107 363 1160 τὸν
392 1108 583 1175 Κύριον,
618 1114 750 1162 ποῖος
789 1109 911 1173 ἡμᾶς
950 1108 1211 1174 ἀναγκάσει
1250 1107 1396 1174 λόγος
1435 1109 1485 1159 ἐκ
1516 1109 1600 1171 τῆς
1634 1113 1718 1158 τοῦ

125 1190 318 1258 Πατρὸς
343 1191 508 1246 οὐσίας
533 1192 660 1257 ἥκειν
685 1191 827 1242 αὐτὸν
854 1193 1153 1255 ὑποτοπῆσαι
1181 1189 1256 1242 διὰ
1291 1189 1345 1241 τό
1372 1188 1611 1252 ”Ανωθεν,
1642 1194 1715 1239 καὶ

126 1273 231 1340 οὐχὶ
263 1277 455 1337 μᾶλλον
485 1273 543 1343 ἐξ
574 1274 797 1340 οὐρανῶν,
830 1272 858 1338 ὴ
896 1277 971 1324 καὶ
1003 1275 1052 1324 ἐκ
1084 1276 1167 1337 τῆς
1200 1272 1398 1336 ἐνούσης
1433 1273 1558 1340 αὐτῷ
1597 1271 1717 1322 κατὰ

126 1352 319 1406 πάντων
346 1357 589 1423 ὑπεροχῆς,
618 1358 679 1410 ὡς
706 1355 782 1407 διὰ
813 1361 951 1407 τοῦτο
986 1357 1061 1406 καὶ
1096 1357 1170 1407 ἐπὶ
1203 1353 1361 1406 πάντα
1396 1357 1605 1405 νοεῖσθαι
1640 1355 1716 1404 καὶ

129 1437 386 1503 λέγεσθαι,
430 1438 543 1489 ὅταν
569 1439 726 1489 τοίνυν
752 1439 871 1502 ἡμᾶς
907 1442 1003 1491 τοῖς
1037 1438 1262 1491 τοιούτοις
1289 1439 1715 1504 κατασφενδονῶσι

127 1518 305 1585 λόγοις,
328 1520 699 1572 ἀντακούσονται
725 1522 872 1572 πάλιν
896 1521 971 1571 Οὐ
995 1524 1091 1573 τοῖς
1117 1521 1224 1586 παρ’
1256 1520 1362 1584 ὑμῖν
1387 1517 1714 1584 σαθροτάτοις,

125 1600 162 1652 ῶ
199 1601 463 1665 βέλτιστοι,
504 1608 770 1669 λογισμοῖς,
808 1602 938 1653 ἀλλὰ
976 1606 1167 1666 μᾶλλον
1201 1605 1260 1668 τῇ
1297 1601 1398 1670 θείᾳ
1436 1603 1602 1669 γραφῇ
1640 1601 1716 1650 καὶ

127 1682 286 1746 μόνοις
312 1690 407 1739 τοῖς
436 1689 571 1751 ἱεροῖς
597 1685 988 1749 ἀκολουθήσομεν
1015 1684 1311 1750 γράμμασιν.
1377 1681 1644 1748 ἐρευνητέον
1670 1682 1712 1732 δ’

125 1767 206 1818 οὖν
227 1769 274 1818 ἐν
294 1769 493 1829 ἐκείνοις,
515 1767 642 1821 ὅπως
668 1768 776 1831 ἡμῖν
798 1765 881 1831 τὴν
901 1772 984 1818 τοῦ
1001 1765 1221 1817 ”Ανωθεν
1243 1763 1472 1832 ὁρίζονται
1499 1762 1711 1828 δύναμιν.

125 1849 426 1900 ἀκουέτωσαν
451 1851 607 1900 τοίνυν
632 1847 1006 1914 ἀνακεκραγότος
1038 1848 1162 1901 τινὸς
1192 1852 1286 1898 τῶν
1311 1845 1716 1914 πνευματοφόρων

125 1937 152 1960 “
181 1934 331 1982 Πᾶσα
368 1931 500 1985 δόσις
538 1931 694 1997 ἀγαθὴ
729 1936 804 1982 καὶ
838 1936 935 1982 πᾶν
966 1931 1160 1996 δώρημα
1193 1929 1373 1981 τέλειον
1405 1928 1583 1979 ἄνωθέν
1613 1930 1716 1978 ἐστι

125 2020 152 2042 “
179 2019 465 2075 καταβαῖνον
492 2015 542 2065 ἐκ
567 2019 650 2065 τοῦ
675 2012 854 2080 πατρὸς
881 2017 975 2063 τῶν
1002 2012 1215 2081 φώτων·”
1258 2010 1357 2062 ἶδοὺ
1385 2011 1637 2078 διαῤῥήδην
1663 2009 1717 2061 τὸ

126 2093 276 2147 ἄνωθεν
302 2098 352 2147 ἐκ
385 2101 468 2148 τοῦ
505 2095 697 2163 Πατρὸς
732 2093 851 2146 εἶναί
881 2100 1050 2164 φησιν·
1095 2095 1251 2160 ἕτερον
1277 2092 1373 2159 γὰρ
1411 2093 1543 2143 οὐδὲν
1571 2094 1712 2158 ὑπερ-

129 2181 312 2229 κεῖσθαι
351 2178 604 2243 γινώσκων
641 2176 701 2229 τὰ
739 2176 913 2243 γενητὰ
951 2176 1081 2242 παρὰ
1121 2175 1208 2240 τὴν
1239 2176 1442 2243 ἄῤῥητον
1472 2180 1555 2225 τοῦ
1591 2178 1717 2225 Θεοῦ

129 2259 293 2328 φύσιν,
320 2261 438 2327 αὐτῇ
464 2260 630 2327 κυρίως
656 2263 886 2328 προσῆψε
913 2260 967 2310 τό
994 2258 1226 2310 ”Ανωθεν.
1271 2257 1331 2308 τὰ
1356 2257 1440 2323 μὲν
1467 2255 1560 2323 γὰρ
1587 2256 1718 2306 ἄλλα

127 2341 385 2404 σύμπαντα
422 2347 489 2412 τῷ
526 2345 609 2407 τῆς
647 2344 859 2395 δουλείας
898 2341 1148 2393 ὑποπίπτει
1191 2340 1327 2409 ζυγῷ,
1360 2339 1503 2404 μόνος
1538 2337 1586 2389 δὲ
1621 2338 1717 2388 ἄνω

127 2429 211 2474 τοῦ
238 2429 511 2490 κρατεῖσθαι
536 2427 666 2494 πηδᾷ
692 2427 767 2476 καὶ
791 2422 1039 2486 βασιλεύει
1066 2423 1199 2477 Θεός·
1235 2422 1342 2473 ὅθεν
1363 2424 1553 2486 ἀληθῶς
1579 2418 1717 2471 αὐτὸς

128 2509 203 2556 καὶ
240 2505 385 2557 ἐπάνω
424 2507 598 2558 πάντων
631 2508 739 2558 ἐστί.
796 2506 917 2560 Θεὸς
960 2504 1008 2556 δὲ
1047 2507 1122 2556 καὶ
1161 2507 1211 2555 ἐκ
1244 2508 1370 2555 Θεοῦ
1409 2502 1528 2553 κατὰ
1568 2501 1718 2570 φύσιν

129 2586 355 2654 ὑπάρχων
382 2589 406 2638 ὁ
433 2587 562 2651 Υἱὸς,
588 2592 671 2653 τῆς
696 2590 769 2640 ἐπὶ
796 2588 947 2657 τούτῳ
972 2586 1307 2653 λαμπρότητος
1334 2586 1416 2636 οὐκ
1443 2585 1713 2635 ἐκκείσεται.

1777 370 1814 399 In
1823 370 1865 399 fra

1789 425 1795 429 -
1832 424 1845 435 ν’
1857 423 1867 437 2

1735 1462 1756 1486 a
1789 1452 1868 1487 162
1885 1452 1938 1486 Α.

1779 1934 1810 1964 S.
1826 1934 1900 1964 Jac.

1779 1978 1861 2016 i.17.

1735 2100 1761 2139 b

60 2690 109 2726 30
127 2672 162 2720 εἶ
191 2667 238 2719 δὲ
265 2669 318 2720 τό
349 2667 567 2721 ’Άνωθεν
593 2670 749 2722 οἴεσθε
777 2673 870 2722 δεῖν
896 2669 991 2738 Ἐξ
1023 2670 1221 2735 οὐρανοῦ
1254 2667 1602 2732 λαμβάνεσθαι,
1631 2673 1712 2716 λε-
1734 2689 1755 2714 e

178 2865 207 2888 Ι.
233 2855 334 2888 τοῦτο
350 2854 457 2887 πᾶσιν
472 2852 569 2888 ἔσται
588 2853 631 2887 Β.
777 2865 809 2888 2.
834 2852 910 2899 τὸν]
931 2854 983 2887 καὶ
1001 2853 1059 2887 τὸν
1078 2851 1120 2885 B.
1260 2862 1293 2895 9.
1318 2849 1656 2894 ἀθυρογλωττοῦντες
1675 2848 1718 2883 Β.

132 2911 186 2935 12.
213 2900 332 2935 οὐσίας
349 2902 408 2933 τοῦ
427 2901 562 2944 Πατρὸς
579 2900 717 2934 inverso
736 2900 858 2934 ordine
877 2901 920 2935 Β.
1078 2910 1129 2943 13.
1156 2897 1173 2941 ἢ
1193 2909 1263 2931 om.
1289 2897 1330 2930 B.
1488 2907 1541 2937 14.
1567 2895 1718 2930 νοεῖσθαι

129 2948 181 2981 καὶ
200 2947 364 2992 λέγεσθαι
387 2947 426 2980 Ρ).
443 2949 555 2981 νοοῖτο
573 2947 626 2980 καὶ
642 2947 779 2991 λέγοιτο
798 2947 864 2981 Ed.
1045 2946 1097 2979 18.
1123 2943 1403 2987 ἀκολουθήσομεν
1423 2942 1464 2976 Β.
1485 2942 1620 2986 Migne.
1640 2942 1718 2976 ἀκο-

127 2993 340 3038 λουθήσομαι
361 2993 426 3027 Ed.
491 2992 520 3026 δ’
542 2993 582 3027 Β.
600 2993 640 3037 δὴ
660 2993 725 3028 Ed.
874 3005 926 3038 19.
954 2993 1045 3036 ἡμῶν
1066 2992 1106 3025 Β.
1251 3001 1305 3035 30.
1333 2989 1463 3023 (ι’ίεσθιιι
1484 2990 1531 3022 D.

186 3061 277 3088 VOL.
303 3062 331 3089 1.
899 3060 912 3086 1
936 3049 947 3085 i
