2084 3317
313 196 398 236 320
718 186 766 226 B.
802 178 1081 224 CYRILLI
1124 167 1503 216 ALEXANDR.
1778 168 1902 208 v.19.

272 298 690 370 (Ιάπαραλλάκτου
736 296 811 346 καὶ
863 286 1139 354 ὁμοιοτάτης
1190 281 1431 346 ἐνεργείας,
1476 277 1559 338 τῆς
1609 275 1670 323 εἰς
1722 263 1913 318 ἅπαντά

319 393 455 457 φημι,
483 383 536 435 τὸ
573 381 681 432 ἴσον
707 377 827 444 ε”χων
863 374 911 424 ἐν
946 368 1137 431 δυνάμει
1177 364 1410 432 φαίνεται,
1441 355 1615 424 διδάξει
1654 353 1826 417 σαφῶς
1863 347 1911 396 ἐν

319 474 415 521 τοῖς
454 464 624 534 ἐφεξῆς
663 463 893 522 ἐπιλεγων
932 449 1069 504 αὐτὸς
1109 450 1171 501 ὡς
1209 446 1313 510 περὶ
1354 447 1436 492 τοῦ
1476 439 1591 489 ἰδίου
1633 430 1821 497 Πατρός
1851 426 1910 478 “A

319 551 410 620 γὰρ
438 548 489 600 ἂν
515 548 667 598 ἐκεῖνος
695 547 792 612 ποιῇ
825 538 970 588 ταῦτα
995 538 1146 600 φησιν
1173 534 1250 579 καὶ
1280 532 1297 577 o‘
1325 525 1423 577 ’Υἱὸς
1452 522 1606 589 ὁμοίως
1634 517 1764 566 ποιεῖ.
1815 513 1915 562 πῶς

323 633 404 683 οῦν
440 627 652 681 ἐλάττων
691 623 836 682 ἐστὶν,
875 619 900 669 ὁ
941 620 1041 668 ταῖς
1083 609 1355 678 ἰσοῤῥόποις
1395 627 1462 673 τῳ
1500 605 1609 668 Θεῳ
1648 599 1722 648 καὶ
1763 594 1960 657 Πατρὶ5

325 708 584 779 διαπρεπὴς
621 703 899 772 ἐνεργείαις;
944 696 1035 763 ἆρα
1075 692 1168 761 γὰρ
1202 687 1442 756 ἐνεργήσει
1481 682 1541 735 τὰ
1577 678 1725 746 πυρὸς
1764 675 1920 739 ἕτερόν

326 819 371 848 τι
408 791 540 860 παρὰ
577 788 632 841 τὸ
670 793 779 853 πῦρ,
807 784 1020 843 οὐδεμιᾶς
1060 774 1180 827 κατὰ
1217 771 1302 836 τὴν
1337 769 1569 834 ἐνέργειαν
1604 756 1922 825 θεωρουμένης

328 875 632 947 ἐξαλλαγῆςς
693 869 767 919 καὶ
811 869 912 917 πῶς
963 861 1020 912 ἂν
1066 857 1246 925 γε’νοιτο
1298 849 1436 903 τοῦτό
1487 866 1632 905 ποτε;
1691 846 1792 894 πῶς
1843 838 1924 889 οῦν

291 960 489 1028 εὸμοίως
539 951 790 1021 ἐργάσεται
847 945 906 997 τὰ
960 947 1043 994 τοῦ
1096 934 1287 1004 Πατρός
1342 940 1359 986 ὁ
1411 932 1523 993 Υἱὸς,
1575 932 1612 978 εἰ
1663 924 1738 977 διὰ
1789 927 1926 974 τοῦτο

332 1040 533 1092 ἐ’λαττον
577 1036 697 1103 ἔχειν
742 1034 824 1095 τῆς
874 1028 982 1091 ’ίσης
1029 1027 1090 1077 ὡς
1139 1019 1257 1088 πρὸς
1308 1016 1449 1068 αὐτὸν
1497 1009 1662 1078 ἰσχύος
1714 1008 1921 1067 ἀπολιμ-
1952 1022 1999 1045 10

333 1122 560 1180 πάνεται;

414 1208 509 1258 Καὶ
553 1205 703 1254 ταῦτα
747 1196 831 1262 μὲν
875 1194 1002 1258 ἡμῖν,
1050 1192 1111 1242 ὡς
1156 1188 1205 1236 ἐκ
1250 1188 1333 1235 τοῦ
1371 1177 1676 1246 προκειμένου
1717 1169 1835 1237 πρὸς
1878 1167 1932 1218 τὸ

338 1288 490 1356 παρὸν
515 1284 704 1352 ἐλήφθη
739 1282 894 1348 ῥητοῦ·
935 1274 1104 1335 ἴδωμεν
1137 1268 1185 1319 δὲ
1220 1265 1367 1318 πάλιν
1401 1264 1474 1312 καὶ
1511 1259 1563 1310 δι’
1595 1257 1762 1322 ἑτέρων
1790 1251 1934 1302 ἰόντες

341 1368 670 1438 θεωρημάτων,
714 1367 750 1414 εἰ
802 1355 1062 1424 ἐπιδέχεταί
1102 1374 1184 1403 ποι
1227 1348 1281 1399 τὸ
1332 1348 1380 1397 ἐν
1426 1342 1650 1407 δευτέροις
1697 1334 1812 1388 εἶναι
1854 1336 1936 1383 τοῦ

343 1451 535 1518 Πατρός
580 1450 607 1514 ἡ
648 1451 731 1499 τοῦ
771 1446 890 1495 Υἰοῦ
937 1437 1097 1507 φύσις·
1138 1430 1407 1499 προκείσθω
1454 1424 1501 1476 δὲ
1546 1423 1715 1485 ὁμοίιος
1761 1417 1871 1481 ἡμῖν
1915 1414 2010 1470 ὀι5

343 1538 450 1602 περὶ
481 1530 717 1596 δυνάμεως
751 1524 908 1591 λόγος.
959 1519 1090 1586 ςΑρα
1122 1514 1246 1567 Θεὸν
1281 1513 1330 1562 ἐκ
1363 1513 1488 1561 Θεοῦ
1527 1502 1646 1556 κατὰ
1683 1500 1832 1570 φύσιν
1866 1497 1941 1547 καὶ

346 1615 586 1683 ἀληθινὸν,
613 1615 688 1664 καὶ
723 1612 772 1661 ἐκ
807 1610 891 1671 τῆς
923 1601 1087 1655 οὐσίας
1122 1597 1268 1649 ὅντως
1294 1598 1376 1645 τοῦ
1407 1588 1597 1654 Πατρός
1624 1585 1944 1647 ὁμολογοῦσιν

349 1700 574 1768 ὑπάρχειν
616 1694 699 1747 τὸν
743 1689 881 1752 Υἰὸν,
929 1685 958 1751 ἢ
1007 1681 1132 1735 Θεὸν
1177 1678 1261 1744 μὲν
1309 1673 1425 1726 εἶναί
1469 1677 1606 1739 φασι,
1653 1666 1707 1717 τὸ
1760 1663 1808 1714 δὲ
1855 1661 1946 1729 ἔξω

353 1786 537 1836 κεῖσθαι
573 1781 655 1842 τῆς
694 1772 858 1827 οὐσίας
896 1773 979 1820 τοῦ
1017 1762 1223 1830 Πατρός,
1251 1760 1600 1816 δυσσεβοῦντες
1634 1746 1942 1815 προσάπτου-

355 1889 452 1918 σιν.
525 1865 563 1913 εἰ
601 1859 684 1925 μὲν
723 1857 805 1908 οῦν
845 1853 927 1904 οὐκ
966 1851 1016 1900 ἐκ
1055 1849 1136 1910 τῆς
1177 1842 1339 1894 οὐσίας
1379 1843 1461 1889 τοῦ
1489 1832 1680 1899 Πατρός
1718 1827 1832 1881 εἶναι
1865 1825 1944 1876 λε’·
1973 1844 2022 1869 20

137 1976 212 2013 217
234 1973 282 2008 A.
319 1969 527 2017 ayovow
579 1941 734 2002 αὐτὸν,
791 1938 892 1988 οὔτε
943 1930 1065 1984 Θεὸς
1111 1927 1245 1978 ἔσται
1297 1919 1417 1973 κατὰ
1468 1916 1630 1985 φύσιν,
1685 1913 1787 1963 οὕτε
1838 1907 1953 1960 Υἱὸς

360 2025 597 2094 ἀληθινός.
649 2022 703 2074 τὸ
742 2019 835 2087 γὰρ
878 2015 942 2081 μὴ
983 2016 1030 2064 ἐκ
1067 2015 1191 2061 Θεοῦ
1236 2003 1354 2056 κατὰ
1395 2000 1543 2068 φύσιν
1583 1993 1814 2062 ὑπάρχον,
1851 1987 1952 2040 οὐδ’

361 2113 420 2164 ἂν
456 2111 579 2162 ὅλως
620 2108 771 2157 νοοῖτο
810 2097 930 2151 κατὰ
966 2094 1114 2164 φύσιν
1143 2088 1277 2151 Θεὸς,
1305 2085 1414 2137 ἀλλ’
1445 2079 1548 2133 οὐδὲ
1574 2076 1688 2130 Υἱὸς
1731 2079 1769 2126 εἰ
1807 2071 1873 2136 μὴ
1907 2072 1956 2121 ἐκ

363 2198 446 2259 τῆς
483 2190 646 2244 οὐσίας
684 2185 887 2252 γεννηθῇ
929 2183 1010 2229 τοῦ
1045 2170 1250 2239 Πατρός,
1279 2168 1416 2220 νόθον
1453 2164 1500 2214 δὲ
1539 2162 1649 2226 ἡμῖν
1683 2159 1759 2209 καὶ
1796 2153 1952 2221 πρόσ-

367 2274 521 2346 φατόν
546 2294 650 2324 τινα
675 2262 1025 2334 παρεισάγουσι
1053 2255 1173 2308 θεόν.
1230 2256 1267 2303 εἰ
1303 2249 1351 2301 δὲ
1388 2252 1528 2299 τοῦτο
1564 2244 1647 2308 μὲν
1674 2241 1756 2291 οὐκ
1787 2239 1960 2304 ἐροῦσι,
1983 2250 2030 2286 25

368 2359 454 2424 τὴν
516 2358 564 2407 ἐν
627 2356 724 2404 τοῖς
789 2345 968 2398 οἰκείοις
1031 2340 1271 2403 δόγμασιν
1322 2330 1523 2382 ἀτοπίαν
1586 2321 1962 2391 ἐρυθριάσαντες,

370 2441 584 2494 δώσουσι
629 2433 676 2486 δὲ
722 2432 911 2494 ἀληθῶς
955 2427 1004 2475 ἐκ
1050 2418 1242 2485 Πατρός
1288 2413 1513 2480 ὑπάρχειν
1557 2408 1640 2459 τὸν
1689 2403 1961 2467 Μονογενῆ,

373 2525 449 2575 καὶ
474 2519 588 2572 εἶναι
616 2515 740 2568 Θεὸν
767 2509 887 2564 κατὰ
918 2507 1067 2578 φύσιν
1094 2504 1168 2554 καὶ
1204 2500 1454 2562 ἀληθινῶς·
1497 2495 1598 2545 πῶς
1633 2490 1681 2540 ἐν
1713 2484 1966 2538 ἐλάττοσιν

330 2623 357 2664 b
376 2605 510 2657 ἔσται
535 2607 617 2653 τοῦ
644 2593 850 2662 Πατρός,
875 2590 903 2656 ἢ
930 2592 1030 2641 πῶς
1064 2582 1284 2647 ἀτονήσει
1321 2578 1429 2644 περί
1458 2598 1518 2638 τι,
1544 2575 1619 2625 καὶ
1651 2571 1753 2636 οὐχὶ
1778 2570 1862 2631 τῆς
1884 2568 1967 2617 τοῦ

428 2783 460 2806 2.
486 2770 520 2804 ἐν
538 2764 651 2813 prius]
675 2768 712 2805 -1-
730 2764 768 2807 τῇ
789 2759 856 2795 Ed.
875 2756 985 2792 invito
1004 2753 1046 2787 B.
1121 2761 1153 2794 3.
1181 2749 1224 2783 ὡς
1243 2758 1312 2780 om.
1334 2745 1375 2778 Β.
1438 2755 1471 2785 4.
1498 2742 1607 2786 φησιν
1625 2739 1845 2778 assumptum
1865 2744 1906 2765 ex
1927 2730 1967 2764 B.

380 2829 413 2865 5.
439 2818 589 2852 ἐλάττων
606 2809 717 2856 ἐστὶν]
737 2809 837 2843 αὐτὸν
854 2805 997 2839 ἔλαττον
1014 2797 1096 2833 εἶναι
1117 2797 1156 2830 Β.
1175 2795 1285 2829 invito
1305 2791 1412 2826 Cord.
1580 2785 1613 2819 6.
1639 2783 1704 2828 ἶιριι
1724 2781 1805 2827 [ἄρα
1826 2777 1885 2823 B.]
1904 2777 1970 2822 γὰρ

381 2863 555 2910 ἐνεργήσει
576 2861 616 2895 B.
637 2857 742 2893 Cord.
761 2851 936 2899 ἐνεργήσει
953 2849 1018 2894 γὰρ
1037 2846 1101 2890 ι’ίρα
1116 2843 1184 2877 Ed.
1404 2848 1435 2881 7.
1462 2834 1544 2869 κατὰ
1562 2833 1622 2876 τὴν
1636 2831 1676 2864 Β.
1689 2827 1796 2864 Cord.
1819 2824 1887 2859 κατ’
1904 2823 1971 2857 Ed.

381 2914 414 2948 8.
441 2913 541 2946 τοῦτο
558 2907 689 2953 γένοιτο
707 2905 845 2937 inverso
862 2897 983 2932 ordine
1002 2891 1108 2928 Cord.
1304 2886 1356 2920 18.
1383 2885 1448 2927 ἕξω
1467 2880 1600 2916 κεῖσθαι
1619 2878 1665 2911 D.
1685 2872 1885 2920 ἐξῳκεῖσθαι
1904 2869 1971 2904 Ed.

384 2970 438 2993 21.
464 2958 552 3002 αὐτῷ
576 2954 618 2988 Β.
683 2951 761 2984 Υἱὸς
781 2948 822 2982 Β.
841 2945 925 2980 Θεὸς
944 2941 1010 2976 Ed.
1030 2940 1159 2980 Georg.
1178 2935 1282 2978 Ἔπη).
1397 2942 1452 2964 22.
1479 2925 1720 2969 τὸ-ὑπάρχον
1737 2921 1777 2955 Β.
1798 2917 1971 2961 ὁ--ὑπάρ-

383 3020 452 3051 χων
468 3003 532 3038 Ed,
631 3010 686 3044 23.
713 2994 789 3031 ἀλλ’
809 2996 1033 3035 assumptum
1051 2998 1090 3020 ex
1114 2984 1153 3018 B.
1253 2993 1307 3023 24.
1332 2977 1475 3024 γεννηθῇ
1497 2975 1537 3009 Β.
1556 2969 1715 3018 ἐγεννήθη
1736 2966 1801 3001 Ed.
