2021 3296
302 161 329 200 6
682 162 732 203 B.
766 161 1043 203 CYRILLI
1084 162 1464 204 ALEXANDR.

302 274 330 297 ‘⁶
355 290 473 335 τριοι
507 270 861 339 καταφάγονται
895 271 1056 322 affici-'⁹
1105 275 1146 323 οἱ
1178 271 1272 339 γὰρ
1305 275 1387 335 τῆς
1421 270 1539 338 πρὸς
1566 269 1690 322 Θεὸν
1717 271 1879 339 φιλίας

256 348 488 404 ᾶὲαυτοὺς
526 352 810 418 ἀλλοτριοῦν
843 352 1201 419 σπουδάζοντες,
1237 352 1321 404 τὸν
1358 353 1549 420 γραώδη
1587 355 1662 404 καὶ
1700 355 1878 416 ἀσθενῆ

300 433 383 493 τῆς
408 431 590 482 ἐκείνων
615 434 815 496 ἀμαθίας
841 433 1261 498 καταθοινήσονται
1287 433 1452 499 λόγον.

356 508 515 578 ”Οπερ
541 514 623 564 οὖν
649 514 827 582 ἔφημεν
847 516 895 565 ἐν
915 517 1051 582 ἀρχῇ·
1080 518 1247 582 χρῆναι
1272 515 1365 581 γὰρ
1392 513 1518 578 οἶμαι
1542 517 1878 580 παλινδρομεῖν

298 592 368 642 ἐπ’
414 594 575 644 ἐκεῖνο·
636 596 992 662 δυσχερεστάτη
1044 597 1154 647 λίαν
1198 597 1330 647 ἐστὶν
1373 597 1401 660 ἡ
1451 598 1557 662 περὶ
1606 599 1701 646 τῶν
1745 596 1917 652 θείων5

298 674 573 741 μυστηρίων
612 676 850 744 ἐξήγησις,
892 680 967 728 καὶ
1016 677 1140 745 τάχα
1184 678 1404 743 κρείττων
1448 677 1476 740 ἡ
1521 676 1696 740 σιωπή·
1764 678 1874 726 ἀλλ’

298 755 484 821 ἐπείπερ
538 757 659 820 ἡμᾶς
713 757 865 812 πολὺς
921 759 1156 809 ἀναπείθει
1215 757 1375 823 λόγος,
1426 755 1462 808 ὦ
1519 757 1877 826 φιλοπονώτατε

73 837 210 920 {eff-15·
298 835 492 904 ἀδελφέ,
525 836 735 904 καθάπερ
772 838 875 889 τινὰ
912 839 1106 906 χειλέων
1141 838 1320 905 καρπὸν
1353 843 1428 890 καὶ
1462 838 1632 890 θυσίαν
1663 860 1874 900 πνευμα-

296 916 428 980 τικὴν
454 919 688 969 ἀναθεῖναι
713 919 767 970 τὸ
793 918 1103 986 σύγγραμμα,
1130 922 1204 971 καὶ
1231 926 1368 971 τοῦτο
1392 925 1540 971 ποιεῖν
1565 920 1648 970 οὐκ
1673 918 1876 983 ὀκνήσω,

255 1025 276 1051 e
295 1001 361 1065 τῷ
399 1005 632 1068 σοφοῦντι
667 999 775 1054 τοὺς
807 1000 1018 1069 τυφλοὺς
1052 1000 1379 1067 ε’πιθαρσήσας
1406 1005 1526 1070 Θεῷ,
1553 1002 1629 1051 καὶ
1668 999 1876 1065 ζητοῦντι
1898 1024 1945 1049 10

294 1078 378 1141 μὲν
407 1081 517 1146 παρ’
548 1081 694 1144 ἡμῶν,
724 1082 777 1132 οὐ
814 1081 1003 1136 πάντως
1040 1080 1094 1133 τὸ
1134 1081 1249 1148 ὑπὲρ
1288 1082 1421 1146 ἡμᾶς,
1453 1082 1686 1151 δεχομένῳ
1727 1080 1776 1132 δὲ
1814 1083 1876 1135 ὡς

292 1161 441 1211 ἐκεῖνα
475 1164 550 1212 καὶ
584 1161 667 1216 τὰς
702 1164 751 1213 ἐκ
785 1168 878 1214 τῶν
909 1161 1247 1230 πτωχευόντων
1280 1163 1616 1229 προσαγωγοῖς.
1665 1162 1748 1213 τὸν
1783 1162 1876 1229 γὰρ

293 1240 350 1305 δὴ
376 1241 707 1308 προσκομίζειν
732 1242 957 1295 ἐθέλοντα
982 1246 1133 1310 δῶρον
1159 1247 1220 1297 εἷς
1251 1244 1563 1307 ὀλοκαύτωμα
1595 1248 1662 1313 τῷ
1690 1244 1870 1312 Κυρίῳ,

70 1342 229 1383 Lev.i.3.
293 1323 504 1390 καθάπερ
542 1325 624 1375 οὖν
660 1327 708 1375 ἐν
744 1326 866 1392 ἀρχῇ
907 1330 1050 1376 κεῖται
1087 1331 1169 1376 τοῦ
1203 1329 1460 1388 Λευιτικοῦ,
1490 1329 1735 1387 βουθυτεῖν
1767 1326 1870 1375 ἐπι-

292 1403 440 1471 τάξας
467 1407 492 1456 ὃ
519 1406 784 1470 νομοθέτης,
811 1408 887 1456 καὶ
921 1405 977 1469 δὴ
1013 1408 1088 1456 καὶ
1124 1407 1172 1456 ἐν
1197 1406 1346 1476 τούτῳ
1381 1410 1463 1470 τῆς
1499 1409 1547 1457 ἐν
1573 1405 1704 1476 τύπῳ
1739 1409 1874 1470 τιμῆς
1896 1430 1941 1468 15

69 1499 120 1529 Ib.
137 1508 185 1530 10.
293 1486 458 1552 ὁρίσας
507 1485 561 1537 τὸ
611 1487 794 1553 με’τρον,
847 1487 1119 1554 ὑποβιβάζει
1167 1487 1315 1538 πάλιν
1365 1487 1491 1550 αὐτὸ,
1537 1492 1874 1557 μηλοσφαγεῖν

291 1570 459 1635 χρῆναι
503 1568 658 1634 λέγων
696 1568 804 1622 τοὺς
847 1569 979 1635 οἵπερ
1018 1567 1076 1619 ἂν
1112 1566 1197 1619 εἶεν
1236 1569 1323 1636 οὐχ
1363 1571 1508 1620 ἱκανοὶ
1546 1568 1666 1636 πρὸς
1707 1571 1867 1620 ἐκεῖνο·

70 1669 163 1703 5Α.
252 1650 403 1703 adm(
442 1648 542 1717 ᾔδει
579 1648 636 1714 δὴ
674 1648 875 1713 πάντως,
907 1649 979 1700 ὅτι
1016 1652 1091 1701 καὶ
1129 1649 1247 1716 πρὸς
1285 1655 1423 1701 τοῦτο
1462 1650 1605 1718 τυχὸν
1643 1651 1878 1715 ἀτονῆσαί

290 1753 418 1784 τινας
443 1731 471 1795 ἡ
497 1729 680 1797 στυγνὴ
706 1732 781 1781 καὶ
807 1730 1114 1795 ἀνουθέτητος
1139 1732 1382 1782 ἀναπείσει
1405 1732 1555 1783 πενία·
1602 1731 1679 1783 διά
1712 1755 1767 1798 γε
1801 1755 1872 1783 τοι

66 1826 117 1858 Ib.
134 1836 183 1868 14.
289 1817 428 1862 τοῦτο
456 1819 482 1841 “
498 1814 573 1862 καὶ
598 1813 863 1879 προσοίσει,
890 1814 1056 1880 φησὶν,
1084 1811 1177 1864 ἀπὸ
1203 1818 1298 1864 τῶν
1323 1812 1563 1880 τρυγόνων
1588 1812 1617 1878 ἢ
1652 1813 1745 1865 ἀπὸ
1777 1819 1871 1865 τῶν
1892 1839 1941 1863 20

290 1901 317 1923 ‘⁶
342 1898 631 1960 περιστερῶν
657 1892 711 1946 τὸ
738 1896 889 1960 δῶρον
915 1895 1096 1945 αὑτοῦ·”
1144 1893 1227 1945 τὸν
1254 1894 1301 1945 δὲ
1329 1897 1404 1945 καὶ
1429 1894 1607 1946 τούτων
1633 1895 1698 1946 ἔτι
1723 1918 1866 1946 κατα-

287 1974 543 2041 δεέστερον,
594 1977 669 2026 καὶ
718 1974 839 2040 μετὰ
887 1980 982 2026 τῶν
1031 1975 1380 2027 εὐτελεστάτων
1427 1975 1688 2043 προσιόντα
1738 1981 1865 2046 τιμᾷ.

63 2072 209 2104 Ih.ii.1.
287 2063 315 2085 ‘⁶
341 2057 594 2119 Σεμίδαλις
619 2056 725 2123 γὰρ,
754 2059 919 2124 φησὶν,
946 2057 1082 2108 ε”σται
1116 2056 1170 2108 τὸ
1202 2059 1353 2123 δῶρον
1379 2058 1560 2120 αὑτοῦ,”
1589 2057 1869 2125 εὐπόριστον

285 2135 417 2200 οἶμαί
449 2161 542 2189 που
581 2140 739 2200 παντὶ,
777 2140 852 2189 καὶ
893 2139 1128 2205 πτωχείαν
1165 2137 1251 2202 τὴν
1289 2143 1351 2193 εἰς
1395 2138 1538 2205 ὄίκρον
1576 2140 1629 2190 οὐ
1673 2138 1868 2208 σφόδρα

283 2225 577 2271 πλεονεκτεῖν
639 2220 802 2286 ὁρίζων
858 2218 1091 2285 ἀνάθημα.
1161 2225 1370 2286 κρεῖττον
1420 2219 1514 2286 γὰρ
1576 2220 1726 2286 δήπου
1790 2223 1864 2273 καὶ
1889 2246 1936 2284 25

284 2300 471 2364 ἄμεινον
505 2303 530 2352 ὁ
566 2300 818 2365 νομοθέτης
851 2301 1142 2370 ἐξηπίστατο
1180 2300 1234 2353 τὸ
1269 2301 1356 2352 κᾶν
1388 2303 1437 2352 ἐν
1468 2302 1649 2368 ὀλίγοις
1682 2326 1861 2369 καρπο-

237 2393 264 2434 b
285 2386 448 2450 φορεῖν
473 2388 555 2434 τοῦ
581 2385 963 2449 ἀπεστειρῶσθαι
987 2388 1243 2446 παντελῶς,
1271 2386 1393 2434 αἰδοῖ
1421 2406 1471 2434 τε
1505 2390 1587 2435 τοῦ
1619 2383 1683 2448 μὴ
1716 2388 1866 2436 δοκεῖν

283 2466 366 2527 τῆς
391 2463 559 2530 ἑτέρων
584 2465 819 2528 ἡττᾶσθαι
843 2464 1011 2532 χειρὸς,
1038 2468 1100 2518 εἷς
1125 2463 1208 2515 τὸν
1233 2466 1308 2515 ἐπὶ
1334 2469 1400 2533 τῷ
1424 2463 1490 2528 μὴ
1523 2468 1690 2532 χρῆναι
1724 2471 1865 2530 τιμᾶν

283 2544 364 2596 τὸν
391 2544 612 2597 ἁπάντων
638 2545 895 2610 Δεσπότην
921 2545 1295 2597 συνελαύνεσθαι
1323 2546 1577 2612 λογισμόν.

332 2684 362 2707 1.
388 2674 471 2707 αὐτά
488 2680 709 2719 assumptum
727 2686 768 2708 ex
788 2674 830 2708 B.
851 2673 951 2720 [αὐτά
969 2685 1025 2716 40.
1044 2673 1119 2721 42·]
1370 2686 1401 2709 2.
1428 2675 1555 2720 ἐραώδη
1576 2675 1640 2709 Ed.
1661 2676 1719 2721 qui
1737 2676 1772 2710 in
1791 2688 1863 2721 mg.

283 2721 442 2754 correxit.
612 2734 645 2763 4.
671 2722 736 2766 γὰρ
755 2727 977 2766 assumptum
997 2733 1037 2754 ex
1057 2721 1099 2755 Β.
1117 2721 1267 2755 lacuna
1260 2733 1295 2755 1n
1315 2721 1360 2756 D.
1530 2722 1562 2756 6.
1592 2722 1688 2756 Haec
1706 2724 1759 2756 καὶ
1776 2725 1864 2767 τάχα

283 2765 441 2809 κρείττων
457 2766 475 2809 ἡ
495 2766 604 2810 σιωπή
623 2774 842 2801 accesserunt
859 2778 901 2801 ex
922 2767 962 2801 B.
980 2768 1129 2801 lacuna
1122 2779 1157 2801 ln
1178 2769 1223 2801 D.
1331 2778 1362 2809 7.
1388 2768 1495 2804 πολυς
1512 2769 1680 2802 ἀναπείθει
1697 2771 1801 2814 λόγος
1820 2769 1861 2804 Β.

281 2813 426 2846 πολλοῖς
442 2812 630 2848 ἀναπείθεις
645 2815 764 2859 λόγοις
782 2813 848 2847 Ed.
1007 2825 1060 2847 ΙΙ.
1085 2815 1124 2847 τὸ
1144 2814 1185 2848 Β.
1204 2814 1245 2847 τὰ
1264 2814 1309 2848 D.
1329 2790 1357 2848 δ’
1376 2814 1443 2848 Ed.
1601 2826 1653 2860 13.
1672 2815 1729 2860 δη]
1749 2815 1800 2848 δεῖ
1818 2815 1860 2848 Β.

282 2857 457 2891 Neutrum
475 2858 579 2893 habet
597 2860 899 2904 Migne.1.5
925 2859 977 2894 δεῖ
994 2859 1036 2894 Β.
1153 2861 1205 2895 18.
1231 2862 1331 2895 τοῦτο
1351 2860 1392 2894 Β.
1411 2862 1448 2895 τὸ
1467 2860 1534 2896 Ed.
1647 2872 1702 2895 22.
1729 2861 1860 2895 εὐτελεν

282 2904 416 2937 στάτων
434 2904 475 2938 Β.
493 2905 776 2950 εὐτελεστέρων”
757 2920 806 2940 ετι
824 2905 891 2940 Ed.
988 2917 1043 2951 23.
1061 2907 1217 2951 φησιν,”
1199 2921 1296 2941 εσται
1313 2906 1379 2940 hoc
1397 2907 1518 2941 ordine
1535 2907 1579 2942 B.
1676 2917 1731 2952 25.
1755 2908 1860 2941 πλεο-

281 2951 406 2984 νεκτεῖν
421 2950 461 2984 Β.
480 2953 703 2987 πλεονεκτοῦν
716 2952 783 2988 Ed.
827 2952 954 2987 Statim
971 2953 1083 2998 ὁρίζον
1095 2953 1136 2988 Β.
1196 2954 1250 2988 28.
1269 2952 1333 3000 τῷ]
1350 2954 1387 2987 τὸ
1404 2953 1445 2988 Β.
1505 2965 1561 2999 29.
1579 2955 1638 2989 τὸν
1651 2954 1697 2989 D.
1715 2957 1781 2988 τῶν
1792 2952 1859 2989 Ed.
