2021 3296
38 1013 87 1038 10

106 140 132 181 i.
150 153 189 191 4.
356 141 428 182 IN
471 141 513 181 S.
548 140 884 181 JOANNEM.
948 140 1073 181 LIB.
1107 141 1140 180 I.
1205 140 1339 181 CAP.
1367 140 1446 180 VI.
1637 141 1689 179 79

106 247 235 313 παρὰ
269 247 354 312 τὴν
380 250 549 311 κτίσιν,
577 252 722 311 δῆλον
754 248 801 299 δὲ
837 248 907 299 ὅτι
944 248 1063 299 κατὰ
1099 248 1184 312 τὴν
1212 250 1380 316 φύσιν,
1411 246 1439 310 ἢ
1478 244 1690 315 ὁμοφυὴς

105 331 267 396 ταύτῃ.
322 334 359 380 εἶ
394 330 478 394 μὲν
508 332 588 382 οὖν
620 329 834 397 ὁμοφυής
874 353 920 380 τε
960 331 1063 380 ἐστὶ
1099 332 1173 380 καὶ
1210 329 1476 392 ὁμοούσιος,
1502 333 1602 381 πῶς
1637 329 1692 378 οὐ

106 412 415 479 διαψεύσεται
450 413 606 478 λέγων
632 420 659 441 “
679 412 808 478 Ἐγώ
847 415 938 475 εἰμι
979 413 1003 461 ὁ
1044 412 1183 477 ἄρτος
1221 414 1303 474 τῆς
1339 411 1453 477 ζωῆς
1490 412 1514 460 ὁ
1550 432 1690 460 κατα-

106 501 132 522 “
157 495 335 553 βαίνων
359 495 410 544 ἐκ
436 500 518 545 τοῦ
545 496 761 560 οὐρανοῦ,
793 496 867 545 καὶ
894 493 1014 560 ζωὴν
1041 492 1194 547 διδοὺς
1227 496 1294 561 τῷ
1332 490 1498 561 κόσμῳ
1517 492 1559 554 ;’'
1600 490 1692 558 ἔχει
1709 515 1729 538 c

63 595 84 632 5
105 574 198 642 γὰρ
236 574 264 639 ἡ
303 577 454 630 κτίσις
493 576 672 628 οἴκοθεν
705 575 760 627 τὸ
798 574 912 626 εἶναι
948 575 1054 641 ζωὴ,
1087 574 1178 641 ζωὴ
1213 574 1261 625 δὲ
1297 573 1413 640 ζωῆς
1449 573 1692 639 ἀμέτοχος,

103 657 180 708 ἵνα
218 657 439 726 φαίνηται
477 658 584 725 ζωή.
650 662 685 708 εὶ
725 656 773 707 δὲ
812 658 895 707 οὐκ
933 656 1064 707 ε”στιν
1103 655 1330 724 ὁμοφυὴς,
1373 658 1448 705 καὶ
1486 653 1540 705 τὸ
1580 652 1693 704 εἶναι

104 738 298 804 γενητὸς
325 739 637 809 διαφεύξεται,
664 737 965 808 συνεξέλκων
991 740 1140 807 ἑαυτῷ
1176 740 1258 801 τῆς
1297 737 1492 790 κτίσεως
1527 738 1603 787 καὶ
1639 735 1693 786 τὸ

104 822 220 872 ’ίδιον
245 820 441 886 ἀγαθόν.
497 823 551 872 οὐ
576 821 669 888 γὰρ
696 821 723 885 ἡ
751 822 905 874 κτίσις
938 820 1073 871 ε”σται
1110 818 1229 870 κατὰ
1267 818 1417 887 φύσιν
1444 817 1548 885 ζωὴ,
1577 817 1694 884 ζωῆς

105 902 153 954 δὲ
177 906 368 967 μᾶλλον
394 903 585 967 δεομένη
612 905 688 954 καὶ
713 904 924 970 μέτοχος.

1752 413 1842 442 Infra
1855 414 1896 443 vi.

1753 457 1803 494 48,
1822 464 1872 494 33-

179 1004 311 1034 ΑΛΛο.
351 988 410 1036 Εἰ
440 984 531 1051 ζωὴ
560 984 680 1035 κατὰ
707 984 856 1052 φύσιν
884 983 1109 1050 ὑπάρχων
1137 985 1162 1033 ὁ
1189 982 1318 1045 Υἱὸς,
1348 980 1562 1050 ὀμοφυής
1589 982 1693 1032 ἐστι
1710 1006 1732 1030 a
1789 997 1843 1032 53
1865 998 1915 1032 A.

104 1070 200 1121 τοῖς
243 1067 582 1131 πεποιημένοις,
622 1066 698 1117 διὰ
737 1065 792 1117 τὸ
830 1065 895 1130 μὴ
935 1065 1161 1133 ὑπάρχειν
1199 1067 1248 1116 ἐκ
1286 1067 1370 1128 τῆς
1408 1065 1573 1117 οὐσίας
1611 1069 1695 1114 τοῦ

104 1152 230 1200 Θεοῦ
269 1150 345 1199 καὶ
372 1146 578 1216 Πατρὸς,
605 1148 725 1199 κατά
759 1171 813 1214 γε
848 1147 931 1199 τὸν
957 1148 1067 1214 παρ’
1096 1147 1282 1200 ἐκείνοις
1308 1146 1472 1212 λόγον,
1501 1144 1610 1196 ὅτου
1638 1144 1694 1209 δὴ

103 1229 242 1298 χάριν
268 1231 294 1280 ὁ
319 1230 545 1297 μακάριος
569 1229 852 1300 ψαλμῳδὸς,
880 1228 1102 1296 οὐρανοὺς
1128 1229 1213 1293 μὲν
1240 1229 1531 1280 ἀπολεῖσθαί
1552 1231 1692 1295 φησι,

105 1314 180 1363 καὶ
218 1314 280 1367 ὡς
319 1312 501 1376 ἱμάτιον
538 1312 982 1377 παλαιωθήσεσθαι·
1038 1312 1155 1363 ’ίδιον
1194 1310 1242 1362 δὲ
1289 1310 1454 1376 ὥσπερ
1498 1310 1694 1361 ἀνετίθει

39 1416 85 1454 15
105 1394 246 1461 γερας
279 1395 406 1464 αὐτῷ
432 1401 458 1425 “
482 1394 550 1446 Σὺ
586 1393 635 1445 δὲ
672 1396 698 1446 ὁ
733 1394 871 1448 αὐτὸς
907 1393 958 1457 εἷ,
985 1398 1128 1456 βοῶν,
1154 1395 1231 1444 καὶ
1268 1391 1329 1443 τὰ
1365 1391 1444 1456 ἔτη
1483 1414 1574 1442 σου
1612 1392 1696 1442 οὐκ

106 1483 134 1506 “
159 1477 513 1545 ἐκλείψουσιν.”
563 1476 592 1542 ἢ
622 1476 716 1542 γὰρ
749 1478 994 1528 ἀπολεῖται
1028 1478 1103 1527 καὶ
1139 1475 1346 1543 ἐκλείψει
1381 1472 1473 1524 σὺν
1500 1474 1608 1538 ἡμῖν
1634 1475 1696 1527 ὡς

105 1557 333 1626 ὁμοφυὴς,
373 1560 450 1610 καὶ
495 1558 646 1609 οὐκέτι
690 1557 975 1623 νοηθήσεται
1020 1556 1124 1623 ζωὴ,
1167 1555 1195 1622 ἢ
1246 1558 1321 1607 καὶ
1363 1556 1484 1620 ἡμᾶς
1532 1559 1593 1609 εἷς
1640 1554 1694 1606 τὸ

105 1639 333 1693 ὠσαύτως
368 1639 489 1707 ἔχειν
516 1641 585 1690 ἀεὶ
622 1640 697 1690 καὶ
731 1644 793 1693 εὶς
828 1639 1134 1691 ἀνέκλειπτον
1160 1639 1276 1689 ἐτῶν
1302 1635 1502 1704 ἀριθμὸν
1528 1639 1603 1687 καὶ
1634 1640 1697 1690 εἷς

105 1722 160 1772 τὸ
199 1719 313 1772 εἶναι
351 1720 471 1788 ζωὴν
509 1721 759 1773 ἀνελκύσει
797 1722 826 1786 ἡ
864 1721 984 1788 πρὸς
1029 1719 1172 1772 αὐτὸν
1209 1718 1447 1788 συνάφεια
1493 1718 1691 1788 φυσική.
1714 1729 1741 1770 b

39 1831 88 1856 20
106 1802 236 1854 ἀλλὰ
268 1801 363 1867 μὴν
390 1801 481 1872 ἕξει
516 1804 600 1867 μὲν
626 1802 764 1858 αὐτὸς
791 1803 1017 1857 ὡσαύτως
1043 1805 1126 1865 ἀεὶ,
1153 1803 1283 1866 ἡμεῖς
1318 1799 1366 1852 δὲ
1394 1800 1694 1866 ἐκλείψομεν·

107 1886 191 1936 οὐκ
222 1885 315 1952 ἄρα
344 1885 538 1952 γενητὸς
569 1886 631 1940 ὠς
656 1886 799 1951 ἡμεῖς·
853 1886 964 1937 ἀλλ’
993 1886 1179 1951 ἐπείπερ
1214 1885 1346 1935 ἐστὶν
1380 1884 1429 1933 ἐκ
1463 1885 1544 1946 τῆς
1579 1881 1698 1932 κατὰ

107 1966 257 2037 φύσιν
282 1967 418 2034 ζωῆς,
448 1967 734 2035 ζωογονήσει
760 1969 836 2019 καὶ
861 1967 1000 2022 αὐτὸς
1026 1966 1085 2021 ὡς
1112 1966 1202 2034 ζωὴ
1230 1965 1288 2016 τὰ
1315 1964 1431 2031 ζωῆς
1456 1962 1665 2026 δεόμενα.

179 2070 312 2099 ΑΛΛΟ.
349 2054 408 2101 Ei
447 2049 581 2102 οὐδὲν
614 2052 780 2102 ἑαυτοῦ
817 2051 1032 2118 με’τοχον,
1068 2049 1246 2116 μετέχει
1287 2048 1335 2099 δὲ
1375 2049 1402 2112 ἡ
1442 2048 1608 2110 κτίσις,
1635 2048 1698 2101 ὠς

106 2132 236 2199 ζωῆς,
263 2139 346 2185 τοῦ
371 2137 506 2185 Υὶοῦ·
550 2133 634 2184 οὐκ
669 2133 761 2199 ἄρα
792 2133 820 2196 ἡ
857 2132 1008 2187 κτίσις
1038 2130 1192 2195 αὐτὸς,
1219 2131 1330 2181 ἀλλ’
1360 2130 1463 2181 οὐδὲ
1490 2131 1517 2194 ἡ
1545 2129 1698 2183 κτίσις

38 2230 87 2269 25
106 2215 215 2282 ζωὴ,
245 2215 359 2283 ὅπερ
386 2217 516 2266 ἐστὶν
543 2217 568 2266 ὁ
595 2213 725 2270 Υἱός.

178 2318 312 2348 ΑΛΛο.
359 2301 418 2349 El
455 2296 510 2348 τὸ
550 2296 788 2363 ζωοποιεῖν
825 2295 983 2362 ἕτερόν
1022 2297 1141 2359 ἐστι,
1179 2295 1233 2347 τὸ
1279 2293 1327 2345 δὲ
1371 2293 1698 2361 ζωοποιεῖσθαι

104 2378 277 2447 ἕτερον,
315 2381 376 2434 ὦς
417 2380 621 2445 ἐνέργεια
665 2381 741 2430 καὶ
786 2378 953 2440 πάθος,
992 2380 1069 2429 καὶ
1113 2377 1330 2444 ζωοποιεῖ
1368 2378 1453 2439 μὲν
1495 2377 1519 2426 ὁ
1559 2373 1693 2436 Υἱὸς,

106 2462 392 2529 ζωοποιεῖται
431 2461 479 2513 δὲ
519 2461 547 2525 ἡ
586 2461 754 2514 κτίσις·
802 2461 885 2511 οὐκ
924 2461 1017 2527 ἄρα
1053 2458 1225 2511 ταύτὸν
1251 2456 1367 2511 Υἱὸς
1406 2459 1482 2508 καὶ
1521 2457 1694 2517 κτίσις,

105 2544 203 2595 ἐπεὶ
234 2542 351 2609 μηδὲ
384 2542 438 2595 τὸ
471 2545 689 2609 ἐνεργοῦν
718 2547 785 2612 τῷ
814 2541 1141 2611 ἐνεργουμένῳ.

1264 2666 1281 2681 α
1284 2655 1347 2681 νννν

156 2704 189 2728 2.
215 2693 298 2736 αὐτῇ
318 2692 361 2727 Β.
426 2692 484 2727 οὖν
501 2704 570 2727 om.
590 2692 634 2728 B.
802 2704 835 2735 4.
862 2692 898 2726 ἐκ
915 2693 975 2726 τοῦ
993 2692 1136 2735 οὐρανοῦ
1155 2691 1302 2729 καταβάς
1321 2689 1363 2723 Β.
1534 2697 1587 2731 13.
1613 2686 1696 2720 ἁπο-

107 2739 246 2774 λεῖσθαι
265 2740 308 2774 Β.
326 2738 518 2774 ἀπολέσθαι
536 2739 603 2774 Ed.
730 2748 782 2784 15.
807 2741 900 2779 βοῶν
915 2750 986 2774 om.
1007 2738 1049 2773 Β.
1176 2747 1229 2781 17.
1256 2736 1320 2779 ζωὴ
1339 2733 1540 2778 νοηθὴσεται
1557 2734 1697 2767 inverso

107 2786 230 2821 ordine
248 2785 291 2820 B.
455 2786 508 2821 18.
534 2800 649 2831 ετερον
666 2797 730 2832 pro
748 2786 831 2821 ἐτῶν
848 2785 892 2820 Β.
1061 2796 1114 2830 19.
1140 2782 1310 2827 ἇνελκὺσῃ
1330 2782 1376 2816 D.
1535 2790 1591 2823 24.
1616 2780 1697 2814 Υἱοῦ

108 2833 152 2868 Β.
171 2834 324 2879 Χριστοῦ
341 2831 408 2867 Ed.

1756 1236 1810 1267 Ps.
1829 1238 1867 1268 ci.

1757 1287 1807 1320 27.

1756 1408 1807 1440 Ib.
1831 1409 1878 1441 28.
