2084 3317
140 167 210 209 vii.
231 182 297 222 24.
367 172 442 213 IN
483 173 526 214 S.
560 174 896 220 JOANNEM.
958 181 1083 226 LIB.
1117 183 1193 224 IV.
1257 185 1392 227 CAP
1418 188 1496 228 VI.
1643 192 1727 233 627

138 277 361 341 ποιήσετε
393 282 442 332 ἐν
468 283 599 351 αὐτῇ,
625 287 701 336 καὶ
737 287 959 352 ἀγιάσετε
993 288 1079 354 τὴν
1107 291 1280 358 ἡμεραν
1310 299 1405 345 τῶν
1437 295 1720 358 σαββάτων.
1745 305 1772 345 d

137 357 347 426 καθάπερ
373 361 462 427 ἤδη
487 367 723 421 πολλάκις
749 369 1012 434 εἰρήκαμεν,
1043 374 1209 438 ἀργίας
1235 378 1318 439 τῆς
1344 377 1413 427 ἐπ’
1443 379 1622 446 ἀμφοῖν
1649 382 1726 430 καὶ

136 439 444 497 ἀναπαύσεως
497 446 521 495 6
573 448 745 514 καιρὸς,
790 473 866 502 και
917 452 1030 508 ὅλος
1080 454 1214 521 ἅγιος
1264 459 1612 522 ἀνατεθειμένος
1661 465 1725 515 εἷς

133 519 298 584 ἑορτὴν
335 529 402 593 τῷ
440 530 650 600 Χριστῶ.

91 607 113 644 5
208 602 278 653 Τὸ
306 605 354 656 δε
380 611 549 674 χρῆναι
575 611 722 665 παλιν
747 616 867 679 ἡμᾶς
892 620 1092 685 ἐνεργεῖν
1117 644 1201 683 μεν
1225 622 1273 672 ἐν
1297 624 1537 694 σαββάτω
1563 624 1722 689 μηδὲν,

132 686 383 738 καταλύειν
418 690 467 740 δὲ
503 691 665 760 ὥσπερ
701 699 777 747 καὶ
812 700 1027 751 ἀνεῖσθαι
1063 702 1240 757 παντὸς
1277 710 1360 755 τοῦ
1393 705 1512 771 πρὸς
1548 709 1720 773 ἱδρῶτα

131 772 389 823 καλοῦντος
428 794 503 822 και
541 774 699 840 πόνον,
727 781 803 829 καὶ
843 782 896 831 δι’
926 783 1093 848 ἑτερων
1125 786 1500 850 ἐπιγνωσόμεθα.
1555 791 1603 840 ἐν
1634 789 1720 853 μὲν

130 847 224 914 γὰρ
264 855 322 918 τῇ
361 853 508 924 ἐξόδω
548 859 699 924 φησίν
738 867 789 889 ‘⁴
786 859 884 931 Εξ
918 864 997 928 ἐτη
1037 872 1227 932 σπερεῖς
1264 866 1350 932 τὴν
1384 873 1475 935 γῆν
1512 893 1604 922 σου
1642 895 1718 922 και
1780 883 1887 913 Ex0d·

1779 926 1871 958 xxiii.
1891 936 1943 965 10,

129 932 403 1001 “συνάξεις
450 936 509 986 τὰ
560 941 827 1005 γεννήματα
879 946 1037 1009 αὐτῆς·
1099 952 1165 1018 τῷ
1217 949 1266 1000 δε
1309 951 1496 1021 ἑβδόμῳ
1541 954 1717 1020 ἀφεσιν
1783 978 1832 1001 11

1463 1037 1484 1046 n.

60 1023 108 1048 10
128 1017 154 1040 ‘⁶
183 1014 397 1077 ποιήσεις
431 1020 509 1068 καὶ
543 1020 734 1085 ἀνήσεις
769 1025 945 1090 &6⁷61ss
1012 1030 1061 1079 ἐν
1087 1029 1136 1080 δὲ
1162 1035 1228 1100 τῷ
1258 1035 1486 1102 Λευιτικῳ
1513 1041 1540 1063 “
1558 1033 1716 1087 Όταν
1735 1059 1756 1085 e
1778 1041 1860 1116 {¹55-
1868 1094 1906 1116 2
1888 1096 1939 1126 4-

123 1096 424 1205 Z‘eZcre'AHryre
462 1105 525 1155 εἰς
562 1103 649 1168 τὴν
683 1109 774 1171 γῆν
806 1107 865 1173 ἣν
899 1109 992 1175 ἐγὼ
1032 1113 1196 1177 διδωμι
1235 1116 1355 1179 ὑμῖν,
1391 1119 1467 1168 καὶ
1505 1119 1716 1171 ἀναπαύ-

139 1183 311 1229 ίσεται
349 1182 378 1245 ἡ
417 1186 478 1248 γῆ
516 1183 575 1249 ἣν
599 1185 692 1252 ἐγὼ
727 1190 892 1254 διδωμι
929 1194 1037 1256 ὑμῖν
1062 1195 1297 1257 σάββατα
1324 1199 1502 1269 Κυριω·
1546 1199 1652 1270 ἓξ
1634 1226 1713 1268 ετη

122 1264 364 1328 “σπερεῖς
390 1264 473 1316 τὸν
498 1267 648 1334 ἀγρόν
669 1293 776 1334 σου,
804 1275 878 1324 καὶ
906 1274 1016 1343 ἓξ”
986 1299 1064 1341 ετη
1091 1283 1241 1341 τεμεῖς
1267 1278 1352 1343 τὴν
1379 1281 1595 1344 ἀμπελόν
1622 1308 1714 1336 σου

136 1345 250 1393 ζκαὶ
287 1346 507 1416 συνάξεις
545 1349 628 1401 τὸν
666 1354 848 1420 καρπὸν
887 1357 1045 1421 αὐτῆς·
1094 1363 1161 1409 τῶ
1200 1359 1249 1411 δε
1289 1385 1377 1413 ετει
1417 1368 1483 1433 τῷ
1524 1365 1712 1438 ἑβδόμω

53 1428 147 1478 Ι5“
173 1424 438 1482 ἀναπαυσις
477 1454 612 1482 εσται
650 1440 709 1501 τῇ
748 1440 827 1504 γῇ,
854 1437 1089 1500 σάββατα
1125 1444 1305 1513 Κυρίῳ.
1312 1445 1336 1460 ”
1387 1444 1473 1509 τὴν
1503 1446 1588 1510 μὲν
1618 1448 1711 1516 γὰρ

117 1506 407 1574 ἀναίσθητον
450 1518 545 1564 τῶν
588 1514 748 1568 πόνων
793 1521 876 1571 οὐκ
921 1523 1081 1586 ἀνίησι
1132 1527 1237 1590 γῆν,
1283 1527 1395 1577 ἀλλ’
1443 1529 1548 1580 οὐδὲ
1593 1532 1711 1599 αὐτῇ

116 1588 282 1654 κυρίως
320 1590 404 1643 τὸν
442 1596 516 1646 ἐπὶ
554 1596 736 1654 τούτοις
773 1602 1009 1670 ἐχαρίζετο
1049 1605 1206 1670 νόμον,
1246 1607 1300 1659 τὸ
1341 1609 1390 1660 δε
1429 1609 1495 1675 μὴ
1538 1615 1709 1679 χρῆναι

115 1676 275 1722 πονεῖν
325 1674 401 1725 διὰ
453 1684 536 1729 τοῦ
585 1679 672 1745 τὴν
716 1686 807 1748 γῆν
852 1687 1026 1738 ἀνεῖναι
1077 1694 1174 1742 τοῖς
1225 1690 1372 1755 αὐτὴν
1415 1715 1707 1757 κεκτημενοις

116 1752 509 1819 ἐπραγματεύετο.
580 1765 896 1831 πολυτρόπως
943 1768 1038 1836 γὰρ
1088 1772 1198 1835 ἡμῖν
1248 1772 1334 1836 τὴν
1377 1775 1452 1825 ε’πι
1504 1780 1744 1848 Χριστῷῆ
1774 1793 1862 1829 429
1877 1794 1930 1828 A·

45 1855 96 1880 20
114 1835 456 1900 κατεσήμαινεν
479 1842 658 1909 ἑορτὴν,
685 1848 794 1898 καθ’
823 1847 881 1913 ἣν
907 1853 949 1900 οἱ
977 1851 1117 1921 φόβω
1154 1858 1220 1922 τῷ
1255 1856 1364 1905 θειω
1391 1857 1699 1924 συζησαντες,

114 1919 176 1970 εἷς
201 1925 412 1985 παντελῆ
440 1926 515 1974 καὶ
542 1925 811 1995 ὁλόκληρον
837 1932 1103 1999 ελευθεριαν
1131 1905 1509 2003 ἀναδραμουνται
1545 1941 1631 2006 τὴν
1656 1945 1704 1994 ἐν

112 1997 336 2071 ἀγιασμῶ
361 2026 436 2055 και
462 2010 802 2080 πλουσιωτάτῃ
828 2019 911 2064 τοῦ
939 2016 1216 2079 Πνεύματος
1242 2019 1412 2087 χάριτι.
1462 2045 1538 2073 και
1564 2030 1702 2076 τοῦτο

109 2078 159 2129 δε
195 2082 344 2134 πάλιν
379 2088 433 2137 δι’
461 2090 614 2140 αὐτῶν
647 2092 870 2157 εἰσόμεθα
908 2101 1002 2147 τῶν
1032 2102 1340 2152 Μωυσαικῶν
1370 2105 1695 2167 ἐνταλματων.

109 2161 202 2229 ἔχει
228 2164 320 2231 γὰρ
347 2190 493 2224 ουτως
520 2178 546 2200 “
565 2170 724 2224 σΟταν
749 2181 909 2244 πραθῇ
935 2202 1015 2229 σοι
1043 2182 1251 2249 ἀδελφός
1278 2206 1369 2235 σου
1394 2184 1423 2250 ἢ
1451 2187 1477 2249 ἡ
1510 2189 1698 2257 ἀδελφή
1761 2194 1923 2270 Reutmv.

39 2260 87 2298 25
109 2250 135 2272 ‘⁴
162 2267 269 2304 σου,
298 2249 323 2298 ὁ
349 2250 621 2317 Εβραῖος
599 2278 625 2318 η
652 2267 680 2319 η
706 2256 922 2324 Εβραια,
952 2261 1058 2330 ἓξ’
1039 2285 1117 2327 ετη
1152 2266 1398 2317 δουλεύσει
1435 2291 1529 2331 σοι,
1556 2274 1622 2319 res>
1648 2270 1697 2322 δε

107 2326 249 2378 “ἐτει
284 2334 350 2380 τῶ
386 2333 572 2403 ἑβδόμω
607 2336 825 2405 ἀφεσιςΪ
878 2364 921 2393 οι
955 2344 1048 2411 γὰρ
1084 2346 1237 2397 πάλαι
1263 2352 1321 2415 τῇ
1349 2350 1552 2420 ἁμαρτία
1582 2355 1690 2403 δου-

106 2408 377 2475 λεύσαντες,
416 2437 491 2465 και
529 2417 672 2486 ἡδονῇ
710 2425 768 2489 τῇ
808 2424 926 2488 πρὸς
967 2425 1022 2476 τὸ
1064 2432 1252 2495 φαῦλον
1290 2430 1481 2486 ἑαυτους
1519 2433 1695 2498 τρόπον

104 2512 208 2541 τινα
244 2497 309 2562 τῷ
343 2496 555 2567 διαβόλω
590 2504 1037 2569 καταπωλήσαντες,
1065 2511 1382 2566 δικαιωθεντες
1417 2515 1465 2563 ἐν
1491 2518 1738 2586 Χριστῶἱ)

103 2572 178 2622 διὰ
226 2577 308 2638 τῆς
350 2577 570 2643 πίστεως,
616 2586 679 2636 εἷς
722 2584 804 2636 τὸν
849 2589 1005 2653 ἀληθῆ
1051 2613 1125 2641 και
1170 2615 1308 2657 αγιον
1349 2595 1691 2661 ἀναβησόμεθα

32 2676 83 2712 3ο
101 2657 460 2723 σαββατισμόν,
487 2661 573 2726 τὴν
604 2665 679 2715 διὰ
717 2670 799 2731 τῆς
833 2693 1023 2737 χαριτος
1058 2675 1324 2741 ἐλευθεριαν
1356 2677 1685 2746 ἠμφιεσμενοι,

100 2739 175 2787 καὶ
203 2739 399 2803 ἀγαθοῖς
425 2748 520 2796 τοῖς
545 2746 704 2798 θεόθεν
730 2754 1167 2819 λελαμπρυσμενοι.

147 2892 168 2925 3
175 2908 181 2914 .
150 2881 306 2928 ςὸλος]
327 2885 344 2916 ὁ
362 2886 466 2929 λόγος
486 2886 527 2922 Β.
591 2889 824 2935 ἀνατιθεμενος
846 2895 885 2928 Β.
1030 2907 1050 2941 5
1057 2925 1063 2931 .
1091 2897 1141 2943 εν]
1168 2904 1203 2940 -†-
1227 2903 1273 2946 τῷ
1294 2901 1335 2936 Β.
1468 2903 1501 2938 6.
1529 2906 1582 2938 καὶ
1600 2905 1687 2940 ἀνεῖ-

99 2927 199 2973 σθαι]
219 2929 416 2965 ἀνακεῖσθαι
437 2932 477 2966 Β.
635 2937 667 2970 8.
695 2940 849 2986 σπερεῖς]
871 2957 1013 2987 σπειρῃς
1034 2944 1078 2978 D.
1243 2959 1295 2982 11.
1322 2949 1537 2998 και--Κυρίῳ
1556 2964 1626 2987 om.
1645 2953 1687 2989 B.

101 2984 156 3018 15.
184 2977 222 3019 τῇ
241 2978 283 3020 γῇ
305 2976 346 3012 Β.
366 2979 422 3022 τῆς
438 2981 499 3023 γῆς
519 2980 584 3016 Ed.
727 2997 777 3031 19.
805 2988 865 3030 τὴν
882 2988 936 3022 επὶ
954 2993 1092 3038 Χριστῷ
1114 3003 1184 3027 om.
1207 2993 1247 3028 Β.

842 3056 959 3092 412
