2084 3317
155 156 207 196 vi.
227 158 294 209 28
315 172 380 214 29.
424 161 499 202 IN
542 163 582 206 S.
617 165 953 208 JOANNEM.
1014 168 1138 210 LIB.
1173 170 1260 212 ΙΙΙ.
1321 172 1456 215 CAP.
1481 175 1533 216 V.
1658 179 1736 218 451

154 266 196 314 δ’
226 264 284 315 ἂν
311 273 464 320 νοοῖτο
490 273 565 322 καὶ
594 273 708 327 Υἱὸς
733 274 852 341 πρὸς
881 278 1088 344 Πατερα,
1115 301 1190 330 και
1219 279 1390 348 Πατὴρ
1420 283 1479 333 αὖ
1508 282 1655 335 πάλιν
1679 288 1741 341 ὡς

153 347 272 412 πρὸς
288 348 419 412 Υὶὸν,
438 353 486 402 ἐν
501 359 586 422 μιᾷ
601 355 686 417 μὲν
706 356 853 424 ἄμφω
875 363 934 426 τῇ
955 359 1112 427 φύσει,
1129 361 1413 429 διῃρημενωδ
1432 363 1526 415 δε’
1500 365 1589 416 ανά
1604 389 1742 433 μερος
1760 377 1785 417 b

151 427 379 496 ἑκάτερος,
407 435 469 486 ὡς
510 435 735 504 ὑπάρχων
761 439 1119 505 Ζδιοσυστατως,
1147 443 1275 508 πλὴν
1311 446 1364 495 οὐ
1402 446 1557 512 πάντη
1592 452 1741 501 διακε-

151 510 406 611 κομμένως,
433 515 537 566 οὐδε
569 518 678 586 δίχα
711 526 794 571 τοῦ
820 521 976 588 ἑτέρου
1003 522 1057 574 τὸ
1083 523 1254 624 ἕτερον.
1310 530 1386 578 καὶ
1419 526 1581 595 ὥσπερ
1616 530 1743 595 ἦσαν

108 592 199 641 5ἐν
236 593 303 644 ἑνὶ
340 599 406 664 τῷ
446 599 702 664 νομίσματι
741 601 825 654 δύο
862 606 1081 672 δραχμαι,
1121 606 1176 658 τὸ
1214 610 1262 659 ἐν
1300 609 1535 675 ποσότητι
1572 636 1742 679 μετρον

151 677 424 742 ἶσομοιροῦν
461 680 701 745 ἀλλήλαις
739 687 814 735 καὶ
853 686 1115 751 οὐδαμόθεν
1153 690 1494 755 ἐλαττούμενον
1532 694 1740 762 ἔχουσαι,

150 757 271 808 οὕτω
319 758 503 825 νοήσεις
547 763 601 814 τὸ
646 768 694 815 ἐν
731 769 892 831 μηδενὶ
937 771 1282 835 παραλλάττον
1325 776 1408 838 τῆς
1453 776 1617 831 οὐσίας
1660 785 1744 829 τοῦ

150 841 268 890 Υὶοῦ
293 840 411 906 πρὸς·
439 843 566 895 Θεὸν
592 869 667 897 και
694 847 951 914 Πατέρα,
928 873 957 913 η
984 851 1044 901 αῦ
1068 851 1216 903 πάλιν
1243 856 1416 906 ἐκεινου
1441 880 1560 923 προς
1586 858 1742 923 αὐτὸν,

150 920 259 985 ὑγιᾶ
291 945 341 973 τε
374 924 544 977 λοιπὸν
575 927 657 979 τὸν
690 930 763 997 ἐφ’
797 929 951 982 ἅπασι
985 937 1082 987 τοῖς
1114 957 1218 1001 περι
1254 937 1397 988 αὐτοῦ
1432 943 1741 1004 λαλουμενοις

81 1020 95 1044 1
104 1021 128 1045 0
147 1001 307 1072 ἐκδεξῃ
346 1004 510 1072 λόγον.

184 1153 314 1202 Εἶπον
352 1158 426 1203 οὖν
464 1163 582 1219 αὐτῷ
620 1165 669 1208 Τι’
706 1172 926 1222 Ποιοῡμεν,
965 1171 1032 1212 ἵνα
1070 1171 1345 1230 ἐρῙ-αζὼμεθα
1384 1174 1431 1218 τὸ
1469 1176 1593 1232 &psov
1633 1181 1706 1218 τοῦ
1763 1187 1809 1222 28

414 1246 551 1300 Oe00;
601 1249 811 1308 ἀπεκρίθΗ
844 1252 1012 1296 ’lacoon
1051 1254 1119 1296 καὶ
1157 1252 1275 1298 εἶπεν
1314 1258 1472 1301 αὐτοῖς.
1764 1281 1810 1315 29

222 1352 327 1402 Οὐκ
362 1354 419 1423 ἐξ
454 1356 637 1422 ἀγαθῆς·
675 1360 879 1414 διανοίας·
917 1363 945 1427 ἡ
984 1369 1168 1428 πεῦσις,
1195 1366 1306 1416 ἀλλ
1337 1366 1454 1430 οὐδὲ,
1481 1366 1645 1435 ὥσπερ
1684 1370 1741 1419 ἄν

146 1455 216 1487 τις
261 1435 561 1502 ὑποτοπησαι
602 1441 760 1509 τυχὸν,
800 1444 850 1494 ἐκ
893 1448 1205 1513 φιλομαθειας
1250 1448 1406 1502 αὐτοῖς·
1451 1449 1669 1516 πρόεισιν
1713 1475 1740 1515 η

79 1535 124 1572 15
146 1515 388 1581 ἐρώτησις,
415 1520 578 1586 γε’γονε
614 1521 663 1573 δὲ
696 1528 936 1587 μᾶλλον’
914 1550 964 1578 εκ
995 1532 1184 1593 πολλῆς
1211 1531 1335 1595 ἄγαν
1361 1535 1444 1595 τῆς
1470 1534 1741 1600 ἀλαζονείας

146 1597 170 1647 ὁ
210 1597 371 1664 λόγος.
424 1600 587 1669 ὡσπερ
627 1627 721 1671 γαρ
759 1607 892 1658 οὐδὲν
924 1608 1042 1676 πρὸς·
1081 1609 1147 1666 υἷι
1185 1610 1364 1680 ῄδεσαν
1399 1615 1637 1683 ἀξιοῦντες
1675 1616 1740 1667 ἐτι

144 1684 308 1742 μαθεῖν
332 1705 583 1753 μονονουχι
617 1689 827 1740 τοιοῦτόν
853 1713 896 1741 τι
933 1693 1124 1759 φασίν
1122 1692 1271 1757 Ἀλις,
1298 1692 1335 1745 ὠ
1370 1697 1518 1760 οὗτος,
1545 1699 1656 1762 ἡμῖν
1681 1722 1741 1750 τα

145 1761 221 1812 διὰ
262 1765 526 1821 Μωυσεως·
582 1792 718 1831 ισμεν
751 1772 834 1823 οὐκ
871 1770 1087 1838 ἐ’λαττον,
1120 1775 1241 1842 ἡπερ
1278 1779 1435 1845 εχρῆν,
1469 1779 1527 1830 τὰ
1566 1782 1638 1850 ἐφ’
1673 1780 1787 1835 οἶςά

143 1843 201 1894 ἂν
239 1845 405 1910 δεήσαι
443 1850 772 1903 συντείνεσθαι
809 1876 893 1905 τον
927 1860 1022 1906 τῶν
1061 1858 1197 1909 θειων
1235 1858 1386 1925 ἐργων
1421 1862 1735 1927 ἐπιστήμονα.

75 1951 124 1975 20
144 1927 189 1977 τί
220 1926 268 1978 δε
303 1928 395 1995 ἄρα
433 1930 486 1981 τὸ
521 1933 680 1984 καινὸν
711 1936 915 1991 ἐποισεις
953 1937 1092 1993 αὐτος·
1130 1945 1226 1994 τοῖς
1265 1940 1365 1992 κατ’
1393 1944 1537 1994 ἐκεῖνο
1577 1952 1740 2012 καιροῦ

143 2009 544 2077 διατεταγμενοις·
533 2055 544 2075 ,
587 2015 636 2066 τί
662 2015 710 2067 δε
747 2018 948 2087 διδάξεις
973 2043 1026 2072 το
1054 2021 1255 2090 ξενον,
1238 2047 1262 2074 ο
1289 2023 1354 2088 μὴ
1382 2024 1459 2075 δια
1485 2031 1578 2076 τῶν
1605 2028 1740 2078 θείων

141 2090 250 2154 ημῖν
273 2096 614 2162 προεσημάνθη
642 2098 832 2164 λόγων·
821 2141 833 2163 ,
876 2103 1044 2154 οὐκοῦν
1069 2104 1176 2173 ἐξ’
1149 2106 1373 2161 απονοίας
1398 2113 1590 2170 μαλλον
1617 2110 1738 2177 ἠπερ

141 2171 287 2228 ὅντως
330 2177 380 2228 ἐκ
424 2181 722 2246 φιλομαθοῦς
766 2183 1087 2251 προαιρέσεως
1132 2186 1160 2251 ἡ
1211 2187 1454 2255 ἐρώτησις.
1525 2190 1642 2259 ἔχεις·
1693 2215 1736 2243 τι

140 2262 322 2308 τοιοῦτο
362 2282 436 2310 και
475 2261 604 2328 παρὰ
643 2267 709 2314 τῶ
747 2288 961 2336 μακαριω
1003 2268 1257 2320 Mareotico·
1301 2273 1482 2326 νεανίας
1520 2296 1606 2336 μεν
1642 2273 1736 2341 γάρ

73 2358 120 2397 25
140 2360 222 2401 τις,
273 2341 356 2390 οὐκ
405 2342 732 2415 εὐποριστάτω
783 2347 1034 2413 κτημάτων
1083 2353 1333 2422 περιουσία
1387 2355 1774 2422 περιχεάμενος-,ο

142 2421 430 2474 ὑπαινίττετό
456 2447 556 2478 πως
581 2448 643 2480 εις
668 2426 721 2478 τὸ
751 2431 919 2496 χρῆναι
952 2429 1122 2483 λοιπον
1145 2432 1232 2498 τὴν
1259 2434 1348 2485 ὑπὸ
1378 2438 1486 2505 Θεῷ
1521 2438 1736 2487 δουλειαν

140 2503 456 2571 εισερχεσθαι.
524 2508 681 2573 ἐπειδὴ
731 2510 779 2561 δε
828 2511 938 2576 ἡκεν
981 2516 1042 2567 εἷς
1088 2514 1170 2566 τὸν
1214 2517 1419 2581 Ἰησοῦν,
1459 2487 1735 2572 ισπουδαίως

140 2585 497 2652 ἀνεπυνθάνετο,
529 2591 578 2640 τί
607 2590 699 2659 χρὴ
734 2595 850 2659 δρᾶν
877 2595 1033 2658 αὐτὸν,
1060 2597 1135 2648 ἵνα
1170 2600 1245 2649 καὶ
1278 2601 1363 2663 τῆς·
1397 2602 1584 2652 αἰωνίου
1616 2601 1732 2668 ζωῆς
1797 2603 1924 2653 ὃῆῐθέω·

1796 2658 1886 2678 xvm.
1906 2648 1953 2678 18.

188 2743 219 2786 2..
244 2732 305 2776 μὲν
321 2742 545 2779 assumptum
564 2749 602 2771 ex
627 2738 666 2772 B.
733 2740 794 2784 τὴν
809 2740 919 2786 φύσιν
939 2742 980 2776 Β.
1089 2755 1122 2788 3.
1150 2745 1312 2790 ὑπάρχων
1330 2746 1373 2781 ὡς
1391 2747 1529 2781 inverso
1548 2748 1670 2782 ordine
1691 2749 1733 2784 B.

140 2806 171 2842 7.
197 2790 438 2842 απαράλλιικτον
458 2799 499 2833 Β.
601 2812 653 2835 11.
671 2817 833 2846 ποιουμεν
852 2804 893 2839 Β.
911 2809 1060 2849 ποιῶμεν
1080 2807 1146 2841 Ed.
1165 2807 1210 2841 cf.
1228 2807 1319 2842 Infra
1335 2809 1404 2854 308
1416 2821 1435 2843 a
1448 2809 1481 2843 d.
1584 2810 1636 2845 16.
1655 2810 1733 2856 ᾐδε-

140 2843 223 2889 crau]
248 2849 285 2885 -1-
306 2844 347 2879 ἂν
367 2845 407 2880 B.
574 2856 626 2893 17.
646 2847 757 2893 “Αλις,
775 2850 801 2884 ὠ
819 2851 933 2897 οὗτος]
953 2852 1030 2886 αλλ
1050 2852 1133 2889 ἴσως
1151 2855 1259 2890 αὔτως
1279 2855 1320 2889 Β.
1402 2856 1442 2890 τὰ
1464 2857 1505 2891 Β.
1514 2857 1544 2890 D
1565 2870 1636 2903 mg.
1657 2871 1689 2893 v.
1711 2860 1732 2893 Ι.

1146 2910 1176 2925 ΤΟ

139 2923 175 2957 in
195 2923 262 2958 Ed.
281 2936 353 2969 mg.
372 2928 439 2959 τῶν
459 2926 504 2961 D.
525 2926 592 2962 Ed.
844 2942 897 2965 20.
925 2933 963 2965 τὸ
982 2933 1109 2978 καινόν]
1130 2935 1183 2968 καὶ
1200 2935 1294 2969 κενὸν
1317 2934 1354 2969 Β.
1444 2950 1485 2969 m
1474 2935 1561 2982 ’τὸς]
1581 2937 1670 2983 αὐτῷ
1692 2938 1733 2972 Β.

141 2981 196 3013 24.
221 2971 283 3015 μὲν
300 2983 369 3006 om.
391 2971 433 3006 Β.
534 2984 588 3018 25.
614 2975 866 3019 εὐπεριστάτων
886 2978 927 3011 Β.
947 2979 1180 3026 εὐπεριο-τάτῳ
1201 2981 1245 3015 D.
1345 2990 1399 3026 27.
1425 2983 1469 3018 ὡς
1487 2995 1549 3027 pro
1568 2984 1614 3020 εἷς
1633 2984 1674 3018 Β.

873 3046 896 3085 3
922 3046 998 3074 ΜΖ
