2084 3317
139 198 166 237 i.
189 198 252 236 18.
403 195 476 236 IN
518 196 560 237 S.
595 196 935 237 JOANNEM.
999 196 1122 236 LIB.
1157 196 1191 236 Ι.
1255 195 1389 235 CAP.
1424 196 1478 235 X.
1650 197 1731 235 159

139 306 265 370 ἡμεῖς
316 309 611 373 ἀντεροῦμεν,
662 306 744 358 τὸν
796 305 937 372 ὀρθὸν
987 308 1071 370 τῆς
1120 304 1343 369 ἀληθείας
1396 303 1734 372 ἀντεξάγοντες

139 388 286 456 λόγον
309 389 372 439 O
400 388 578 443 κόλπος
604 389 729 453 ἡμῖν,
755 386 792 439 ὠ
817 388 1080 450 βελτιστοι,
1109 409 1330 450 σημαινει
1357 386 1464 436 καθ’
1496 387 1616 449 ὑμᾶς
1648 384 1734 447 τὴν

139 470 400 537 ἀγάπησιν·
442 476 582 522 τοῦτο
608 471 703 537 γὰρ
729 472 898 538 ἀρτίως
927 468 1166 535 λεγόντων
1194 467 1477 533 ἠκούσαμεν.
1529 464 1601 564 ἀρ’
1631 468 1730 529 οὖν,

139 552 448 619 ἐπειδήπερ“
466 553 718 619 ἠγάπησεν
758 555 783 604 ὁ
824 551 946 606 Θεὸς
992 575 1075 603 τον
1114 551 1325 615 κόσμον”
1367 549 1486 601 κατὰ
1527 548 1612 613 τὴν
1651 554 1734 599 τοῦ

99 650 120 688 5
141 637 359 700 Σωτῆρος
386 635 565 700 φωνήν·
612 643 637 664 “
656 636 853 704 Ἀγαπᾷ
887 634 935 686 δὲ
966 636 1139 701 Κύριος
1167 635 1242 685 καὶ
1270 632 1354 687 τὰς
1381 632 1538 685 πύλας
1567 630 1731 692 Σιὼν,”

141 715 257 768 κατὰ
289 717 370 768 τὸν
396 716 532 784 ἅγιον
557 718 842 788 ψαλμῳδὸν,
870 718 1126 770 ἀκινδύνως
1156 718 1350 782 ἐροῦμεν
1376 716 1425 765 ἐν
1449 714 1616 784 κόλπῳ
1648 719 1732 764 τοῦ

140 802 263 850 Θεοῦ
302 803 376 850 καὶ
415 800 607 900 Πατρὸς
645 800 728 852 τόν
762 824 812 851 τε
852 800 1035 900 κόσμον
1071 799 1214 850 αὐτὸν
1249 799 1325 849 καὶ
1364 797 1447 852 τὰς
1488 800 1572 861 τῆς
1609 795 1733 847 Σιὼν

1795 551 1889 583 Infra

1795 596 1839 626 iii.
1864 596 1911 626 16.

1795 639 1850 670 Ps.

1795 683 1921 713 lxxxvi.
1932 692 1958 712 2.

139 878 252 932 εῖναι
277 882 467 936 πύλας·
457 905 468 945 3
514 883 628 934 ὅταν
653 883 702 934 δὲ
737 882 855 951 λεγῃ
893 905 966 933 και
1002 879 1122 949 πρὸς
1157 879 1239 932 τὸν
1267 879 1549 949 ἱεροφάντην
1579 883 1727 929 Μωυ-
1751 926 1774 951 a
1807 918 1889 953 107
1906 917 1956 951 A·

138 964 228 1014 (rea'
255 971 283 993 ‘⁶
301 964 550 1031 Εὶσένεγκε
576 964 661 1029 τὴν
688 963 821 1033 χεῖρά
844 987 936 1015 σου
963 968 1025 1018 εἷς
1052 987 1135 1014 τον
1158 962 1340 1014 κόλπον
1367 985 1473 1024 σου,
1476 962 1499 977 ”
1528 963 1733 1027 ἀγαπᾶν,

73 1071 121 1096 10
139 1047 242 1098 εἰπε
259 1070 353 1111 μοι,
379 1047 666 1113 προστάττει
691 1047 778 1112 τὴν
804 1052 937 1115 χεῖρα
963 1047 1103 1116 αὐτῷ,
1131 1049 1205 1097 καὶ
1232 1047 1335 1113 οὐχὶ
1367 1049 1559 1107 μᾶλλον
1585 1066 1731 1093 κατα-

139 1128 391 1197 κρύψαντα
417 1129 568 1197 ε”χειν;
612 1128 710 1180 εἶτα
736 1134 837 1183 πῶς
869 1129 923 1180 οὐ
954 1128 1105 1195 μέγαν
1132 1130 1205 1180 ἐπὶ
1237 1126 1419 1180 τούτοις
1451 1124 1736 1194 ὀφλήσομεν

138 1210 343 1276 γέλωτα,
389 1216 581 1275 μᾶλλον
627 1211 675 1263 δὲ
720 1217 821 1266 πῶς
871 1215 934 1266 εἷς
985 1210 1128 1262 αὐτὸν
1172 1212 1255 1261 οὐκ
1301 1207 1610 1273 ἀσεβήσομεν
1655 1207 1737 1258 τὸν

141 1294 348 1360 Πατέρα,
390 1293 545 1345 πάντα
592 1296 640 1345 ἐν
686 1293 883 1348 κόλποις
928 1291 1042 1344 εἶναι
1091 1293 1310 1358 λέγοντες
1356 1293 1513 1352 αὐτοῦ,
1557 1292 1630 1340 καὶ
1682 1289 1737 1340 τὸ

139 1375 285 1437 μόνον
311 1381 394 1427 τοῦ
422 1381 726 1442 Μονογενοῦς
761 1377 999 1445 ἐξαίρετον
1025 1374 1208 1440 ἀγαθὸν
1235 1379 1606 1426 κοινοποιοῦντες
1641 1379 1736 1425 τοῖς

74 1474 120 1512 15
141 1457 325 1516 ἄλλοις,
354 1458 429 1509 ἵνα
454 1459 602 1510 πλέον
630 1459 727 1526 ἔχοι
754 1458 898 1523 μηδὲν
924 1456 1057 1524 παρὰ
1084 1457 1168 1521 τὴν
1195 1457 1352 1508 κτίσιν
1379 1458 1404 1507 ὁ
1429 1456 1576 1518 Υἱός;

216 1542 405 1592 Οὐκοῦν
441 1546 539 1594 ταῖς
575 1541 757 1592 ἐκείνων
793 1541 1041 1601 ἀβουλίαις
1076 1542 1313 1607 ε’ῤῥῶσθαι
1347 1537 1636 1607 φράσαντες,
1664 1540 1736 1589 ἐπὶ

141 1626 208 1691 τῷ
243 1624 367 1674 εὐθεῖ
397 1626 479 1687 τῆς
517 1624 738 1687 ἀληθείας
775 1626 1031 1687 βαδιοῦμεν
1058 1627 1325 1688 λογισμῶν,
1353 1621 1467 1673 ὅταν
1495 1622 1543 1672 ἐν
1571 1620 1738 1690 κόλπῳ
1758 1633 1784 1673 b

141 1705 336 1772 λέγηται
364 1711 446 1756 τοῦ
476 1704 667 1771 Πατρὸς
703 1706 727 1755 ὁ
754 1705 882 1768 Υἱὸς,
910 1705 966 1774 ἐξ
997 1706 1140 1755 αὑτοῦ
1177 1706 1250 1755 καὶ
1289 1705 1337 1755 ἐν
1364 1705 1490 1773 αὐτῷ
1528 1709 1740 1755 νοοῦντες

140 1787 300 1837 αὐτόν’
342 1786 695 1856 ἀναμαξάμενοι
722 1786 771 1838 δὲ
798 1789 1004 1854 ἀκριβῶς
1028 1786 1115 1851 τὴν
1141 1792 1223 1837 τοῦ
1251 1785 1484 1850 νοήματος
1521 1786 1736 1848 δύναμιν,

72 1891 124 1917 20
141 1870 287 1922 οὕτως
332 1869 440 1937 ε”χον
487 1868 613 1932 αὐτὸ,
662 1871 736 1920 καὶ
783 1871 870 1937 οὐχ
916 1868 1096 1935 ἑτέρως,
1139 1867 1416 1935 εὑρήσομεν.
1484 1866 1739 1933 Μονογενῆς,

141 1954 305 2017 φησιν,
329 1958 345 2002 ὁ
366 1953 476 2006 Θεὶς
506 1958 522 2003 ὁ
551 1951 602 2002 ὢν
624 1958 682 2006 εἰς
709 1951 775 2003 τον
800 1957 965 2003 κόλπον
993 1954 1065 2003 τοῦ
1089 1951 1276 2019 Πατρὶς,
1297 1952 1450 2005 ἐκεῖνος
1481 1950 1739 2019 ἐξηγήσατο.

138 2035 291 2098 ἐπειδὴ
331 2034 425 2101 γὰρ
463 2033 553 2101 ἔφη
596 2034 812 2100 Μονογενῆ
854 2035 928 2084 καὶ
970 2037 1091 2095 Θεὸν,
1126 2034 1316 2098 τίθησιν
1356 2032 1490 2087 εὐθύς
1521 2032 1578 2083 tO
1615 2030 1667 2083 ὧν
1704 2033 1741 2083 ἐν

138 2122 234 2170 τοῖς
265 2120 457 2171 κόλποις
484 2119 556 2167 τοῦ
586 2119 775 2184 Πατρὶς,
799 2117 875 2167 ἵνα
901 2119 1061 2179 νοῆται
1089 2118 1165 2166 καὶ
1191 2115 1305 2169 Υἱὸς
1334 2115 1390 2184 ἐξ
1421 2115 1563 2165 αὐτοῦ
1590 2118 1664 2166 καὶ
1693 2115 1741 2164 ἐν

140 2201 264 2269 αὐτῷ
309 2204 538 2268 φυσικῶς,
583 2201 684 2249 ἀντὶ
730 2202 812 2262 τῆς
859 2200 1023 2252 οὐσίας
1069 2197 1152 2250 τὸν
1195 2198 1378 2249 κόλπον
1419 2202 1502 2248 τοῦ
1547 2197 1740 2261 Πατρὸς

73 2299 121 2338 25
140 2281 294 2344 εἰπὼν,
323 2284 384 2335 ὡς
411 2283 460 2332 ἐκ
486 2281 870 2347 παραδείγματος
897 2287 1186 2344 σωματικοῦ.
1231 2281 1371 2331 τύποι
1398 2279 1492 2345 γάρ
1520 2279 1617 2329 εἶσί
1639 2302 1740 2332 πως

140 2368 234 2415 τῶν
256 2368 433 2427 νοητῶν
457 2363 515 2413 τὰ
543 2364 886 2432 ἐμφανέστερα,
907 2367 982 2414 καὶ
1007 2368 1295 2431 χειραγωγεῖ
1315 2362 1435 2428 πρὸς
1461 2360 1739 2428 κατάληψιν
1758 2384 1780 2411 0

140 2451 235 2496 τῶν
261 2446 376 2513 ὑπὲρ
401 2447 521 2511 ἡμᾶς
552 2445 612 2497 τὰ
643 2448 690 2496 ἐν
726 2446 851 2510 ἡμῖν·
907 2444 1205 2509 λαμβάνεται
1240 2443 1288 2496 δὲ
1321 2443 1560 2497 πολλάκις
1596 2444 1657 2497 ὡς
1692 2444 1740 2493 ἐν

141 2528 314 2582 εἰκόνος
358 2529 488 2597 τάξει
532 2527 591 2579 τὰ
635 2527 900 2591 σωματικὰ,
942 2531 1018 2579 καὶ
1064 2527 1362 2592 λεπτοτερων
1408 2526 1519 2590 ἡμῖν
1565 2529 1740 2591 θεωρη-

141 2608 303 2674 μάτων
341 2611 548 2679 εἰσφέρει
589 2609 673 2675 τὴν
715 2609 1005 2679 κατάληψιν,
1047 2614 1083 2661 εἰ
1126 2612 1201 2660 καὶ
1243 2611 1364 2660 οὕτω
1407 2612 1576 2658 νοεῖται
1620 2605 1741 2657 κατὰ

191 2781 224 2815 8.
249 2781 433 2826 ἶεροφάντα
452 2782 492 2816 Ε.
594 2782 646 2816 16.
671 2783 726 2817 ἐπὶ
743 2785 789 2828 τῷ
809 2783 1125 2828 εὐθεῖ-λογισμῶν
1145 2782 1186 2816 Β.
1205 2782 1260 2816 ἐπὶ
1276 2782 1335 2815 τὸν
1352 2781 1653 2825 εὐθῆ-λογισμόν
1671 2779 1739 2815 Ed.

149 2839 201 2872 19.
229 2827 367 2871 δύναμιν
383 2840 454 2862 om.
475 2828 530 2867 E„
549 2841 659 2862 vacuo
677 2829 780 2864 facto.
951 2841 1005 2864 20.
1032 2830 1113 2863 αὐτὸ
1131 2834 1355 2873 assumptum
1376 2840 1417 2861 ex
1439 2827 1480 2862 B.
1544 2827 1740 2872 μονογενὴς,

144 2875 265 2919 φησὶν,
284 2876 302 2907 ὁ
321 2874 386 2909 hoc
404 2875 525 2909 ordlne
545 2875 585 2909 B.
605 2877 623 2909 ὁ
640 2877 822 2921 μονογενὴς
839 2877 929 2922 φησι
949 2876 1015 2910 Ed.
1036 2876 1143 2910 Cord.
1306 2886 1361 2909 22.
1389 2875 1424 2908 ἐν
1441 2876 1487 2920 τῷ
1508 2876 1626 2920 κόλπῳ
1646 2873 1687 2908 Ε.
1705 2874 1742 2908 ἐν

145 2923 261 2955 κόλπω
280 2920 387 2955 Cord.
565 2933 618 2967 23.
645 2937 698 2956 και
716 2923 750 2957 ἐν
767 2924 856 2969 αὐτῷ
875 2935 945 2957 om.
966 2923 1007 2957 E.
1025 2934 1136 2957 vacuo
1153 2922 1259 2956 facto,
1446 2932 1501 2964 24.
1528 2923 1588 2955 τοῦ
1606 2922 1742 2965 Πατρός

146 2974 370 3012 assumptum
388 2979 428 3001 ex
449 2968 490 3001 B.
636 2978 691 3013 25.
717 2984 788 3005 πως
806 2970 874 3004 εἶσὶ
891 2970 1032 3004 inverso
1050 2969 1172 3004 ordine
1194 2969 1234 3002 B.
1374 2967 1430 3001 26.
1457 2967 1677 3013 ἀφανέστερα
1697 2967 1740 3002 Β.

147 3025 204 3058 29.
230 3014 554 3060 εἰσφέρει-«καιρὸν
570 3026 640 3049 om.
661 3016 702 3049 B.

1797 967 1904 998 Exod.

1797 1012 1840 1042 iv.
1857 1013 1887 1042 Ο.
