2084 3317
122 160 177 202 iii.
200 174 264 216 25,
286 165 351 206 26.
404 163 477 204 IN
519 163 560 203 S.
595 161 928 202 JOANNEM.
995 161 1116 201 LIB.
1150 161 1210 203 II.
1272 162 1405 202 CAP.
1440 162 1475 202 Ι.
1629 163 1712 202 233

119 271 330 336 Χριστὸς
357 271 431 322 διὰ
457 275 551 322 τῶν
577 272 743 321 ἑαυτοῦ
769 273 1008 333 μαθητῶν·
1052 270 1222 333 ὁμοίως
1255 269 1302 319 δὲ
1340 276 1416 320 καὶ
1446 270 1470 319 ὁ
1497 270 1706 330 Ἰωάννης,

117 355 193 403 καὶ
227 353 281 403 οὐ
314 351 503 406 πάντως
541 351 617 402 διὰ
651 351 803 419 χειρὸς
839 351 1021 417 ἑτέρων,
1048 352 1158 401 ἀλλ’
1188 350 1293 401 οὐδὲ
1328 353 1376 401 ἐν
1403 352 1562 403 αὐταῖς
1597 352 1709 401 ἐκεί-

117 456 216 487 ναις
254 434 479 504 ἐβάπτιζε
516 439 616 487 ταῖς
654 438 842 498 πηγαῖς,
874 433 922 483 ἐν
954 431 1026 486 αἷς
1064 437 1202 483 τοῦτο
1238 431 1461 498 πράττων
1491 433 1708 500 ἐφαίνετο

116 515 343 581 Χριστὸς,
369 515 502 566 ἀλλὰ
527 516 738 580 πλησίον
766 517 838 566 τοῦ
864 516 1048 580 Σαλὴμ,
1078 513 1201 564 καθὰ
1232 515 1512 580 γέγραπται,
1539 515 1614 564 καὶ
1646 518 1707 567 εἷς

73 614 95 652 5
114 598 225 660 μίαν
258 601 353 648 τῶν
387 596 546 667 κύκλῳ
586 601 660 647 καὶ
700 597 889 662 γείτονα
926 596 1101 662 πηγήν.
1156 598 1232 647 καὶ
1268 598 1322 647 δι’
1351 597 1494 647 αὑτοῦ
1531 594 1709 660 τρόπον

113 677 218 728 τινὰ
243 684 326 729 τοῦ
353 680 600 745 διωρίσθαι
628 681 749 747 φημὶ
777 677 860 731 τὰς
894 683 988 728 τῶν
1016 679 1197 728 ὑδάτων
1224 677 1395 744 πηγὰς,
1423 676 1508 742 τὴν
1534 680 1607 729 ε’πῖ
1641 681 1707 746 τῷ

113 760 413 823 βαπτίσματι
456 760 675 811 δεικνύων
717 758 963 827 διαφορὰν,
1004 764 1079 809 καὶ
1125 761 1505 824 κατασημαίνων,
1547 761 1609 813 ὡς
1650 760 1705 809 δι’

114 843 401 907 αἰνίγματος,
428 845 490 896 ὡς
523 840 693 892 ταύτὸν
724 840 809 904 μὲν
840 841 923 891 οὐκ
959 840 1061 892 ε”στι
1098 844 1164 909 τῷ
1201 840 1331 907 παρὰ
1369 847 1451 892 τοῦ
1489 844 1709 907 Σωτῆρος

112 924 245 987 ἡμῶν
272 927 490 990 Χριστοῦ
524 923 578 975 τὸ
614 925 669 974 δι’
699 924 856 974 αὐτοῦ·
899 923 1111 987 πλησίον
1139 924 1181 972 δ’
1212 924 1294 973 οὖν
1325 922 1465 986 ὅμως,
1494 924 1569 973 καὶ
1603 925 1709 988 περὶ

48 1028 96 1053 10
113 1003 240 1068 αὐτὸ,
266 1005 617 1072 προμελέτησίν
643 1028 746 1056 τινα
773 1007 847 1055 καὶ
876 1003 1148 1070 εἰσαγωγὴν
1175 1003 1398 1072 εἰσφέρον
1424 1010 1507 1055 τοῦ
1533 1013 1709 1055 τελειο-

111 1085 260 1152 τέρου.
313 1086 477 1151 ὥσπερ
507 1087 588 1138 οὖν
614 1089 690 1138 καὶ
725 1088 750 1137 ὁ
784 1085 926 1149 νόμος
962 1088 987 1137 ὁ
1024 1085 1101 1137 διὰ
1130 1087 1391 1149 Μωυσέως,
1418 1085 1563 1136 σκιὰν
1589 1086 1709 1154 ἔχειν

113 1168 303 1234 λε’γεται
331 1176 358 1198 “
375 1173 468 1220 τῶν
493 1169 772 1232 μελλόντων
798 1170 1005 1234 ἀγαθῶν,
1034 1170 1115 1219 οὐκ
1148 1167 1294 1232 αὐτὴν
1319 1168 1404 1232 τὴν
1430 1167 1583 1219 εἰκόνα
1616 1173 1710 1218 τῶν

113 1257 140 1279 “
164 1251 506 1316 πραγμάτων·”
547 1252 906 1318 προγύμνασμα
932 1251 1026 1317 γάρ
1053 1274 1096 1301 τι
1124 1252 1199 1301 καὶ
1232 1249 1591 1317 προκατήχησις
1626 1253 1708 1313 τῆς

112 1334 161 1384 ἐν
211 1333 438 1395 πνεύματι
490 1335 710 1400 λατρείας
764 1332 818 1385 τὸ
878 1332 1077 1400 γράμμα
1128 1335 1230 1384 ἐστὶ
1282 1331 1336 1383 τὸ
1388 1331 1703 1394 Μωυσαϊκὸν,

46 1428 93 1467 15
113 1415 429 1481 κεκρυμμένην
456 1416 634 1467 ε”σωθεν
661 1417 827 1467 ὠδῖνον
852 1415 937 1480 τὴν
968 1415 1212 1480 ἀλήθειαν·
1256 1415 1376 1465 οὕτω
1411 1413 1596 1478 νοήσεις
1631 1415 1707 1464 καὶ

112 1497 167 1548 τὸ
194 1501 256 1550 εἷς
281 1497 531 1561 μετάνοιαν
556 1497 826 1562 βάπτισμα.

106 1708 308 1756 'Eri-:vem
353 1707 426 1750 οὖν
460 1710 628 1767 <flamme
665 1710 712 1750 ἐκ
749 1709 835 1751 τών
873 1709 1078 1757 μαθΗτών
1106 1708 1312 1749 Ἰωάννου
1355 1707 1461 1755 μετὰ
1493 1705 1706 1747 Ἰουδαίου

179 1793 277 1849 Περὶ
321 1795 595 1849 καθαρισμοῦ·
655 1791 718 1834 καὶ
769 1789 900 1834 ἦλθον
944 1792 1052 1849 Πρὸς
1101 1791 1174 1834 τὸν
1212 1791 1422 1832 ἸωάννΗν
1468 1789 1536 1830 καὶ
1585 1784 1705 1829 εἶπον

181 1876 310 1930 αὐτῷ.

46 2023 95 2048 20
188 2005 495 2060 Ἀτονοῦντες
532 2008 748 2057 Ἰουδαῖοι
793 2011 889 2060 τοῖς
933 2005 1054 2057 κατὰ
1095 2003 1177 2056 τὸν
1218 2003 1362 2068 νόμον
1399 2004 1709 2070 περιρῥαντη-

112 2088 228 2155 ριόις
278 2089 617 2152 συνίστασθαι,
664 2089 740 2139 καὶ
784 2088 1120 2154 συναγορεύειν
1165 2088 1248 2138 οὐκ
1293 2087 1479 2154 ἔχοντες
1522 2089 1588 2154 τῷ
1634 2084 1710 2135 διὰ

114 2172 299 2221 σποδοῦ
339 2169 586 2232 δαμάλεως
625 2174 920 2239 καθαρισμῷ,
957 2168 1272 2238 ἐξυφαίνουσί
1305 2191 1350 2219 τι
1388 2172 1486 2220 τοῖς
1519 2166 1710 2218 Ἰωάννου

114 2251 348 2321 μαθηταῖς,
390 2253 446 2302 δι’
494 2253 640 2319 οὗπερ
684 2252 893 2319 ἐνόμιζον
938 2254 991 2303 οὐ
1031 2253 1229 2317 μετρίως
1273 2250 1486 2301 ἀνιάσειν
1528 2248 1710 2310 αὐτοὺς,

1728 780 1748 802 a
1788 770 1865 804 157
1884 769 1934 803 A.

1773 1172 1859 1202 Hel).
1881 1182 1911 1203 x.

1727 1483 1752 1522 b

1729 1723 1776 1758 25

1730 1796 1775 1830 26

1773 2185 1929 2223 Ibis-,13

114 2336 263 2385 καίτοι
308 2335 384 2385 καὶ
429 2335 538 2385 λίαν
584 2335 778 2398 ἑτοίμως
824 2335 872 2385 ἐν
913 2339 1009 2387 τοῖς
1051 2334 1160 2384 καθ’
1201 2331 1390 2386 ἑαυτοὺς
1431 2332 1747 2396 ἡττώμενοι.ο

49 2429 95 2467 25
115 2415 271 2480 ἐπειδὴ
298 2416 391 2483 γὰρ
419 2420 461 2467 οἱ
487 2421 553 2486 τῷ
584 2417 798 2486 μακαρίῳ
833 2415 1230 2483 προσεδρεύοντες
1264 2418 1525 2482 βαπτιστῇ,
1553 2414 1706 2478 κρείτ-

116 2521 223 2551 τους
249 2499 336 2562 ἠ’δη
363 2499 439 2549 καὶ
465 2499 774 2565 συνετώτεροι
799 2503 893 2549 τῶν
915 2497 1193 2564 Φαρισαίων
1219 2497 1481 2561 ἐφαίνοντο,
1502 2495 1555 2545 τὸ
1581 2493 1710 2559 παρὰ

115 2583 182 2649 τῷ
207 2579 356 2648 οἰκείῳ
383 2579 660 2650 διδασκάλῳ
697 2580 1009 2647 θαυμάζοντες
1040 2579 1310 2642 βάπτισμα,
1337 2579 1413 2628 καὶ
1447 2576 1555 2629 τοῦς
1592 2575 1711 2626 κατὰ

118 2662 262 2724 νόμον
288 2662 706 2729 καταγωνιζόμενοι
743 2661 1085 2728 καθαρισμούς·
1130 2664 1460 2729 δυσφοροῦσιν
1487 2660 1561 2709 ἐπὶ
1595 2659 1707 2708 τού-

168 2837 198 2860 1.
224 2826 243 2859 ὁ
261 2830 482 2870 assumptum
503 2837 544 2859 ex
563 2826 605 2860 B.
812 2826 845 2861 6.
872 2827 931 2863 τὰς
948 2829 1015 2861 τῶν
1032 2826 1163 2860 ὑδάτων
1180 2825 1290 2870 πηγὰς
1309 2824 1351 2857 Β.
1370 2825 1442 2859 ταῖς
1459 2826 1525 2857 τῶν
1540 2821 1711 2857 Ἰουδαίων

116 2874 240 2918 πηγαῖς
257 2871 324 2906 Ed.
455 2884 488 2917 9.
515 2871 556 2906 δι’
574 2872 695 2918 αὐτοῦ]
714 2873 790 2908 διαυ
806 2875 842 2919 γὶ
861 2873 903 2907 B.
969 2874 1047 2916 περὶ
1064 2873 1174 2906 αὐτῶν
1192 2873 1245 2914 (=
1270 2872 1386 2913 αὐτὸν)
1407 2870 1448 2903 Β.
1585 2881 1637 2904 10.
1665 2870 1710 2903 εἷ-

118 2919 253 2965 σφέρον
273 2919 318 2953 D.
337 2918 510 2963 εἷσφέρων
530 2919 595 2953 Ed.
823 2930 875 2966 17.
901 2919 1065 2954 Ἰουδαίου
1086 2920 1128 2953 D.
1149 2919 1193 2952 (¹f.
1214 2918 1303 2952 infra
1324 2927 1388 2962 175
1407 2917 1440 2951 (l.
1457 2916 1627 2951 Ἰουδαίων
1646 2917 1710 2950 Edr

120 2977 175 3009 24.
203 2966 255 2999 καὶ
275 2972 498 3010 assumptum
517 2978 557 2999 ex
580 2966 620 3000 B.

176 3033 266 3061 voL.
294 3034 321 3060 1.
877 3035 904 3060 H
927 3022 954 3060 h
