2084 3317
2074 44 2084 388 ἓ

319 685 344 724 <1
946 699 1265 748 ΚΕΦΑΛΗ
1320 702 1376 749 Β.
2072 546 2084 805 ἑ

356 862 450 904 ’Ότι
486 867 584 916 μετὰ
620 865 690 907 τὸν
722 871 791 908 τοῦ
827 872 1007 921 Σωτῆρος
1043 870 1214 923 σταυρὸν
1245 872 1343 912 κατὰ
1377 871 1446 922 τὴν
1475 872 1516 912 ἐκ
1553 875 1701 924 νεκρῶν
1733 871 1957 922 ἀναβίωσιν
2071 808 2084 960 ἔ

679 948 871 1002 ε’νῳκίσθη
909 948 1059 1002 παγίως
1092 951 1184 1002 ἡμῖν
1214 950 1258 991 τὸ
1287 949 1433 1004 ’Άγιον
1464 954 1635 1003 Πνεῦμα.

293 1106 341 1143 39
362 1111 503 1153 Τοῦτο
540 1111 586 1154 δὲ
625 1111 746 1162 ἕλει-ε
785 1114 883 1172 Περὶ
926 1119 1001 1157 τοῦ
1038 1117 1289 1166 Πνεύματοε
1331 1114 1379 1159 οὗ
1422 1116 1604 1166 ἔμελλον
1644 1116 1875 1166 λαμβάνειν
1914 1112 1953 1156 οἷ

427 1195 704 1238 Πιστεύοντεε
752 1195 814 1238 εἰς
863 1198 1006 1241 αὐτόν·
1060 1199 1184 1242 οὔπω
1229 1200 1306 1257 Γὰρ
1351 1197 1401 1242 ᾖν
1445 1201 1633 1251 Πνεῦμα,
1676 1199 1741 1241 ὅτι
1783 1198 1997 1241 ἸΗσοῡο5
2068 1210 2073 1248 fl

425 1277 600 1320 οὐδέπω
635 1279 862 1323 ὲὸοξάοθΗ.

433 1429 781 1478 ΔΡΙΜΕΙΑΝ
808 1428 881 1497 ἐφ’
909 1428 1058 1498 ἑαυτῷ
1084 1429 1170 1494 τὴν
1196 1428 1417 1492 βάσανον
1443 1430 1619 1500 ἐξαιτεῖ
1639 1433 1734 1480 τῶν
1757 1451 1949 1496 προκει-

319 1519 340 1546 e
357 1507 510 1569 μένων
537 1509 562 1558 ὁ
589 1514 711 1571 νοῦς,
740 1512 815 1561 καὶ
851 1514 1042 1575 πολλῆς
1077 1513 1321 1579 ἀγχινοίας
1356 1513 1495 1579 ἔργον
1520 1510 1578 1563 ἂν
1605 1511 1788 1577 γένοιτο
1813 1509 1954 1574 μόλις

359 1588 415 1640 τὸ
448 1612 659 1641 συνιεναι
694 1595 894 1659 διαρκῶς
930 1598 1013 1644 τοῦ
1048 1595 1313 1661 μυστηρίου
1351 1618 1405 1645 το
1444 1593 1608 1656 βάθος.
1667 1591 1949 1665 ἀναλογιζό-

355 1693 494 1735 μενος
519 1671 613 1738 γάρ
640 1695 708 1727 τις
735 1696 811 1725 και
837 1678 900 1728 εἷς
928 1675 1132 1726 ἕκαστον
1157 1676 1354 1738 βλέπων
1380 1681 1476 1728 τῶν
1503 1677 1650 1742 ἁγίων
1675 1679 1951 1744 προφητῶν,
1976 1698 2025 1723 10

357 1753 544 1808 εἷκότως
581 1753 639 1805 ἂν
664 1754 754 1820 ἤδη
789 1779 866 1807 και
897 1760 961 1811 εἷς
998 1758 1177 1812 ἐννοιας
1216 1759 1419 1820 ἐκβαίνει
1457 1757 1647 1825 θερμὰς,
1671 1762 1772 1812 πῶς
1806 1761 1882 1808 οὐκ.
1909 1761 1952 1817 ἦν

356 1834 411 1886 τὸ
440 1837 636 1904 Πνεῧμοι,
659 1859 808 1889 καιτοι
835 1839 1068 1891 τοσούτου
1093 1844 1357 1907 προφητῶν
1382 1839 1766 1906 ἀναδεδειγμένου
1793 1844 1951 1906 χοροῦ,

357 1916 402 1968 οἳ
428 1919 504 1968 καὶ
529 1924 792 1973 λαλοῦντες
818 1921 866 1970 ἐν
895 1921 1139 1984 Πνεύματι
1165 1921 1225 1974 τὰ
1250 1926 1351 1973 θεῖα
1377 1924 1483 1989 περὶ
1509 1926 1728 1989 Χριστοῦ
1758 1920 1948 1985 μυστή-

356 2022 436 2066 ρια
470 1997 546 2050 διὰ
578 2005 775 2065 μακρῶν
806 2001 1105 2068 εὑρίσκονται
1139 2003 1316 2071 λόγων.
1370 2004 1436 2068 μὴ
1475 2002 1570 2071 γάρ
1608 2026 1681 2055 τοι
1718 2008 1953 2054 τοσοῦτον

134 2095 280 2132 471Α.
317 2081 488 2145 αήμεῖς
524 2080 617 2150 ἔξω
652 2083 878 2146 βαίνομεν
913 2091 1155 2150 λογισμοῦ
1193 2091 1276 2136 τοῦ
1315 2085 1615 2150 καθήκοντος,
1643 2087 1704 2139 ὡς
1739 2087 1951 2149 οἰηθῆναι
1975 2103 2023 2143 15
2065 2111 2067 2114 ·

359 2163 639 2228 Πνεύματος
677 2165 855 2231 ἐρήμην
893 2164 980 2230 τὴν
1017 2171 1113 2218 τῶν
1152 2168 1301 2233 ἁγίων
1339 2167 1561 2234 γενέσθαι
1599 2166 1820 2218 διάνοιαν.
1873 2169 1952 2217 δυ-

357 2250 516 2296 σωπεῖ
538 2244 632 2312 γὰρ
657 2246 779 2310 ἡμᾶς
806 2249 881 2298 καὶ
909 2248 1122 2315 καθάπερ
1149 2249 1207 2319 ἐξ
1229 2248 1436 2316 ἀνάγκης
1462 2249 1582 2317 πρὸς
1612 2249 1667 2300 τὸ
1703 2250 1951 2301 πείθεσθαι

358 2331 507 2390 καλεῖ,
529 2329 591 2381 ὡς
617 2329 880 2381 διακεῖσθαι
908 2329 1028 2381 κατὰ
1053 2330 1294 2396 ἀλήθειαν,
1313 2334 1376 2386 ὡς
1401 2330 1530 2395 ἦσαν
1554 2329 1950 2399 πνευματοφόροι,

357 2411 433 2459 καὶ
472 2408 586 2460 αὐτὸ
625 2413 710 2474 τῆς
748 2412 1042 2480 προφητείας
1079 2411 1134 2464 τὸ
1171 2416 1333 2481 χρῆμα
1371 2416 1446 2465 καὶ
1485 2413 1544 2464 τὰ
1587 2415 1636 2464 ἐν
1673 2417 1770 2467 τοῖς
1813 2416 1951 2479 ἱεροῖς

358 2489 669 2556 εὑρισκόμενα
703 2491 972 2559 γράμμασι.
1972 2509 2022 2534 ²0

135 2564 296 2639 ‘15.Reg.x.
435 2572 566 2638 Πρὸς
604 2572 690 2636 μὲν
727 2573 822 2642 γὰρ
859 2574 942 2626 τὸν
970 2575 1131 2626 Σαοὺλ
1165 2576 1190 2627 ὁ
1223 2576 1456 2642 Σαμουήλ
1488 2583 1653 2646 φησιν,
1687 2576 1757 2628 ὅτι
1788 2584 1815 2608 “
1835 2579 1951 2647 ἐφα-

359 2661 386 2684 “
413 2659 564 2706 λεῖται
603 2656 676 2706 ἐπὶ
719 2655 778 2707 σὲ
821 2662 1006 2723 πνεῦμα
1047 2658 1239 2725 Κυρίου,
1280 2660 1355 2709 καὶ
1394 2660 1661 2728 στραφήσῃ
1700 2663 1762 2714 εἷς
1802 2659 1951 2726 ἄνδρα

407 2812 440 2846 8.
466 2813 667 2858 αὒσχινοίας
685 2814 766 2859 (sic)
787 2814 830 2849 B.
849 2815 1049 2850 emendavit
1068 2816 1187 2851 Holst.
1331 2829 1363 2862 9.
1390 2819 1428 2851 τὸ
1445 2818 1543 2863 prius
1560 2816 1723 2852 emendat
1742 2816 1872 2862 Heyse.
1889 2819 1951 2851 τοῦ

361 2857 404 2892 Β.
424 2858 490 2893 Ed.
556 2861 595 2894 τὸ
613 2860 692 2906 alh]
713 2876 766 2895 και
785 2862 1226 2906 Migne‚11.e'xss3cnvec
1245 2863 1287 2897 Β.
1310 2865 1374 2899 Ht.
1395 2865 1560 2905 ἐπιβαίνει
1577 2864 1672 2898 Aub.
1750 2873 1803 2908 15.
1833 2863 1950 2898 Habet

357 2905 520 2949 βαίνομεν
540 2905 581 2941 Β.
666 2918 720 2952 19.
745 2908 878 2954 χρῆμα]
897 2910 1016 2954 σχῆμα
1033 2909 1127 2944 Aub.
1144 2911 1257 2955 χρῆμα
1275 2917 1389 2945 tamen
1408 2912 1445 2945 in
1462 2912 1554 2945 notis
1572 2911 1772 2956 conjiciens.
1823 2910 1950 2944 Statim

359 2965 413 3001 καὶ
430 2967 472 3002 τὰ
489 2975 715 3015 assumptum
731 2982 775 3006 ex
793 2970 836 3006 Β.
935 2982 991 3007 20.
1016 2972 1256 3017 εὑρισκόμενον
1276 2973 1338 3008 Ht.
1358 2974 1426 3009 Ed.
1476 2974 1602 3009 Statim
1619 2965 1818 3020 ypcipparffff
1827 2973 1868 3009 Β.
