2073 3296
341 169 398 209 26
743 168 792 207 B.
826 166 1099 208 CYRILLI
1140 166 1517 207 ALEXANDR.
1840 165 1865 205 i.
1889 178 1923 204 1.

340 274 470 343 παρὰ
503 275 692 342 Πατρός
710 297 723 337 ;
771 279 890 326 αἰτεῖ
922 273 1016 341 γὰρ
1054 276 1115 328 ὡς
1153 274 1208 344 ἐξ
1244 273 1450 341 ἀνάγκης
1487 275 1573 338 τὴν
1602 274 1820 338 τοιαύτην
1851 274 1923 340 ἐφ’

342 359 519 412 ἑαυτοῖς
545 357 743 421 θεωρίαν
768 354 828 407 τὰ
853 354 1077 420 ὀνόματα.
1117 355 1272 420 ἐπειδὴ
1299 355 1348 407 δὲ
1372 358 1684 422 γεγεννῆσθαι
1709 354 1792 406 τὸν
1809 352 1928 405 Υἱὸν

343 442 389 490 αἱ
422 442 538 490 θεῖαι
569 437 852 504 κηρύττουσι
887 439 1083 506 γραφαὶ,
1111 438 1187 488 καὶ
1221 438 1246 487 ὁ
1280 440 1362 500 τῆς
1398 438 1620 502 ἀληθείας
1654 438 1799 489 οὕτως
1837 436 1928 503 ε”χει

342 519 504 585 λόγος,
531 519 796 588 ὑφέστηκεν
821 519 913 585 ἄρα
948 520 1024 569 καὶ
1057 517 1166 570 καθ’
1192 517 1369 571 ἑαυτόν.
1419 518 1523 570 ἔστι
1554 517 1602 569 δὲ
1631 517 1780 570 πάλιν
1805 519 1923 568 ἰδια-

343 598 512 665 ζόντως
552 601 629 650 καὶ
667 600 692 649 ὃ
733 598 917 665 Πατὴρ,
957 599 1083 666 ε’ίπερ
1122 599 1279 666 ἕτερον
1320 599 1377 669 ἐξ
1415 600 1571 666 ἑτέρου
1611 599 1838 668 φαίνεται,
1874 596 1929 648 τὸ
1948 611 1970 649 5

342 680 633 747 γεννώμενον
659 682 721 734 ὡς
746 680 866 747 πρὸς
891 680 945 732 τὸ
971 685 1164 746 γεννῶν.

299 768 327 809 d
417 783 548 812 ΑΛΛο.
605 763 668 812 Ὁ
713 761 939 828 μακάριος
992 766 1188 816 Παῦλος
1237 760 1537 813 ἐπιστέλλων
1587 759 1932 824 Φιλιππησίοις

343 847 449 910 περὶ
486 849 570 894 τοῦ
608 846 727 894 Υὶοῦ
765 847 920 912 φησιν
947 842 1088 896 6ίόΟς
1125 844 1174 893 ἐν
1208 846 1373 911 μορφῇ
1412 847 1536 894 Θεοῦ
1575 840 1812 908 ὑπάρχων,
1845 841 1932 908 οὐχ

344 930 372 954 “
398 923 652 990 ἁρπαγμὸν
678 923 896 990 ἡγήσατο
928 923 983 975 τὸ
1020 923 1135 976 εἶναι
1164 924 1249 975 ἰ’σα
1275 924 1430 993 Θεῷ.”
1482 923 1552 978 τίς
1577 924 1659 974 οὖν
1685 923 1777 988 ἄρα
1802 923 1933 972 ἐστὶν

345 1007 371 1056 ὁ
409 1003 665 1071 ἁρπαγμὸν
696 1006 749 1055 οὐ
788 1004 999 1069 θελήσας
1037 1003 1316 1071 ἡγήσασθαι
1354 1002 1409 1055 τὸ
1446 1002 1560 1055 εἶναι
1599 1003 1685 1054 ἰ’σα
1715 1006 1855 1072 Θεῷς
1902 1000 2003 1066 ἣῐο
2054 1016 2057 1063 ζ

346 1085 439 1153 γὰρ
470 1086 553 1137 οὐκ
585 1084 766 1151 ἀνάγκη
798 1087 966 1151 λέγειν,
994 1086 1075 1136 ἕνα
1100 1085 1185 1150 μέν
1210 1108 1314 1137 τινα
1341 1083 1563 1153 ὑπάρχειν
1589 1084 1670 1136 τὸν
1695 1086 1744 1135 ἐν
1769 1088 1934 1152 μορφῇ
2054 1082 2057 1094 ’

123 849 210 880 Phil.
227 849 261 879 ii.

123 892 154 923 6.

347 1170 488 1230 Θεοῦ,
520 1165 677 1233 ἕτερον
711 1166 759 1217 δὲ
796 1166 944 1218 πάλιν
979 1166 1062 1218 τὸν
1101 1166 1244 1233 οὗπερ
1283 1166 1340 1231 ἧν
1376 1167 1404 1230 ἡ
1442 1166 1638 1235 μορφή;
1683 1165 1794 1216 ἀλλ’
1832 1164 1936 1216 ε”στι

348 1250 495 1312 δῆλον
541 1246 694 1299 ἅπασι
739 1248 815 1298 καὶ
860 1248 1258 1314 ὁμολογούμενον.
1331 1249 1496 1299 οὐκοῦν
1539 1249 1627 1315 οὐχ
1677 1247 1726 1298 ἕν
1769 1269 1815 1297 τι
1859 1247 1936 1297 καὶ

311 1326 520 1380 εταυτὸν
554 1332 621 1397 τῷ
658 1330 842 1397 ἀριθμῷ
881 1327 1052 1395 Πατὴρ
1091 1331 1166 1380 καὶ
1193 1328 1321 1391 Υἱὸς,
1355 1330 1464 1379 ἀλλ’
1499 1328 1823 1380 ἶδιοσύστατοι
1861 1330 1938 1378 καὶ

349 1411 398 1461 ἐν
423 1408 657 1473 ἀλλήλοις
684 1409 1004 1476 θεωρούμενοι,
1032 1432 1153 1461 κατα
1177 1408 1263 1474 τὴν
1287 1408 1551 1474 ταυτότητα
1581 1412 1665 1474 τῆς
1696 1409 1874 1472 οὐσίας,
1899 1411 1937 1459 εἰ
1960 1425 2005 1464 15
2052 1430 2056 1444 ·

349 1513 425 1542 και
451 1513 515 1543 εις
539 1490 639 1559 ἐξ
618 1489 733 1552 ενὸς,
759 1493 809 1542 ἐκ
837 1489 1074 1557 Πατρος
1055 1514 1080 1542 ο
1107 1489 1221 1544 Υιὸς
1248 1489 1447 1555 δηλαδή.

128 1582 221 1613 Infra
237 1593 267 1613 x.
426 1591 560 1621 ΑΛΛο.
622 1579 649 1602 “
673 1572 804 1638 Ἐγὼ
862 1595 938 1624 και
995 1574 1020 1623 ὁ
1079 1571 1249 1638 Πατὴρ
1306 1573 1354 1622 ἑν
1405 1573 1590 1637 ἐσμεν,”
1647 1571 1858 1640 ἔφασκεν
1913 1572 1938 1622 ὁ

130 1634 181 1665 ὅθ’
353 1653 535 1720 Σωτήρ·
576 1655 638 1707 ὡς
663 1653 793 1708 ειδὼς
819 1653 1040 1718 δηλονότι
1066 1677 1142 1704 και
1173 1653 1337 1705 ἑαυτὸν
1363 1654 1489 1707 ιδιως
1523 1645 1827 1722 ὑφεστηκότα
1862 1654 1938 1704 καὶ

350 1733 434 1786 τὸν
460 1735 671 1801 Πατέρα·
714 1738 751 1785 εἰ
778 1735 827 1786 δὲ
852 1733 917 1799 μὴ
943 1736 1091 1789 οὕτως
1116 1734 1209 1802 ἔχει
1235 1740 1318 1785 τοῦ
1343 1733 1623 1802 πράγματος
1656 1734 1685 1798 ἡ
1717 1733 1934 1798 ἀλήθεια,

350 1816 400 1867 τί
432 1814 498 1880 μὴ
537 1815 749 1882 τηρήσας
785 1820 845 1884 τῇ
883 1815 1008 1867 ἑνάδι
1046 1814 1101 1867 τὸ
1144 1816 1327 1882 πρέπον
1368 1816 1578 1885 ε”φασκεν
1615 1815 1746 1881 Ἐγὼ
1791 1816 1868 1866 καὶ
1913 1817 1938 1866 ὁ
1961 1837 2010 1863 20
2052 1830 2055 1845 ⁷

353 1896 523 1962 Πατὴρ
558 1897 607 1947 ἕν
632 1901 752 1961 εἶμις
796 1897 953 1961 ἐπειδὴ
987 1896 1035 1948 δὲ
1069 1900 1131 1951 εἶς
1167 1896 1487 1961 πληθυντικὸν
1519 1896 1718 1963 ἀριθμὸν
1750 1895 1805 1948 τὸ
1840 1919 1936 1962 ση-

351 1976 634 2042 μαινόμενον
672 1978 886 2047 ἐξαπλοΐ,
927 1981 1071 2042 δῆλος
1116 1977 1172 2029 ἂν
1209 1978 1278 2042 εἴη
1323 1978 1493 2029 λοιπὸν
1531 1977 1616 2042 τὴν
1653 1982 1748 2029 τῶν
1788 1979 1940 2045 ἑτερο-

133 2073 180 2109 17
203 2072 254 2107 A.
314 2058 621 2128 αδοξούντων
645 2059 920 2126 ἀνατρέπων
953 2057 1190 2111 ὑπόνοιαν·
1246 2059 1350 2110 οὐδὲ
1385 2058 1478 2126 γὰρ
1515 2058 1573 2110 ἂν
1605 2061 1713 2110 καθ’
1751 2058 1853 2113 ἑνὸς
1885 2058 1939 2110 τὸ

355 2138 498 2202 ἐσμὲν
522 2141 786 2208 ἐπενεχθείη
812 2145 1033 2194 συνετῶς.
2050 2200 2053 2214 Ι

431 2241 564 2271 ΑΛΛο.
617 2222 731 2273 Ἐπὶ
779 2225 838 2289 τῇ
888 2226 972 2272 τοῦ
1022 2221 1273 2287 ἀνθρώπου
1330 2225 1598 2288 κατασκευῇ
1654 2221 1791 2290 φωνὴ
1850 2219 1934 2290 φε-
1962 2236 2009 2273 25
2050 2231 2055 2272 Ξ

134 2309 220 2341 Gen.
235 2309 258 2342 ῑ·
357 2324 486 2369 ρεται
527 2307 653 2354 Θεοῦ
691 2309 718 2333 “
740 2301 1041 2398 Ποιησωμεν,
1081 2302 1319 2367 λεγοντος,
1359 2302 1609 2369 ἄνθρωπον
1647 2303 1746 2352 κατ’
1787 2300 1942 2353 εικόνα
2050 2293 2054 2306 ⁴

358 2384 638 2450 “ἡμετεραν
681 2387 757 2435 καὶ
801 2382 910 2434 καθ’
957 2384 1208 2447 ὁμοιωσιν.’
1288 2383 1415 2450 ε’ίπερ
1461 2384 1542 2434 οὖν
1587 2407 1649 2437 εις
1696 2405 1746 2434 εν
1788 2405 1834 2434 τι
1875 2386 1943 2452 τῶ

357 2466 541 2535 ἀριθμῷ
588 2463 644 2516 τὸ
691 2467 774 2528 τῆς
817 2464 954 2530 ἁγίας
998 2464 1201 2531 Τριάδος
1250 2464 1447 2527 πλάτος,
1489 2464 1565 2515 ἵνα
1615 2465 1762 2517 οὕτως
1812 2463 1941 2527 ε’ίπω,

357 2548 699 2609 συστέλλεται,
753 2549 830 2596 καὶ
880 2547 1228 2607 δυσσεβοῦντες
1278 2547 1524 2611 ἀναιροῦσι
1573 2543 1628 2596 τὸ
1681 2544 1943 2613 ὑφεστάναι

359 2629 464 2680 καθ’
493 2627 682 2682 ἑαυτοὺς
710 2626 904 2694 Πατέρα
929 2629 1004 2678 καὶ
1030 2626 1164 2678 Υἱόν·
1207 2628 1276 2681 τίς
1313 2628 1338 2677 ὁ
1373 2625 1490 2694 πρὸς
1522 2627 1627 2678 τίνα
1656 2626 1814 2693 λέγων
1839 2626 1948 2678 ἐστι’
1963 2637 2013 2675 30

409 2816 439 2840 1.
464 2805 572 2864 παρὰ]
595 2811 633 2865 ᾆ-
653 2809 714 2841 τοῦ
732 2806 775 2841 Β.
839 2805 1118 2850 αἰτεῖ-ὀνόματα
1135 2805 1853 2852 om.Euth.4.41‘1(‡)eo·rr'pxao·w''apa
1869 2805 1941 2840 καθ’

359 2852 497 2888 εαυτοὺς
513 2855 566 2888 καὶ
587 2854 674 2889 εἰσὶν
691 2853 882 2896 ἰδιαζόντως
901 2852 955 2886 καὶ
977 2854 996 2886 ὁ
1018 2852 1128 2897 πατὴρ
1151 2853 1204 2886 καὶ
1225 2854 1244 2886 ὁ
1266 2853 1337 2888 υἱὸς
1358 2866 1451 2896 ειπερ
1469 2852 1578 2887 Euth.
1643 2867 1698 2888 και
1719 2857 1943 2897 assumptum

359 2910 401 2933 ex
420 2898 464 2933 B.
627 2899 679 2935 16.
705 2899 834 2943 δηλαδὴ
852 2902 933 2934 ante
950 2899 985 2933 ἐκ
1001 2898 1666 2945 ῐτᾶΠ8Ρ.Ε11ῐ11.26.λεγοντος
1682 2899 1859 2943 ἄνθρωπον
1875 2898 1942 2934 hoc

360 2944 483 2980 ordine
502 2945 543 2980 B.
735 2946 789 2981 28.
814 2947 853 2980 τὸ
870 2957 940 2980 om.
959 2945 1002 2980 Β.
