2084 3317
318 177 399 214 2122
722 176 769 215 Β.
804 175 1077 215 CYRILLI
1120 175 1499 214 ALEXANDR.
1763 171 1906 225 iii.31.

320 283 480 347 γε’σθω
525 286 599 334 καὶ
644 285 718 335 ἐπὶ
758 283 934 337 παντὸς
978 283 1189 349 ἀγγέλου
1238 286 1313 334 καὶ
1357 282 1593 345 δυνάμεως
1640 282 1837 345 λογικῆς
1879 278 1907 341 ἡ

320 365 462 433 λέξις·
517 366 732 433 ἔρχονται
769 366 862 431 γὰρ
902 368 963 418 ὡς
1002 366 1122 428 ἡμᾶς
1153 365 1210 433 ἐξ
1242 366 1451 431 οὐρανῶν
1477 367 1519 414 οἱ
1553 362 1639 426 τὴν
1677 361 1774 412 ἄνω
1808 363 1906 411 δια-

98 450 203 529 ᾕῑῑςίΜ
319 448 559 512 τρίβοντες
593 447 749 510 πόλιν,
786 449 861 497 καὶ
899 447 1211 506 ἀναβαίνουσι
1249 448 1326 496 καὶ
1364 445 1753 506 καταβαίνουσιν,
1783 444 1844 496 ὡς
1883 442 1908 491 ὁ

137 523 145 531 “
322 528 489 594 Σωτήρ
524 552 615 580 που
652 532 818 596 φησὶν,
844 530 919 579 ἐπὶ
953 527 1035 578 τὸν
1061 526 1179 578 Υὶὸν
1206 533 1289 578 τοῦ
1315 527 1582 593 ἀνθρώπου.
1637 526 1687 576 τί
1709 525 1791 575 οὖν
1816 523 1908 590 ἄρα

320 611 423 660 ἐστὶ
474 610 528 660 τὸ
580 609 662 660 τὸν
712 609 945 675 μακάριον
996 607 1271 673 βαπτιστὴν
1321 608 1553 669 πεπεικὸς,
1605 605 1659 658 τὸ
1708 610 1909 658 πολλοῖς

320 692 505 756 ἕτοιμον
531 696 593 745 εἷς
619 692 841 760 ἐξουσίαν
866 693 1102 742 ἀναθεῖναι
1139 689 1269 760 μόνῳ
1307 691 1404 741 κατ’
1433 689 1669 758 ἐξαίρετον
1693 691 1760 756 τῷ
1785 691 1906 756 Υὶῲ,

322 775 397 823 καὶ
437 775 498 826 ὡς
537 775 608 841 ἐφ’
638 773 737 827 ἑνὸς
775 778 859 824 τοῦ
899 773 1077 824 ἄνωθεν
1110 772 1478 833 καταβαίνοντος
1512 774 1652 822 εἰπεῖν
1677 770 1734 820 ‘O
1762 768 1912 821 ἄνωθεν

323 854 579 922 ἐρχόμενσςς
632 858 752 922 χρῆν
790 855 884 921 γὰρ
924 854 1074 919 δήπου
1112 857 1478 905 κοινοποιεῖσθαι
1517 858 1613 906 τοῖς
1651 853 1820 905 ἄλλοις
1858 849 1912 902 τὸ

278 943 303 982 d
324 938 523 1004 ἀξίωμα,
550 937 754 1002 λέγοντα
782 941 846 988 Οἱ
884 937 1062 988 ἄνωθεν
1089 936 1331 1004 ἐρχόμενοι
1367 935 1523 986 ἐπάνω
1557 934 1749 986 πάντων
1775 932 1910 984 εἰσίν.

324 1020 434 1068 ἀλλ’
480 1017 601 1069 οἶδεν
643 1021 707 1069 ἑνὶ
752 1023 817 1088 τῷ
859 1023 960 1088 Υὶῴ
1003 1018 1057 1069 τὸ
1102 1021 1230 1085 ῥῆμα
1278 1018 1680 1085 χρεωστούμενον,
1725 1018 1788 1069 ὡς
1831 1017 1914 1079 τῆς

324 1100 547 1151 ἀνωτάτω
585 1100 710 1167 ῥίζης
748 1101 1043 1169 ἐκπεφυκότι.

398 1184 588 1233 Οὔκουν
614 1183 704 1249 ἄρα
731 1182 785 1233 τό
811 1181 1028 1233 ’Άνωθεν
1053 1183 1272 1247 σημαίνει
1298 1182 1352 1234 τό
1377 1181 1471 1252 Ἐξ
1494 1183 1705 1249 οὐρανοῦ·
1747 1179 1915 1245 νοηθή-

323 1286 460 1314 σεται
495 1263 543 1315 δὲ
577 1268 781 1327 μᾶλλον,
810 1263 1020 1330 καθάπερ
1057 1264 1146 1328 ἤδη
1181 1266 1482 1330 προείπομεν,
1509 1265 1720 1324 εὐσεβῶς
1753 1285 1804 1313 τε
1839 1264 1915 1313 καὶ

323 1347 529 1408 ἀληθῶς.
583 1350 681 1399 πῶς
709 1345 802 1412 γὰρ
830 1345 953 1399 ὅλως
979 1345 1114 1396 ἔσται
1141 1348 1215 1396 καὶ
1244 1344 1392 1397 ἐπάνω
1420 1346 1605 1408 πάντων,
1633 1349 1670 1396 εἰ
1695 1344 1760 1410 μὴ
1785 1344 1840 1396 τὸ
1864 1345 1915 1395 ἐκ

326 1427 516 1494 Πατρὸς
543 1428 760 1491 σημαίνει
787 1428 840 1479 τό
867 1426 1100 1490 ”Ανωθεν,
1118 1427 1249 1478 ἀλλὰ
1275 1432 1467 1492 μᾶλλον
1485 1427 1539 1479 τό
1563 1427 1659 1496 Ἐξ
1681 1428 1910 1493 οὐρανοῦ;

323 1508 456 1559 ἔσται
494 1508 601 1575 γὰρ,
634 1508 693 1560 ἂν
724 1511 872 1563 οὕτως
906 1509 1002 1578 ἔχῃ,
1036 1511 1113 1560 καὶ
1147 1509 1347 1563 ἕκαστος
1384 1513 1480 1560 τῶν
1511 1509 1658 1575 ἁγίων
1692 1508 1916 1575 ἀγγέλων

323 1590 478 1642 ἐπάνω
517 1590 723 1655 πάντων,
763 1593 825 1645 ὡς
863 1593 1033 1642 ἐκεῖθεν
1070 1590 1331 1659 ἐρχόμενος·
1383 1589 1587 1642 ἑκάστου
1627 1589 1676 1642 δὲ
1717 1590 1909 1659 διαφεύ-

285 1694 306 1720 e
326 1695 492 1737 γοντος
517 1672 572 1724 τὸ
598 1675 950 1740 ἐναριθμεῖσθαι
976 1677 1072 1727 τοῖς
1097 1677 1262 1736 πᾶσιν,
1289 1672 1383 1725 ἀπὸ
1410 1674 1550 1724 τίνων
1575 1673 1640 1724 ἔτι
1665 1671 1720 1724 τό
1748 1670 1917 1724 Πάντα

324 1755 681 1822 συναχθήσεται
705 1778 718 1818 ;
763 1754 791 1820 ἢ
818 1760 919 1810 πῶς
946 1753 1004 1806 ἀν
1030 1755 1139 1819 ἡμῖν
1164 1756 1189 1806 ὁ
1215 1760 1298 1806 τοῦ
1329 1754 1498 1806 Πάντα
1524 1753 1672 1821 λόγος
1706 1754 1919 1821 ἀκέραιος

327 1837 567 1900 διαμείναι,
588 1836 832 1903 διασώζων
855 1839 1076 1904 ἀκριβῶς,
1098 1836 1122 1888 ὃ
1149 1838 1398 1902 σημαίνειν
1423 1839 1662 1899 βούλεται,
1681 1836 1918 1902 τοσαύτης

326 1918 548 1983 ἀγγέλων
568 1919 906 1987 ἀποφοιτώσης
929 1919 1158 1982 πληθύος,
1175 1921 1251 1970 καὶ
1277 1920 1619 1984 παραλυούσης
1644 1925 1728 1970 τοῦ
1750 1918 1919 1970 Πάντα

326 2000 410 2051 τὸν
436 2000 576 2066 ὅρον;
621 2001 770 2051 οὐκέτι
804 2000 895 2066 γὰρ
927 2002 1097 2062 πάντα,
1125 2000 1362 2063 μενόντων
1388 2000 1531 2063 ἐκτὸς,
1556 2001 1688 2067 οἵπερ
1717 1999 1845 2064 ἦσαν
1870 2002 1918 2051 ἐν

326 2087 493 2134 πᾶσιν.
537 2084 562 2133 ὁ
589 2083 641 2134 δέ
662 2105 715 2148 γε
742 2083 952 2149 ἀῤῥήτως
978 2083 1027 2132 ἐκ
1053 2086 1179 2133 Θεοῦ
1207 2080 1398 2147 Πατρὸς
1425 2082 1719 2151 ἀναλάμψας
1745 2081 1918 2148 Λόγος,

328 2162 597 2230 ἰδιάζουσαν
642 2164 763 2231 ἔχων
807 2163 893 2229 τὴν
939 2164 1116 2215 ἄνωθεν
1159 2165 1396 2230 γέννησιν,
1443 2166 1518 2215 καὶ
1568 2164 1780 2232 καθάπερ
1823 2163 1918 2216 ἀπὸ

326 2248 483 2311 πηγῆς
543 2249 625 2310 τῆς
685 2252 768 2297 τοῦ
823 2244 1015 2313 Πατρὸς
1065 2246 1230 2300 οὐσίας
1284 2245 1510 2314 ὑπάρχων
1561 2247 1784 2317 ἐρχόμενος
1834 2247 1918 2298 οὐκ

105 2343 183 2376 163
200 2342 252 2377 A.
287 2327 541 2392 ειάδικήσει
579 2327 633 2380 τό
675 2328 857 2391 Πάντα,
895 2327 950 2379 τὸ
989 2330 1037 2379 ἐν
1075 2333 1226 2379 πᾶσιν
1266 2330 1328 2381 ὡς
1365 2328 1504 2395 μέρος
1545 2327 1766 2397 τετάχθαι
1810 2331 1915 2380 δια-

326 2410 511 2478 φυγών·
567 2410 704 2461 ε”σται
750 2409 799 2461 δὲ
843 2414 1034 2474 μᾶλλον
1081 2408 1228 2462 ἐπάνω
1273 2412 1460 2473 πάντων,
1502 2413 1565 2465 ὡς
1609 2411 1763 2478 ἕτερος
1805 2409 1916 2477 παρ’

326 2490 462 2555 αὐτὰ,
492 2493 566 2543 καὶ
603 2491 747 2560 φύσει
784 2494 859 2543 καὶ
895 2492 1085 2555 δυνάμει
1122 2496 1373 2558 θεοπρεπεῖ
1401 2494 1475 2544 καὶ
1509 2497 1605 2546 τοῖς
1640 2492 1808 2547 ἄλλοις
1833 2497 1918 2544 τοῦ

326 2574 644 2639 γεννήσαντος
684 2575 951 2639 ἱδιώμασιν.

376 2708 407 2732 2.
434 2696 494 2743 ὡς]
513 2699 598 2743 πρὸς
620 2698 662 2732 Β.
739 2699 770 2732 οἱ
795 2698 855 2742 τὴν
880 2697 947 2732 ἅνω
972 2696 1203 2742 διατρίβοντες
1231 2697 1272 2732 Β.
1292 2698 1466 2742 τρίβοντες
1492 2698 1560 2732 Ed.
1610 2697 1788 2732 Neutrum
1812 2696 1918 2732 habet

328 2744 452 2789 Migne
470 2745 530 2790 qui
547 2751 581 2778 et
598 2745 746 2779 verbum
764 2756 815 2790 sq.
834 2756 905 2779 om.
1016 2755 1049 2789 3.
1075 2745 1093 2777 ὁ
1112 2743 1227 2789 Σωτήρ
1245 2751 1468 2789 assumptum
1486 2756 1527 2778 ex
1548 2744 1589 2779 B.
1702 2753 1735 2787 5.
1761 2745 1918 2779 πεπεικὸς

327 2798 407 2824 ante
424 2792 482 2826 τὸν
498 2792 661 2835 μακάριον
679 2798 720 2825 tr.
742 2791 783 2826 B.
943 2791 976 2824 6.
1002 2791 1123 2834 ἔτυμον
1142 2790 1184 2824 Β.
1250 2791 1484 2836 κατεξαίρετον
1503 2791 1550 2826 D.
1718 2801 1771 2824 12.
1798 2793 1918 2826 οὔκουν

330 2837 370 2871 Β.
389 2837 448 2871 οὐκ
467 2837 533 2872 Ed.
640 2849 692 2883 13.
719 2840 854 2882 μᾶλλον
872 2844 1093 2882 assumptum
1112 2849 1153 2870 ex
1173 2837 1215 2871 B.
1324 2838 1376 2872 16.
1402 2837 1506 2883 ἁγίων
1523 2842 1744 2882 assumptum
1762 2849 1804 2871 ex
1824 2837 1917 2872 B.D.

332 2895 383 2925 Π).
411 2884 487 2927 ἡμῖν
504 2891 728 2929 assumptum
746 2897 787 2919 ex
809 2885 848 2919 B.
913 2885 1039 2919 πάντας
1060 2884 1099 2918 Β.
1244 2895 1298 2918 20.
1324 2884 1460 2928 διαμένῇ
1481 2885 1533 2929 (=
1547 2884 1682 2928 διαμένῃ
1701 2884 1755 2917 vel
1772 2883 1918 2928 διαμενεῖ

329 2938 367 2962 ut
386 2931 535 2970 videtur)
559 2931 598 2964 B.
745 2943 798 2965 21.
826 2931 1055 2976 (ὶπυφοίτησις
1077 2931 1116 2965 B.
1263 2942 1317 2975 23.
1346 2931 1550 2976 ἀναλάμψας
1572 2931 1612 2965 Β.
1631 2930 1829 2974 διαλιὶμψας
1850 2930 1914 2964 Ε(].

331 2977 384 3009 26.
412 2980 448 3010 τὸ
468 2978 524 3011 alt.
545 2990 612 3011 (nn.
638 2978 677 3012 Β.

1930 623 1952 660 01

1937 1039 1985 1063 10

1939 1864 1988 1889 20
