2073 3296
339 137 394 176 38
740 136 1102 178 B.CYRnssst
1143 138 1522 179 ALEXANDR.
1842 136 1923 177 {L

342 243 392 295 δὲ
430 243 552 299 Θεὸς
592 244 647 296 τὸ
691 244 883 297 πάντων
919 247 1022 297 ἐστὶ
1066 246 1414 313 πρεσβύτατον,
1452 246 1572 298 κατὰ
1609 247 1809 311 μίμησιν
1848 247 1929 310 δη-

302 326 503 378 ολονότι
542 327 737 390 πατέρες
781 329 923 392 ἡμεῖς,
964 331 1006 379 οἱ
1051 328 1170 395 πρὸς
1215 328 1270 380 τὸ
1315 329 1488 380 ἐκείνου
1526 331 1694 396 σχῆμα
1733 327 1808 379 διὰ
1845 334 1929 378 τοῦ

340 412 630 473 πεποιῆσθαι
675 411 773 461 κατ’
819 409 973 461 εἰκόνα
1018 411 1309 475 κεκλημένοι.
1383 409 1482 461 εἶτα
1527 415 1640 472 πῶς,
1686 411 1792 461 εἶπέ
1831 433 1928 473 μοι,

340 491 511 544 λοιπὸν
537 496 579 543 οἱ
615 494 719 543 καθ’
750 493 977 556 ὁμοίωσιν
1003 493 1249 558 γεγονότες
1285 494 1425 562 αὐτῷ,
1452 492 1571 543 κατὰ
1606 492 1755 561 φύσιν
1786 491 1930 555 ἐσμὲν

339 580 433 626 τῶν
459 574 637 625 οἰκείων
664 574 839 625 τέκνων
863 575 1073 641 πατερες,
1101 578 1136 625 εἰ
1163 573 1227 639 μὴ
1253 574 1490 641 πρόσεστι
1517 579 1654 625 τοῦτο
1689 577 1747 642 τῇ
1783 575 1922 641 ἀρχε-
1949 592 1972 630 5

339 658 472 726 τύπῳ
498 654 650 718 εἰκόνι,
677 654 796 722 πρὸς
821 654 878 720 ἣν
906 658 981 706 καὶ
1007 656 1391 725 μεμορφώμεθα;
1433 661 1534 710 πῶς
1565 658 1608 707 δ’
1637 655 1694 707 ἂν
1721 655 1844 709 ὅλως
1874 654 1929 706 τὸ

340 741 424 802 τῆς
461 742 661 804 πατριᾶς
699 737 801 802 ἤτοι
839 738 1133 805 πατρότητος
1176 737 1326 803 ὄνομα
1371 741 1448 790 καὶ
1489 742 1552 793 εἷς
1600 738 1708 791 τοὺς
1750 738 1931 792 ἄλλους

340 821 533 882 ἐκβῆναι
557 819 688 886 παρὰ
715 823 840 871 Θεοῦ
868 821 969 885 δοίη
996 843 1065 875 τις
1091 819 1160 884 ἂν,
1183 820 1225 871 εἴ
1245 844 1300 887 γε
1327 820 1473 874 ὅντως
1500 821 1582 871 οὐκ
1608 820 1711 871 ε”στι
1737 817 1925 886 πατήρ;

342 901 555 970 φαίνεται
592 901 700 968 γὰρ,
739 901 796 953 ἂν
835 904 982 957 οὕτως
1023 901 1120 971 ἔχῃ,
1159 906 1405 956 παντελῶς
1446 901 1806 969 ἀνεστραμμένη
1847 907 1930 953 τοῦ

296 982 621 1049 ᾶπράγματος
658 984 686 1048 ἡ
726 983 886 1053 φύσις,
921 985 1051 1049 ἡμεῖς
1090 984 1137 1036 δὲ
1175 989 1367 1049 μᾶλλον
1402 985 1528 1054 αὐτῷ
1566 986 1670 1035 καθ’
1704 984 1931 1047 ὁμοίωσιν
1955 1008 2003 1033 10
2066 1001 2068 1013 ³

340 1063 427 1128 τὴν
464 1063 584 1132 πρὸς
621 1066 742 1130 ἡμᾶς
777 1066 831 1117 τό
866 1066 1036 1133 Πατὴρ
1076 1071 1327 1118 καλεῖσθαι
1367 1066 1604 1130 δώσομεν,
1633 1065 1755 1132 ἥπερ
1793 1064 1933 1120 αὐτὸς

340 1147 464 1211 ἡμῖν.
540 1154 678 1199 τοῦτο
730 1147 822 1216 γὰρ
873 1150 898 1200 ὁ
950 1148 1097 1216 λόγος
1148 1153 1495 1215 συνομολογεῖν
1545 1147 1808 1214 ἀναγκάσει
1857 1149 1934 1199 καὶ

342 1230 516 1281 ἄκοντα
560 1230 643 1282 τὸν
686 1230 932 1298 αἱρετικόν.
1008 1232 1175 1283 οὐκοῦν
1225 1231 1451 1300 ψεύδεται
1502 1233 1585 1295 τῆς
1635 1231 1857 1295 ἀληθείας
1907 1231 1933 1281 ὁ

342 1312 534 1380 μάρτυς,
562 1313 619 1382 ἐξ
650 1314 791 1364 αὐτοῦ
828 1313 983 1380 λε’γων
1014 1318 1179 1365 πᾶσαν
1212 1311 1326 1364 εἶναι
1360 1311 1565 1380 πατριὰν
1592 1313 1640 1364 ε”ν
1666 1336 1715 1364 τε
1750 1312 1934 1382 οὐρανῷ

343 1398 419 1445 καὶ
468 1396 543 1446 ἐπὶ
591 1398 694 1460 γῆς.
767 1396 877 1446 ἀλλ’
927 1396 1030 1447 ε”στι
1074 1402 1213 1447 τοῦτο
1264 1394 1411 1464 φάναι
1455 1400 1550 1446 τῶν
1595 1393 1929 1447 ἀτοπωτάτων·
1958 1415 2004 1455 15

120 1483 237 1565 Ξίξῡέ
343 1476 561 1541 ἀληθεύει
581 1476 675 1544 γὰρ
703 1479 727 1528 ὁ
754 1477 1008 1544 θαρσήσας
1033 1482 1176 1530 εἰπεῖν
1204 1486 1230 1508 “
1252 1483 1312 1529 Ei
1347 1477 1543 1542 δοκιμὴν
1569 1476 1740 1543 ζητεῖτε
1774 1484 1857 1529 τοῦ
1886 1479 1935 1529 ἐν

344 1567 371 1589 “
398 1560 498 1622 ἐμοὶ
531 1565 795 1613 λαλοῦντος
828 1563 1048 1626 Χριστοῦ
1066 1561 1108 1623 ;'’
1163 1563 1238 1611 καὶ
1274 1562 1323 1611 ἐκ
1360 1564 1484 1611 Θεοῦ
1522 1559 1576 1611 τὸ
1615 1562 1698 1624 τῆς
1735 1563 1936 1626 πατριᾶς

303 1666 324 1692 e
344 1641 491 1704 ὄνομα
530 1643 605 1692 καὶ
644 1645 707 1695 εἷς
741 1642 860 1706 ἡμᾶς
897 1643 1127 1709 καταῤῥεῖ.
1181 1643 1348 1693 οὐκοῦν
1378 1643 1482 1693 ἐστι
1516 1640 1636 1693 κατὰ
1673 1635 1822 1710 φύσιν
1853 1645 1936 1692 τοῦ

345 1723 506 1790 Λόγου
539 1723 725 1789 Πατήρ·
781 1724 937 1775 τέτοκε
977 1724 1025 1775 δὲ
1062 1723 1254 1779 πάντως
1293 1725 1377 1775 οὐκ
1415 1723 1635 1787 ἀνόμοιον
1666 1725 1827 1792 ἑαυτῷ,
1860 1721 1935 1774 διὰ

342 1811 425 1857 τοῦ
452 1804 506 1856 τὸ
533 1803 734 1856 ἐ’λαττον
759 1805 899 1874 ἔχειν,
930 1805 958 1870 ἢ
986 1808 1034 1857 ἐν
1059 1805 1231 1873 οἶσπέρ
1257 1808 1388 1857 ἐστιν
1414 1805 1568 1860 αὐτός·
1612 1809 1654 1857 οἱ
1689 1805 1783 1873 γὰρ
1815 1804 1935 1872 πρὸς
1956 1830 2005 1855 20

343 1889 543 1952 μίμησιν
569 1886 814 1954 γεγονότες
841 1889 969 1952 ἡμεῖς
995 1887 1081 1952 τὴν
1109 1889 1279 1940 ἐκείνου
1311 1888 1479 1956 ἔχομεν
1505 1889 1593 1956 οὐχ
1627 1890 1748 1940 οὕτω
1786 1888 1846 1940 τὰ
1882 1889 1939 1958 ἐξ

344 1972 519 2022 ἑαυτῶν
545 1970 826 2036 γεννώμενα,
843 1970 928 2021 ’ίσα
955 1970 1003 2022 δὲ
1028 1976 1275 2025 παντελῶς
1300 1970 1420 2022 κατά
1446 1994 1499 2038 γε
1526 1970 1609 2023 τὸν
1634 1973 1717 2035 τῆς
1744 1969 1937 2041 φύσεως

345 2051 511 2118 λόγον.

420 2155 552 2185 AAAO.
612 2133 698 2199 Μὴ
756 2133 1033 2202 σοφιζέσθω
1090 2135 1177 2201 τὴν
1237 2134 1465 2200 ἀλήθειαν
1523 2137 1547 2186 ὁ
1602 2134 1817 2189 ποικίλος
1876 2138 1939 2189 εἰς

120 2237 175 2270 25
198 2236 246 2270 A.
305 2244 328 2269 a.
347 2215 521 2284 λόγους
557 2215 796 2283 αἱρετικὸς,
822 2216 937 2282 μηδὲ
963 2218 1080 2269 Υὶὸν
1108 2219 1361 2284 ὁμολογῶν
1387 2217 1469 2270 τὸν
1496 2223 1578 2269 τοῦ
1606 2221 1731 2269 Θεοῦ
1759 2217 1936 2284 Λόγον,
1959 2236 2007 2274 25

345 2298 502 2368 ψιλὴν
528 2300 653 2369 αὐτῷ
680 2301 755 2350 καὶ
782 2299 868 2363 τὴν
895 2302 944 2351 ἐν
969 2299 1152 2367 ῥήμασι
1179 2300 1340 2365 μόνοις
1374 2300 1641 2369 χαριζέσθω
1675 2298 1828 2365 τιμὴν,
1855 2301 1939 2352 οὐκ

345 2379 460 2432 εἶναι
485 2381 640 2447 λέγων
666 2380 807 2432 αὑτὸν
833 2383 883 2433 ἐκ
914 2385 996 2446 τῆς
1030 2384 1193 2437 οὐσίας
1228 2387 1311 2448 τῆς
1347 2389 1430 2434 τοῦ
1460 2382 1665 2450 Πατρός.
1718 2387 1819 2437 πῶς
1845 2381 1939 2449 γὰρ

346 2464 470 2518 ὅλως
495 2463 624 2527 Υἱὸς,
651 2467 689 2514 εἰ
727 2463 792 2529 μὴ
830 2466 977 2518 οὕτως
1011 2464 1108 2532 ἔχοι
1144 2464 1262 2516 κατὰ
1299 2465 1479 2535 φύσιν;
1523 2464 1552 2530 ἢ
1587 2466 1744 2517 τοίνυν
1771 2465 1826 2517 τὸ
1856 2468 1940 2529 τῆς

346 2547 638 2614 ὑποκρίσεως
686 2545 980 2613 περιελόντες
1031 2553 1333 2613 προσωπεῖον
1378 2547 1783 2614 δυσφημείτωσαν
1827 2549 1940 2599 ἀνα-

347 2627 543 2697 φανδὸν,
581 2629 698 2694 μήτε
740 2628 865 2680 Θεὸν
903 2629 1020 2694 μήτε
1059 2629 1177 2680 Υἱὸν
1220 2631 1579 2696 ὁμολογοῦντες·
1644 2628 1673 2694 ἢ
1719 2629 1846 2696 ε’ίπερ
1890 2632 1941 2681 ἐκ
1965 2649 2015 2685 30

346 2710 507 2775 πάσης
546 2710 849 2780 ἐλεγχόμενοι
887 2714 970 2776 τῆς
1009 2712 1132 2766 θείας
1170 2715 1376 2782 γραφῆς,
1416 2713 1492 2763 καὶ
1529 2717 1625 2766 τοῖς
1664 2716 1757 2763 τῶν
1793 2712 1941 2778 ἁγίων

396 2827 428 2850 2.
454 2816 508 2851 διὰ
526 2820 624 2852 τοῦτο
641 2818 848 2862 πεποιῆσθαι
867 2817 936 2852 κατ’
955 2818 1065 2852 εἰκόνα
1082 2818 1117 2852 δέ
1136 2818 1331 2862 κεκλημένοι
1351 2817 1393 2853 Β.
1574 2831 1607 2861 4.
1632 2820 1811 2865 γεγονότες
1828 2818 1938 2865 αὐτῷ]

347 2863 434 2898 οὕτω
451 2866 628 2909 γεγονότες
648 2864 689 2898 Β.
735 2870 745 2878 ⁸
853 2875 887 2910 5.
913 2865 1022 2911 τούτῳ
1042 2865 1087 2899 D.
1251 2876 1305 2901 11.
1329 2866 1432 2911 πατρὶ
1452 2865 1544 2900 Ι).Ε.
1560 2866 1671 2911 πατὴρ
1688 2865 1793 2900 habet
1813 2865 1846 2899 D
1864 2877 1937 2910 mg.

352 2921 405 2944 12.
431 2910 614 2954 ἀναγκάσει
633 2913 880 2955 συνομολογεῖν
896 2912 1035 2947 inverso
1053 2911 1174 2947 ordine
1192 2911 1234 2947 B.
1410 2923 1465 2947 21.
1491 2913 1554 2958 οὐχ
1573 2912 1659 2948 οὕτω
1676 2913 1717 2948 τὰ
1734 2913 1773 2956 ἐξ
1790 2910 1934 2958 ἑαυτῶν]

376 2957 383 2968 ‚
436 2958 450 2965 ..
494 2956 508 2967 ,,
600 2959 606 2969 .
640 2958 647 2968 ,
714 2959 722 2970 ,
773 2960 787 2967 ,

348 2971 387 2991 ου
405 2971 451 3004 τῳ
470 2971 555 2992 ουτω
573 2972 612 2992 τα
631 2958 668 3001 εξ
686 2973 788 2993 αυτου
808 2958 850 2994 Β.
