2021 3296
537 187 611 227 IN
654 186 695 226 S.
730 185 915 226 JOAN.
949 185 1332 226 PRAEFATIO.
1701 190 1724 228 7

215 292 311 344 Διά
344 292 401 358 δὴ
435 293 615 345 τούτων
649 292 870 345 ἁπάντων
901 293 1300 356 ἀναπεπεισμένος
1333 291 1553 357 εὐλόγως,
1587 292 1723 344 ὅκνον

140 396 187 425 τε
228 377 311 438 τῆς
348 378 533 439 σιωπῆς
570 374 652 426 τὸν
690 375 959 441 συνήγορον
996 377 1079 438 τῆς
1116 375 1316 438 ἐμαυτοῦ
1355 375 1557 428 διανοίας
1596 377 1718 426 ἀπο-

139 455 351 524 πέμψας,
381 455 550 523 οἷσπερ
584 455 642 507 ἂν
671 455 822 523 ἔχοιμι
859 460 998 518 τιμᾶν
1030 455 1250 520 οἰήσομαι
1289 458 1382 506 δεῖν
1408 454 1491 507 τὸν
1521 457 1721 519 ἐμαυτοῦ

140 535 410 601 Δεσπότην,
451 539 528 588 καὶ
570 537 822 603 προσοίσω
868 535 1078 603 καθάπερ
1122 536 1226 587 τινὰ
1268 537 1532 601 σεμίδαλιν,
1577 538 1719 607 ἐλαίῳ

98 629 119 666 5
139 618 460 683 δεδευσμένην,
486 617 569 670 τὸν
594 616 827 687 τρόφιμόν
858 641 909 669 τε
942 621 1019 669 καὶ
1053 617 1218 684 ἱλαρὸν
1250 623 1348 673 τοῖς
1380 618 1719 687 ἐντευξομένοις

138 697 298 765 λόγον·
349 699 589 768 ἀρξόμεθα
624 698 673 750 δὲ
709 702 792 764 τῆς
818 698 1037 750 Ἰωάννου
1071 703 1374 769 συγγραφῆς,
1399 699 1596 768 μεγάλῳ
1632 699 1757 764 μένΟ

137 782 247 832 λίαν
277 783 611 849 ἐπιχειροῦντες
647 779 906 848 πράγματι,
936 780 1067 845 πλὴν
1099 782 1182 832 οὐκ
1219 783 1490 835 ἀτονοῦντες
1524 780 1601 832 διὰ
1633 781 1719 846 τὴν

135 863 313 915 πίστιν.
374 864 449 913 καὶ
489 862 560 913 ὅτι
597 862 682 926 μὲν
719 860 933 926 ἔλαττον,
972 863 1092 929 ἥπερ
1131 863 1286 930 ἐχρῆν,
1324 863 1516 929 ἐροῦμέν
1555 886 1605 913 τε
1644 865 1720 914 καὶ

136 943 382 1008 νοήσομεν,
428 942 770 1011 ἀναμφιλόγως
815 943 1151 1010 ὁμολογητέον·
1212 943 1284 995 ὅτι
1327 943 1377 995 δὲ
1421 943 1601 995 δικαίαν
1644 946 1719 996 ἐπὶ

72 1046 118 1071 10
136 1024 284 1095 τούτῳ
323 1025 409 1089 τὴν
443 1025 737 1091 συγγνώμην
774 1024 1097 1089 αἶτήσομεν,ἡ
1135 1024 1299 1089 πολλὴ
1337 1030 1420 1076 τοῦ
1458 1025 1712 1092 συγγράμ-

133 1129 279 1170 ματος
305 1107 547 1158 ἀναπείσει
573 1105 833 1174 δυσχέρεια,
861 1104 890 1170 ἢ
917 1108 1005 1168 καὶ,
1033 1105 1148 1172 ὅπερ
1174 1107 1303 1158 ἐστὶν
1329 1106 1661 1173 ἀληθέστερον,
1688 1109 1716 1172 ἡ

134 1191 216 1252 τῆς
254 1189 302 1239 ἐν
335 1188 444 1252 ἡμῖν
476 1188 678 1242 διανοίας
715 1188 948 1240 ἀσθένεια.
1013 1191 1231 1255 πανταχῆ
1270 1185 1318 1238 δέ
1355 1187 1438 1239 τὸν
1472 1189 1622 1254 λόγον
1655 1193 1718 1242 εἷς

135 1268 540 1335 δογματικωτέραν
582 1269 935 1336 περιτρέποντες
985 1268 1227 1338 ἐξήγησιν,
1271 1274 1372 1324 ταῖς
1416 1274 1511 1320 τῶν
1555 1271 1712 1337 ἑτερο-

135 1351 549 1403 διδασκαλούντων
580 1350 922 1420 ψευδοδοξίαις,
950 1353 1011 1405 ὡς
1046 1352 1167 1415 ἐνῆν,
1192 1350 1512 1420 ἀντιτάξομεν,
1540 1352 1623 1403 οὐκ
1653 1356 1716 1406 εἷς
1733 1362 1761 1403 d

70 1450 114 1489 15
136 1433 252 1485 ὅσον
273 1434 385 1503 ἐξῆν
410 1434 687 1486 ἐκτείνοντες
711 1436 872 1497 μῆκος,
899 1431 1031 1483 ἀλλὰ
1065 1435 1142 1483 καὶ
1177 1437 1272 1484 τῶν
1296 1438 1526 1500 περιττῶν
1551 1436 1712 1485 ἀπαλ-

134 1514 398 1578 λάττοντες,
425 1516 501 1566 καὶ
532 1520 614 1565 τοῦ
650 1513 909 1581 πρέποντος
942 1515 1025 1565 οὐκ
1059 1516 1215 1565 ἐπιδεᾶ
1239 1518 1539 1579 καταστῆσαι
1565 1539 1717 1567 σπου-

134 1597 378 1650 δάσαντες.
433 1596 460 1660 ἦ
488 1595 536 1646 δὲ
563 1594 910 1660 ὑποτεταγμένη
935 1600 1030 1647 τῶν
1055 1597 1326 1665 κεφαλαίων
1353 1597 1716 1662 ὑποσημείωσις,

131 1677 191 1730 τὰ
215 1679 286 1748 ἐφ’
315 1677 383 1732 οἷς
408 1677 517 1742 ἡμῖν
542 1676 785 1728 ἐκτέταταί
812 1700 913 1731 πως
946 1677 971 1727 ὁ
1005 1675 1151 1743 λόγος
1185 1676 1478 1743 καταστήσει
1512 1677 1712 1748 φανερὰ,

131 1760 200 1815 οἷς
237 1762 312 1812 καὶ
350 1757 574 1826 ἀριθμοὺς
611 1757 964 1828 παρεπήξαμεν,
1002 1759 1122 1825 πρὸς
1158 1758 1213 1810 τὸ
1260 1761 1335 1810 καὶ
1377 1760 1487 1811 λίαν
1524 1760 1717 1826 ἑτοίμως

64 1864 113 1889 20
131 1842 491 1908 ἀνευρίσκεσθαι
515 1845 611 1895 τοῖς
637 1839 980 1909 ἐντευξομένοις
1005 1839 1059 1891 τὸ
1086 1839 1377 1907 ζητούμενον.

177 2021 210 2056 3.
236 2010 347 2056 ἔχοιμι
367 2008 408 2043 Β.
427 2008 495 2043 Ed.
514 2020 588 2054 mg.
606 2008 680 2053 ἕχοι
696 2023 738 2053 με
756 2007 824 2043 Ed.
920 2017 954 2054 5.
981 2008 1222 2054 δεδευσμένην]
1243 1985 1419 2052 δεδέμένην
1438 2007 1480 2041 Β.
1577 2008 1610 2042 8.
1636 2007 1713 2053 μέν]

134 2061 171 2098 -ὶ-
192 2058 251 2091 οὐκ
270 2056 337 2091 Ed.
356 2056 464 2091 invito
484 2055 526 2090 B.
545 2054 603 2089 οὖν
619 2055 767 2089 correxit
786 2055 922 2101 Migne.
1164 2067 1216 2090 12.
1242 2056 1400 2090 ἀσθένεια
1416 2054 1562 2090 διανοίας
1579 2055 1716 2089 inverso

130 2103 251 2138 ordine
270 2103 327 2184 ΒΙ.3
518 2114 570 2145 14.
597 2102 692 2137 ἐστὶν
709 2114 772 2147 pro
789 2102 864 2146 ἐνῆν
882 2102 1016 2148 Migne.
1080 2102 1303 2148 ἀντετάξομεν
1321 2102 1368 2139 D.
1576 2102 1627 2137 18.
1652 2102 1718 2136 πᾶς

130 2162 193 2195 pro
209 2165 280 2186 πως
333 2175 341 2184 .
