2084 3317
146 137 200 178 iv.
219 152 373 193 42—44.
417 141 491 182 IN
532 142 574 185 S.
609 144 947 190 JOANNEM.
1009 150 1134 193 LIB.
1167 153 1228 195 II.
1292 155 1502 200 CARV.
1649 163 1733 203 299

144 251 227 297 τοῦ
273 251 440 315 χρῆναι
490 252 676 308 δικαίως
725 256 1100 324 ἀποῤῥίπτεσθαι
1145 261 1231 324 μὲν
1274 268 1357 329 τῆς
1408 268 1599 322 ἐλπίδος
1649 270 1732 321 τὸν

141 326 355 394 Ἰσραὴλ,
398 335 843 403 μεταμοσχεύεσθαι
886 338 936 390 δὲ
978 341 1086 395 τοὺς
1132 345 1404 411 ἀλλογενεΐς
1449 350 1518 400 ἐπ’
1563 351 1726 415 αὑτήν.

138 409 351 461 Ἰουδαῖοι
389 412 475 475 μὲν
514 414 607 483 γὰρ
646 421 1093 487 θαυματουργοῦντα
1131 428 1356 482 ποικίλως
1394 428 1477 480 τὸν
1515 432 1725 497 Ἰησοῦν,
1749 441 1776 482 d

137 493 213 541 καὶ
260 493 308 543 ἐν
351 493 468 563 δόξῃ
520 502 578 565 τῇ
629 504 882 568 θεοπρεπεῖ
927 504 1273 571 διαλάμποντα,
1317 517 1504 577 πικραῖς
1555 537 1603 564 τε
1654 517 1731 567 καὶ

94 585 116 625 5
137 573 391 640 ἀφορήτοις
420 579 656 636 ὑπονοίαις
682 583 940 649 ὑβρίζουσι,
967 589 1043 638 καὶ
1069 595 1301 642 τοσοῦτον
1323 594 1619 662 ἐμπαροινεΐν
1646 599 1729 648 οὐκ

135 655 433 721 ἐρυθριῶντες
460 662 756 727 ἁλίσκονται,
784 668 846 719 ὡς
878 667 1061 736 ε”ξοικόν
1087 694 1135 721 τε
1167 679 1404 726 ποιεῖσθαι
1435 679 1512 728 καὶ
1542 678 1728 734 πόλεως

134 739 217 799 τῆς
251 740 487 808 σφετέρας
521 745 731 797 ἐλαύνειν
757 748 1030 813 ἐπείγεσθαι
1057 753 1140 803 τὸν
1165 754 1359 821 ἁπάσης
1395 760 1551 814 αὐτοῖς
1585 763 1720 814 εὐθυ-

131 819 240 881 μίας
275 820 524 891 πρόξενον·
581 832 864 898 Σαμαρεῖται
900 832 956 882 δέ
983 855 1039 898 γε
1071 840 1181 897 μιᾶς
1215 838 1432 903 γυναικὸς
1468 843 1724 896 ἀναπεπει-

131 901 297 963 σμένοι
323 903 499 969 λόγοις,
519 910 767 973 δρομαίους
793 911 877 974 μὲν
898 912 969 964 ὅτι
995 914 1086 982 χρὴ
1114 916 1231 983 πρὸς
1257 919 1400 971 αὐτὸν
1425 924 1727 991 ἀφικνεῖσθαι

63 1000 111 1025 10
130 983 409 1050 λογίζονται.
450 988 604 1053 ἐπειδὴ
633 990 681 1042 δέ
707 992 833 1057 ἧκον,
861 996 1146 1063 ἐκλιπαροῦν
1172 1001 1478 1069 ἐσπούδαζον,
1506 1006 1568 1061 ε’ίς
1593 1030 1644 1057 τε
1671 1009 1725 1060 τὸ

129 1063 254 1115 ὁίστυ
297 1074 549 1135 παρελθεῖν
587 1075 662 1124 καὶ
704 1073 786 1125 τὸν
826 1076 1064 1145 σωτήριον
1102 1082 1257 1136 αὐτοῖς
1298 1086 1764 1155 ἐπιδαψιλεύεσθαιθ

128 1145 291 1212 λόγον·
319 1150 511 1204 ἐπινεύει
538 1154 587 1205 δὲ
612 1158 873 1224 προχείρως
893 1164 956 1214 εἱς
982 1160 1129 1229 ἄμφω
1153 1165 1382 1231 Χριστὸς,
1399 1170 1483 1220 οὐκ
1509 1170 1724 1238 ἄκαρπον

127 1227 324 1281 ἔσεσθαι
369 1233 456 1297 τὴν
493 1235 631 1303 χάριν
669 1240 814 1293 εἰδώς.
881 1246 1059 1294 πολλοὶ
1101 1244 1195 1312 γὰρ
1234 1248 1500 1304 ἐπίστευσαν
1541 1250 1617 1304 δὶα
1655 1255 1723 1307 τὶν

126 1315 259 1377 λόγον
287 1317 432 1366 αὑτοῦ.
488 1317 608 1370 ἵστω
647 1319 695 1370 δὲ
730 1322 879 1374 πάλιν
910 1325 986 1375 διὰ
1022 1326 1200 1379 τούτων
1230 1330 1255 1380 ὁ
1295 1332 1519 1398 φιλόθεός
1558 1359 1607 1386 τε
1645 1339 1722 1388 καὶ

59 1403 105 1442 15
126 1395 439 1461 φιλευλαβὴς,
484 1398 555 1450 ὅτι
606 1407 701 1453 τῶν
745 1404 830 1466 μὲν
880 1407 1162 1460 λυπούντων
1208 1412 1351 1463 αὑτὸν
1402 1416 1722 1470 ἀπανίσταται

124 1476 353 1541 Χριστὸς,
380 1480 642 1548 ἐνοικίζεται
677 1484 725 1535 δὲ
760 1491 855 1540 τοῖς
892 1488 1199 1557 εὐφραίνουσι
1235 1495 1290 1544 δι’
1321 1497 1527 1562 ὑπακοῆς
1560 1522 1608 1550 τε
1645 1502 1721 1552 καὶ

123 1557 326 1612 πίστεως
354 1561 549 1627 ἀγαθῆς.

1734 1663 1757 1688 a
1786 1656 1874 1690 202
1891 1655 1942 1692 A.

123 1693 187 1753 Τῇ
223 1711 268 1737 τε
301 1699 463 1743 Γυναικί
497 1698 644 1749 ἕΛεΓον
671 1703 736 1745 ὅτι
772 1704 914 1748 οὐκέτι
948 1706 1016 1748 διὰ
1050 1709 1127 1751 τιὶιν
1155 1711 1232 1752 σείν
1260 1714 1414 1755 λαλιὰν
1448 1717 1714 1766 Πιοτεύομεν·
1737 1733 1787 1769 42

191 1779 312 1820 αὐτοὶ
355 1782 433 1839 Γὰρ
477 1783 738 1839 ἀκΗκόαμεν,
777 1789 846 1829 καὶ
890 1787 1069 1840 οἴδαμεν
1108 1794 1173 1835 ὅτι
1217 1792 1340 1839 οὗτός
1383 1797 1497 1840 ἐστιν
1540 1799 1716 1842 ἁλΗθώε

53 1876 105 1902 20
189 1862 211 1905 ὁ
250 1864 396 1922 σωτὴρ
434 1868 508 1907 τοῦ
548 1869 719 1918 κόσμου.

192 1961 317 2013 Ἀπὸ
351 1967 445 2014 τῶν
468 1964 690 2032 μειζόνων
717 1971 1032 2036 Σαμαρείταις
1066 1974 1094 2038 ἡ
1130 1975 1307 2040 πίστις,
1335 1980 1410 2029 καὶ
1446 1980 1529 2032 οὐκ
1564 1982 1622 2051 ἐξ
1652 1980 1718 2034 ὧν

118 2042 183 2092 ε”τι
209 2043 318 2110 παρ’
347 2046 517 2113 ἑτέρων
544 2049 882 2114 μανθάνουσιν,
909 2055 1022 2105 ἀλλ’
1051 2055 1109 2124 ἐξ
1132 2053 1197 2108 ὧν
1222 2059 1442 2123 αὐτήκοοι
1472 2062 1718 2129 γεγονότες

117 2125 453 2192 θαυμάζουσιν.
521 2131 772 2194 ἐγνωκέναι
811 2134 866 2184 δέ
895 2139 1064 2204 φασιν,
1092 2138 1244 2207 ’ὅτιπερ
1279 2141 1347 2206 εἰἠ
1382 2148 1555 2213 σαφῶς
1591 2152 1609 2198 o‘
1644 2149 1718 2198 τοῦ

119 2207 286 2275 κίσμσυ
318 2211 474 2280 Σωτὴρ,
502 2213 708 2268 πίστεως
745 2215 965 2285 ἐνέχυρον
995 2223 1078 2284 τῆς
1117 2224 1180 2276 εἷς
1219 2223 1362 2276 αὑτὸν
1397 2227 1590 2282 ἐλπίδος
1628 2228 1715 2293 τὴν
1733 2238 1760 2279 b

48 2299 96 2337 25
116 2289 375 2357 ὁμολογίαν
399 2296 683 2357 ποιούμενοι.

113 2421 236 2465 Μετὰ
281 2423 327 2466 δὲ
370 2425 447 2467 τὰς
491 2426 565 2468 δύο
609 2428 773 2487 ἡμέρας
815 2432 994 2477 ἐξῆλθεν
1033 2434 1197 2480 ἐκεῖθεν
1241 2438 1301 2481 εἷς
1344 2443 1421 2483 τήν
1464 2442 1708 2486 Γαλιλαίαν.
1731 2463 1780 2500 43

181 2508 310 2549 αὐτὸς
358 2509 436 2566 Γὰρ
478 2510 646 2555 ἸΗσοῦε
694 2513 988 2574 ἐμαρτύρΗσεν
1031 2521 1098 2564 ὅτι
1147 2523 1379 2580 ΠροφήτΗε
1427 2526 1472 2568 ὲν
1522 2530 1572 2585 τῷ
1624 2526 1708 2589 ἰδίᾳ
1730 2545 1780 2582 44

180 2589 353 2647 Πατρίὸι
390 2592 515 2641 τιμήν
554 2596 630 2636 οὐκ
667 2596 767 2653 ἔχει.

177 2686 370 2757 ’Έξεισι
414 2689 500 2754 μὲν
538 2693 633 2744 ἀπὸ
679 2697 761 2759 τῆς
803 2699 1084 2766 Σαμαρείας,
1125 2705 1448 2772 κατασπείρας
1491 2706 1581 2772 ἤδη
1625 2708 1709 2760 τὸν

159 2822 192 2855 3.
218 2811 283 2856 γὰρ
301 2823 372 2846 om.
393 2812 435 2848 Β.
556 2815 590 2850 6.
617 2817 820 2862 ἐρυθριῶσιν
839 2821 882 2855 Β.
1005 2832 1035 2869 7.
1063 2824 1227 2871 ἐφετέρας
1245 2827 1327 2871 (Sic)
1348 2827 1387 2862 B.
1512 2841 1565 2865 ΙΙ.
1592 2831 1708 2867 ἐπιδα-

111 2857 322 2903 ψιλεύεσθαι
342 2859 382 2893 ss.
402 2860 743 2907 ἐπιδαψιλεύσασθαι
762 2867 828 2902 Ed.
918 2880 972 2912 14.
991 2871 1028 2904 δὲ
1047 2878 1270 2917 assumptum
1289 2885 1330 2907 ex
1351 2874 1393 2908 B.
1481 2887 1536 2911 20.
1556 2878 1705 2925 κόσμου]

115 2908 154 2945 -Ι-
175 2906 193 2938 ὁ
211 2906 361 2949 Χριστὸς
380 2906 446 2941 Ed.
463 2908 574 2944 invito
594 2910 635 2945 B.
792 2924 848 2949 22.
872 2915 997 2961 ἑτέρων
1015 2917 1057 2952 B.
1076 2917 1194 2963 ἑτέρου
1213 2919 1279 2953 Ed.
1435 2933 1491 2968 23.
1518 2923 1585 2970 εἴη]
1605 2924 1645 2969 ἧν
1662 2926 1706 2961 Β.

113 2951 253 2998 σαφῶς]
278 2957 314 2994 -1-
335 2953 436 2990 αὐτὸς
455 2954 521 2989 Ed.
540 2956 650 2993 invito
669 2959 712 2994 B.
834 2962 890 2997 28.
916 2963 1014 3008 τιμὴν
1031 2965 1090 2999 οὐκ
1109 2964 1197 3011 ἔχει]
1217 2966 1334 3011 ἄτιμος
1354 2967 1395 3003 Β.

849 3028 971 3071 qqz
