2084 3317
65 1421 192 1456 S.Lum

66 1476 96 1497 v.
114 1472 164 1504 17.

278 160 362 200 376
682 161 731 201 B.
766 161 1040 202 CYRILLI
1084 162 1464 203 ALEXANDR.
1660 178 1699 203 v.
1721 162 1872 218 37›38-

346 267 495 324 ”Εθος
520 273 587 339 τῷ
614 273 799 336 Σωτῆρι
826 275 1040 341 Χριστῷ,
1067 271 1328 340 ποιουμένῳ
1361 270 1597 324 πολλάκις
1628 270 1712 324 τὰς
1748 272 1870 322 ἐπω-

282 354 442 419 φελεῖς
475 351 706 420 διαλέξεις
743 351 862 419 πρὸς
897 352 1006 407 τοὺς
1037 351 1292 406 ἀσυνέτους
1327 351 1546 416 μάλιστα
1573 353 1877 419 Φαρισαίους,

282 436 345 486 εὶς
384 431 438 483 τὸ
477 436 560 497 τῆς
603 435 795 500 καρδίας
833 435 988 485 αὐτῶν
1019 432 1237 499 ἀτενίζειν
1268 432 1430 496 βάθος,
1459 435 1534 485 καὶ
1569 435 1879 501 περισκέπτε-

284 518 400 565 σθαι
427 519 696 581 θεοπρεπῶς
731 515 791 566 τὰ
824 518 872 566 ἐν
896 519 1150 580 λογισμοῖς
1174 515 1377 583 ἀφώνως
1412 515 1478 566 ε’τι
1514 515 1634 566 κατὰ
1659 516 1741 566 τὸν
1768 521 1879 567 νοῦν

286 596 591 665 στρεφόμενά
628 620 678 648 τε
716 599 792 648 καὶ
831 596 1184 660 ἀνακινούμενα,
1220 601 1295 647 καὶ
1329 595 1449 664 πρὸς
1482 603 1630 649 ταῦτα
1662 596 1878 661 μάλιστα
1898 611 1920 650 5

248 680 362 728 θκαὶ
400 677 483 732 τὰς
523 678 795 745 ἀποκρίσεις
833 683 1071 730 ποιεῖσθαι
1103 681 1179 730 καὶ
1213 678 1321 732 τοὺς
1360 678 1533 745 λόγους
1560 678 1665 729 ἔσθ’
1697 679 1772 730 ὅτε
1803 682 1878 730 καὶ

286 757 394 813 τοὺς
432 760 656 828 ἐλέγχους
694 762 762 812 ἐπ’
791 761 961 824 αὐτοῖς,
988 762 1064 811 καὶ
1099 761 1152 812 οὐ
1186 760 1375 815 πάντως
1402 765 1496 811 τῶν
1523 761 1700 812 οἰκείων
1726 760 1878 828 ῥημά-

284 864 380 892 των
418 842 691 911 ἀνεξίτητον
730 845 940 909 διατηρεῖ
978 842 1061 894 τὸν
1105 842 1282 909 εἱρμὸν,
1327 841 1459 894 ἀλλὰ
1503 842 1622 910 πρὸς
1664 842 1780 909 ὅπερ
1822 842 1881 893 ἂν

285 924 446 975 ἐκεῖνοι
470 923 790 986 βουλεύωνται
817 927 892 976 καὶ
919 923 1026 976 καθ’
1049 924 1237 979 ἑαυτοὺς
1263 927 1473 988 ἐννοῶσι,
1495 925 1656 992 δριμὺς
1683 927 1881 994 ὑπαντᾷ,

285 1008 362 1056 καὶ
401 1004 476 1056 διὰ
514 1006 683 1057 τούτου
722 1006 911 1069 δεικνὺς,
943 1006 1012 1058 ὅτι
1050 1006 1139 1073 πέρ
1173 1009 1277 1058 ἐστι
1316 1006 1434 1058 κατὰ
1469 1007 1620 1075 φύσιν
1647 1006 1788 1070 Θεὸς,
1819 1009 1880 1061 ὡς
1905 1025 1953 1051 10

286 1087 538 1153 γινώσκων
563 1088 623 1139 τὰ
657 1090 706 1139 ἐν
740 1093 807 1158 τῷ
839 1088 974 1149 βάθει
1008 1089 1208 1152 κείμενα,
1240 1091 1315 1140 καὶ
1356 1090 1545 1156 καρδίας
1583 1090 1779 1155 ἐρευνῶν
1806 1091 1881 1139 καὶ

286 1169 505 1238 νεφρούς·
547 1169 759 1238 δεχέσθω
798 1170 860 1233 δὲ,
897 1171 939 1222 εἴ
972 1194 1039 1241 τῳ
1079 1173 1216 1234 δοκεῖ,
1254 1170 1341 1235 τὴν
1379 1173 1453 1222 ε’πὶ
1492 1176 1588 1224 τοῖς
1629 1170 1882 1236 εἰρημένοις

285 1251 637 1318 ἐναργεστάτην
679 1251 920 1321 ἀπόδειξιν
968 1251 1099 1319 παρὰ
1149 1257 1242 1304 τῶν
1293 1253 1462 1319 ἑτερων
1507 1253 1879 1318 εὐαγγελιστῶν,

289 1337 452 1384 Λουκᾶ
478 1333 534 1398 δὴ
562 1336 683 1403 φημὶ
716 1336 791 1385 καὶ
819 1338 913 1385 τῶν
938 1333 1030 1385 σὺν
1055 1336 1192 1403 αὐτῷ.
1244 1334 1507 1400 γέγραπται
1532 1335 1688 1385 τοίνυν
1714 1336 1762 1385 ἐν
1787 1339 1883 1388 τοῖς

289 1416 593 1482 εὐαγγελίοις,
631 1419 693 1470 ὡς
732 1416 859 1481 ἦσάν
892 1440 1007 1468 ποτε
1047 1416 1428 1481 συνεληλυθότες
1466 1415 1560 1468 ἀπὸ
1600 1415 1763 1482 πάσης
1800 1419 1882 1481 τῆς
1907 1437 1953 1474 15

289 1497 555 1565 περιχώρου
605 1501 688 1563 τῆς
742 1499 969 1553 Ἰουδαίας
1021 1502 1276 1565 Φαρισαῖοι
1325 1500 1401 1549 καὶ
1459 1497 1879 1562 νομοδιδάσκαλοι.

66 1591 151 1625 255
169 1589 222 1623 A·
253 1599 274 1623 a
292 1587 318 1610 ‘⁶
348 1582 441 1631 Καὶ
474 1580 585 1643 ἰδοὺ,
614 1583 779 1650 φησὶν,
808 1581 971 1648 ἄνδρες
1007 1581 1229 1649 φέροντες
1261 1582 1335 1632 ἐπὶ
1362 1582 1525 1645 κλίνης
1556 1580 1807 1647 ἄνθρωπον
1832 1579 1884 1639 ὃς

67 1640 116 1671 lb.
137 1640 197 1671 18-

68 1692 118 1723 23.

290 1669 319 1691 “
340 1660 398 1726 ἧν
422 1663 824 1730 παραλελυμένος,
853 1665 928 1714 καὶ
953 1662 1141 1729 ἐζήτουν
1168 1662 1310 1714 αὐτὸν
1335 1666 1611 1729 εἰσενεγκεῖν
1638 1664 1713 1713 καὶ
1740 1667 1884 1714 θεῖναι

290 1750 317 1774 “
343 1744 540 1796 ἐνώπιον
566 1746 724 1796 αὐτοῦ·
767 1747 841 1795 καὶ
871 1744 936 1809 μὴ
969 1744 1179 1812 εὑρόντες
1212 1746 1350 1799 ποίας
1384 1745 1716 1811 εἰσενέγκωσιν
1741 1745 1884 1796 αὐτὸν

289 1833 315 1856 “
342 1826 418 1877 διὰ
455 1826 538 1878 τὸν
570 1826 735 1895 ὄχλον,
766 1825 1027 1888 ἀναβάντες
1061 1829 1134 1879 ἐπὶ
1169 1825 1223 1878 τὸ
1259 1831 1394 1891 δῶμα
1428 1826 1504 1878 διὰ
1538 1831 1634 1878 τῶν
1669 1826 1884 1893 κεράμων
1906 1852 1955 1876 20

287 1915 315 1938 “
342 1912 553 1973 καθῆκαν
585 1908 728 1960 αὐτὸν
766 1908 859 1960 σὺν
892 1914 958 1979 τῷ
994 1910 1203 1979 κλινιδίῳ
1238 1913 1301 1963 εἷς
1339 1908 1393 1960 τὸ
1429 1909 1579 1972 μέσον
1614 1909 1885 1976 ἔμπροσθεν

288 1997 314 2020 “
341 1996 424 2042 τοῦ
449 1992 629 2055 Ἰησοῦ.
684 1993 759 2042 καὶ
794 1990 905 2042 ἰδὼν
936 1990 1022 2055 τὴν
1047 1992 1212 2042 πίστιν
1238 1992 1393 2042 αὐτῶν
1427 1988 1525 2042 εἶπε
1560 1995 1627 2060 τῷ
1660 1999 1881 2058 παραλυ-

288 2079 316 2102 “
342 2076 456 2141 τικῷ
498 2071 771 2139 ”Ανθρωπε,
822 2072 1063 2140 ἀφέωνταί
1118 2095 1199 2123 σοι
1251 2077 1298 2124 αἱ
1358 2073 1581 2139 ἁμαρτίαι
1632 2092 1739 2123 σου·
1808 2075 1884 2123 καὶ

289 2160 317 2184 “
343 2153 552 2224 ἠῷξαντο
597 2152 950 2220 διαλογίζεσθαι
994 2157 1036 2205 οἱ
1089 2158 1380 2219 γραμματεῖς
1423 2156 1498 2204 καὶ
1544 2158 1585 2205 οἱ
1632 2157 1885 2220 Φαρισαῖοι

291 2243 318 2266 “
345 2236 566 2303 λέγοντες
585 2236 672 2290 Τίς
697 2237 828 2286 ἐστιν
856 2235 990 2289 οὗτος
1017 2234 1067 2289 ὃς
1093 2241 1235 2286 λαλεῖ
1254 2235 1604 2303 βλασφημιάς;
1644 2236 1712 2290 τίς
1738 2236 1878 2286 δύνα-
1907 2259 1955 2297 25

244 2325 318 2366 b“
343 2342 420 2371 ται
460 2318 647 2387 ἀφιέναι
691 2318 921 2383 ἁμαρτίας
965 2321 1004 2368 εἰ
1045 2317 1110 2381 μὴ
1153 2316 1217 2371 εἷς
1252 2318 1276 2368 ὁ
1313 2315 1433 2370 Θεός
1455 2340 1468 2380 ;
1513 2316 1730 2384 ἐπιγνοὺς
1771 2317 1819 2369 δὲ
1861 2320 1886 2369 ὁ

289 2409 317 2431 “
342 2402 549 2466 Ἰησοῦς,
578 2403 718 2470 φησὶ,
746 2398 853 2454 τοὺς
892 2398 1235 2464 διαλογισμοὺς
1274 2400 1444 2458 αὐτῶν,
1481 2401 1748 2466 ἀποκριθεὶς
1787 2399 1886 2452 εἶπε

288 2490 315 2513 “
341 2484 461 2550 πρὸς
501 2483 668 2537 αὐτούς
707 2482 773 2533 Τι’
807 2480 1135 2546 διαλογίζεσθε
1169 2483 1217 2533 ἐν
1252 2486 1353 2536 ταῖς
1393 2482 1602 2548 καρδίαις
1637 2483 1799 2545 ὑμῶν;
1841 2483 1891 2532 τί

1862 2562 1880 2581 ,Χ

289 2572 315 2595 “
342 2566 473 2617 ἐστιν
493 2565 811 2631 εὐκοπώτερον
837 2567 979 2616 εἰπεῖν
998 2563 1271 2633 Ἀφέωνταί
1293 2587 1373 2615 σοι
1399 2567 1446 2615 αἱ
1472 2564 1694 2631 ἁμαρτίαι
1720 2587 1828 2623 σου,
1857 2588 1886 2628 η

336 2726 369 2763 5.
397 2718 446 2752 ἔτι
464 2718 683 2763 στρεφόμενά
702 2717 745 2753 Β.
886 2725 918 2762 7.
943 2715 1126 2762 ἐλέγχους]
1149 2720 1187 2757 -l-
1208 2716 1285 2752 τοὺς
1304 2715 1371 2751 Ed.
1388 2716 1498 2750 invito
1517 2716 1560 2751 B.
1700 2715 1733 2750 8.
1760 2715 1886 2759 ἀνεξει-

288 2765 410 2799 τείλων
427 2765 576 2809 διατηρεῖ
592 2768 659 2799 τῶν
675 2764 866 2809 εἷρημαίνον
885 2763 966 2808 (sic)
987 2763 1030 2798 B.
1236 2773 1289 2805 14.
1318 2762 1446 2808 Λουκᾶ]
1468 2763 1541 2797 ἷδοῦ
1561 2762 1645 2807 (Sic)
1667 2762 1707 2796 B.
1760 2762 1885 2797 Statim

288 2811 338 2845 δει
356 2812 411 2855 (=
429 2811 486 2855 δὴ)
506 2811 548 2846 Β.
612 2812 682 2846 τοῖς
701 2811 744 2845 Β.
763 2810 888 2855 ἑτέροις
907 2810 973 2844 Ed.
1271 2818 1337 2862 17.*
1349 2811 1459 2855 φησὶν
1477 2810 1596 2854 ἄνδρες
1614 2810 1680 2843 hoc
1698 2808 1821 2843 ordine
1841 2809 1883 2843 B.

291 2886 345 2920 19.
370 2873 487 2920 ποίας]
507 2874 562 2909 διὰ
578 2874 678 2910 ποίας
696 2873 764 2908 Ed.
782 2874 901 2908 invitis
922 2873 1016 2908 B.D.
1219 2883 1275 2907 20.
1303 2865 1344 2907 ϊιιο
1362 2872 1498 2916 δώματα
1517 2871 1560 2906 Β.
1736 2881 1792 2916 23.
1818 2885 1884 2904 σου

287 2932 358 3001 (ἐπὶ.
379 2921 421 2955 Β.
537 2967 566 3001 Β
646 2920 701 2956 26.
727 2920 864 2967 ἀφιέναι
882 2920 1046 2965 ἁμαρτίας
1062 2918 1129 2954 hoc
1149 2918 1270 2954 ordine
1291 2919 1331 2953 B.
1559 2926 1614 2963 27.
1640 2917 1730 2963 φησὶ
1748 2929 1818 2952 orn.
1839 2917 1882 2951 B.

312 2978 344 3011 9.
371 2982 427 3002 σοι
446 2978 515 3002 om.
571 2994 579 3003 .
