2073 3296
861 734 1178 783 ΚΕΦΑΛΗ
1234 735 1300 781 Η.

250 915 376 958 θ”Οτι
405 916 523 967 μόνος
552 916 572 955 ὁ
602 915 697 958 ’Υἱὸς
728 918 796 955 τοῦ
829 917 936 955 Θεοῦ
969 917 1052 967 φῶς
1085 915 1192 954 ἐστιν
1223 912 1422 963 ἀληθινὸν,
1454 913 1477 964 ἡ
1509 914 1550 953 δὲ
1582 913 1704 954 κτίσις
1734 910 1874 958 οὐκέτι,

711 999 841 1053 φωτὸς
871 999 968 1040 οῦσα
997 998 1176 1052 μέτοχος,
1208 999 1258 1041 ὡς
1287 998 1443 1050 γενητή.

248 1206 270 1242 9
754 1178 840 1221 9Ην
877 1179 926 1222 τὸ
963 1180 1058 1236 φώε
1095 1180 1144 1224 τὸ
1180 1180 1397 1224 ἀλΗθινόν.

363 1353 938 1407 ΕΠΕΞΕΡΓΑΖΕΤΑῙ
982 1349 1131 1402 πάλιν
1175 1351 1420 1417 χρησίμως
1466 1349 1520 1401 τὸ
1570 1349 1807 1416 εἰρημένον
1852 1350 1921 1401 ὁ5

288 1432 544 1487 θεσπέσιος
586 1431 965 1499 Εὐαγγελιστὴς,
1005 1432 1082 1483 καὶ
1125 1430 1401 1498 ἀποδιορίζει
1445 1434 1617 1499 σαφῶς
1659 1429 1714 1482 τὸ
1760 1431 1879 1482 κατὰ

288 1513 515 1579 ἀλήθειαν
565 1517 681 1583 φῶς,
732 1513 950 1566 τουτέστι
1004 1511 1088 1565 τὸν
1141 1515 1406 1579 Μονογενῆ,
1467 1517 1562 1563 τῶν
1610 1511 1676 1577 μὴ
1733 1513 1880 1580 οὕτως

288 1595 507 1664 ἐχόντων,
545 1595 763 1648 τουτέστι
798 1599 893 1646 τῶν
931 1599 1156 1660 γενητῶν·
1207 1594 1544 1659 ἀποδιίστησιν
1581 1595 1787 1660 ἐναργῶς
1825 1592 1880 1645 τὸ

290 1676 434 1747 φύσει
471 1681 566 1728 τῶν
593 1676 713 1728 κατὰ
747 1676 901 1744 χάριν,
926 1680 1021 1728 τῶν
1046 1677 1095 1727 ἐν
1125 1675 1308 1745 μεθέξει
1344 1674 1399 1726 τὸ
1438 1673 1761 1743 μετεχόμενον,
1787 1679 1882 1726 τῶν

69 1774 125 1808 65
143 1773 195 1808 A.
250 1759 338 1809 ae’v
374 1758 577 1827 χορηγίᾳ
616 1757 670 1809 τὸ
708 1762 805 1811 τοῖς
842 1758 1073 1821 δεομένοις
1111 1756 1248 1809 ἑαυτὸ
1287 1762 1536 1824 χορηγοῦν.
1588 1758 1664 1807 καὶ
1703 1759 1740 1807 εἰ
1779 1759 1881 1824 φῶς
1904 1776 1950 1800 10

290 1841 423 1891 ἐστιν
453 1837 680 1903 ἀληθινὸν
712 1840 737 1890 ὁ
770 1837 897 1901 Υἱὸς,
924 1838 1056 1890 οὐδὲν
1092 1838 1184 1906 ἄρα
1220 1839 1330 1904 παρ’
1359 1837 1502 1888 αὐτὸν
1530 1837 1629 1889 κατ’
1659 1837 1882 1902 ἀλήθειαν

291 1924 410 1990 φῶς,
437 1919 542 1971 οὐδὲ
567 1920 747 1972 οἴκοθεν
772 1920 865 1987 ἔχει
899 1920 1089 1984 δυνάμει
1126 1918 1181 1971 τὸ
1216 1918 1330 1970 εἶναι
1363 1921 1439 1970 καὶ
1473 1922 1724 1970 καλεῖσθαι
1759 1922 1878 1987 φῶς·

291 2002 403 2054 ἀλλ’
432 2001 536 2053 οὐδὲ
575 2001 767 2070 φύσεως
804 2004 888 2065 τῆς
924 2001 1040 2055 ἰδίας
1078 2000 1272 2052 ἐκδώσει
1312 1999 1494 2068 καρπὸν
1525 1998 1584 2051 τὰ
1620 1998 1792 2066 γενητὰ
1827 1997 1882 2050 τὸ

293 2080 596 2147 δηλούμενον,
623 2081 785 2148 ὥσπερ
812 2081 861 2133 δὲ
893 2082 951 2151 ἐξ
981 2082 1064 2133 οὐκ
1090 2081 1238 2133 ὄντων
1264 2082 1408 2144 ἐστὶν,
1436 2082 1583 2135 οὕτως
1616 2082 1666 2132 ἐκ
1700 2085 1784 2132 τοῦ
1817 2080 1884 2145 μὴ

293 2161 408 2214 εἶναι
448 2167 564 2232 φῶς,
605 2163 680 2214 ἐπὶ
724 2162 778 2213 τὸ
824 2161 939 2214 εἶναι
984 2167 1087 2232 φῶς
1131 2161 1436 2226 ἀναβήσεται,
1475 2168 1559 2213 τοῦ
1603 2161 1762 2231 φωτὸς
1801 2167 1885 2213 τοῦ
1906 2181 1952 2220 15

293 2244 520 2308 ἀληθινοῦ
571 2242 804 2312 δεξάμενα
847 2242 934 2307 τὴν
976 2242 1139 2311 αὐγὴν,
1185 2245 1262 2294 καὶ
1303 2247 1361 2310 τῇ
1406 2243 1588 2311 μεθέξει
1632 2245 1717 2306 τῆς
1760 2242 1885 2296 θείας

294 2323 786 2391 καταλαμπρυνόμενα
817 2323 1023 2392 φύσεως,
1049 2324 1168 2391 πρὸς
1204 2323 1290 2389 τὴν
1315 2324 1487 2388 ἐκείνης
1521 2324 1736 2388 μίμησιν,
1760 2346 1879 2391 χρη-

249 2418 277 2460 b
294 2411 454 2470 ματιεῖ
485 2428 535 2457 τε
575 2405 672 2470 ἅμα
711 2407 788 2456 καὶ
826 2406 961 2456 ἕσται
999 2409 1118 2474 φῶς.
1173 2407 1250 2456 καὶ
1286 2406 1312 2455 ὁ
1346 2404 1431 2468 μὲν
1456 2411 1539 2456 τοῦ
1575 2408 1701 2455 Θεοῦ
1727 2403 1885 2470 Λόγος

295 2487 536 2540 οὐσιωδῶς
566 2487 670 2537 ἐστι
704 2490 820 2555 φῶς,
847 2486 900 2536 οὐ
934 2484 1114 2554 μεθέξει
1148 2489 1207 2552 τῇ
1242 2484 1361 2536 κατὰ
1395 2485 1533 2553 χάριν
1558 2491 1697 2536 τοῦτο
1728 2484 1879 2552 ὑπάρ-

296 2590 409 2635 χων,
434 2566 539 2619 οὐδὲ
571 2566 876 2631 συμβεβηκὸς
911 2566 1031 2634 ἔχων
1061 2568 1109 2617 ἐν
1138 2567 1286 2635 ἑαυτῷ
1321 2565 1376 2617 τὸ
1414 2566 1614 2635 ἀξίωμα,
1640 2567 1751 2617 ἀλλ’
1780 2565 1885 2617 οὐδὲ
1905 2586 1953 2610 20

297 2648 590 2711 ἐπείσακτον,
622 2650 684 2702 ὡς
724 2647 876 2715 χάριν,
910 2647 1042 2698 ἀλλὰ
1081 2646 1271 2716 φύσεως
1310 2646 1667 2714 ἁπαραποιήτου
1704 2646 1885 2714 καρπὸν

346 2809 378 2838 2,
397 2809 429 2843 3.
449 2798 697 2844 ’Ότι-γενητὴ
715 2811 786 2834 om.
806 2798 848 2833 Ε.
954 2806 987 2841 5.
1012 2799 1190 2843 χρησίμως
1205 2799 1309 2833 πάλιν
1325 2799 1465 2833 inverso
1482 2797 1604 2833 ordine
1622 2797 1666 2832 B.
1771 2796 1805 2831 6.
1832 2797 1885 2831 καὶ

297 2850 521 2889 assumptum
537 2857 580 2880 ex
599 2845 640 2880 Β.
847 2855 899 2879 10.
925 2846 1051 2880 ἑαυτῶν
1069 2845 1112 2880 Β.
1319 2855 1372 2879 12.
1398 2843 1619 2890 ἕχει-εἶναι]
1638 2845 1676 2879 τὸ
1695 2840 1777 2879 εἶναι
1795 2845 1886 2888 ἔχειν

299 2890 480 2935 δυνάμενον
497 2890 540 2926 Β.
687 2901 740 2936 13.
765 2891 804 2925 τὸ
822 2891 865 2926 B.
883 2891 941 2926 τὸν
959 2891 1027 2926 Ed.
1173 2901 1227 2934 14.
1252 2891 1312 2925 οὐκ
1330 2890 1367 2935 ἐξ
1385 2892 1443 2925 οὐκ
1462 2890 1556 2926 Β.Ε.

2065 2579 2073 2670 „xm
2065 2519 2070 2526 ν
