2021 3296
280 174 334 212 14
681 173 729 212 Β.
764 170 1037 212 CYRILLI
1078 167 1458 210 ALEXANDR.

281 279 399 330 κατὰ
426 283 508 344 τῆς
534 280 699 331 οἰκείας
725 278 979 344 ἠρεύγοντο
1006 279 1247 344 κεφαλῆς;
1282 275 1365 326 τὸν
1387 276 1615 338 μονογενῆ
1636 277 1718 323 τοῦ
1738 275 1863 323 Θεοῦ

61 383 150 414 Acta
165 384 220 413 ss
284 359 458 426 Λόγον,
485 360 538 411 τὸ
575 365 677 429 φῶς
710 359 764 410 τὸ
801 359 961 421 ἀίδιον,
988 360 1035 409 ἐν
1062 356 1098 427 ᾧ
1129 357 1185 421 δὴ
1215 356 1386 410 πάντες
1413 358 1487 406 καὶ
1514 354 1762 417 κινούμεθα
1789 355 1865 404 καὶ

59 427 221 499 fflf'xvu'
283 440 440 504 ἐσμὲν,
466 440 571 492 τότε
594 447 781 508 πρῶτον
810 443 1071 503 κεκλῆσθαι
1105 437 1223 504 πρὸς
1261 437 1461 505 ὕπαρξιν
1487 437 1679 498 ἀμαθῶς
1711 457 1759 485 τε
1791 436 1866 484 καὶ

244 546 265 572 c
283 523 472 582 ἀσεβῶς
517 521 873 589 διϊσχυρίζοντο,
925 520 1000 571 ὅτε
1051 522 1126 570 καὶ
1176 519 1421 584 ἄνθρωπος
1471 516 1546 568 διὰ
1596 519 1679 579 τῆς
1730 516 1867 580 ἁγίας

62 611 138 693 ὃΒὲΓ·
155 610 200 641 iii.
284 602 447 671 ἐτέχθη
472 605 720 670 παρθένου,
748 604 823 652 καὶ
849 602 903 651 τὸ
932 599 1086 651 κοινὸν
1113 599 1169 664 δὴ
1195 605 1333 650 τοῦτο
1359 602 1526 666 σχῆμα
1557 596 1724 658 λαβὼν
1750 603 1776 625 “
1792 597 1867 647 ε’πῖ

107 677 114 684 “
283 692 312 714 “
337 688 420 749 τῆς
444 688 532 750 γῆς
564 682 718 754 ὤφθη,
746 682 868 734 καθὰ
901 683 1179 749 γέγραπται,
1210 683 1283 731 καὶ
1318 684 1414 734 τοῖς
1448 679 1710 744 ἀνθρώποις
1744 700 1861 728 συν-

285 774 311 796 “
338 766 664 833 ανεστράφη.”
733 769 829 818 τοῖς
877 762 962 827 μὲν
1008 763 1088 813 οὖν
1139 765 1247 829 τῇδε
1300 761 1611 824 διακειμένοις,
1657 761 1732 810 καὶ
1781 758 1867 821 τὴν

284 846 485 914 ἄρῥητόν
511 870 560 898 τε
592 849 668 898 καὶ
696 845 976 912 προαιώνιον
1003 850 1085 894 τοῦ
1112 846 1229 894 Υἱοῦ
1255 843 1477 908 γέννησιν
1503 843 1867 909 συκοφαντῆσαι

284 927 592 993 τολμήσασιν
646 930 671 978 ὁ
726 925 1018 994 προφητικὸς
1075 924 1352 988 ἐπισκήπτει
1411 923 1556 988 λόγος
1615 922 1734 990 ἔχων
1784 921 1871 972 ὡδί

64 1021 205 1053 Es.1vii.
286 1018 311 1041 “
337 1012 496 1073 εΥμεῖς
535 1010 582 1060 δὲ
619 1007 951 1076 προσαγάγετε
988 1006 1089 1069 ὧδε,
1126 1008 1211 1057 υἱοὶ
1251 1005 1429 1068 ἄνομοι,
1461 1004 1654 1071 σπέρμα
1688 1008 1866 1071 μοιχῶν

64 1075 136 1105 3'4'
286 1098 313 1121 ‘⁶
339 1094 414 1142 καὶ
451 1090 642 1157 πόρνης·
695 1091 743 1140 ἐν
774 1090 864 1140 τίνι
898 1087 1264 1155 ἐνετρυφήσατε,
1300 1088 1375 1137 καὶ
1408 1087 1481 1136 ἐπὶ
1515 1086 1617 1136 τίνα
1652 1085 1867 1154 ἠνοίξατε

286 1181 312 1203 “
339 1172 393 1224 τὸ
432 1172 591 1235 στόμα
629 1173 772 1234 ὑμῶν,
811 1173 886 1221 καὶ
930 1171 1005 1221 ἐπὶ
1046 1170 1150 1219 τίνα
1194 1167 1464 1236 ἐχαλάσατε
1503 1168 1589 1231 τὴν
1627 1170 1869 1232 γλῶσσαν

242 1262 270 1302 d
288 1262 314 1284 ‘⁶
335 1255 513 1317 ὑμῶν;”
527 1254 610 1304 οὐκ
627 1253 682 1321 ἐξ
699 1253 879 1318 ἀγαθῆς
900 1250 1118 1314 δηλονότι
1139 1250 1329 1316 καρδίας
1346 1247 1682 1310 ἐκβάλλουσαν
1699 1247 1869 1313 ἀγαθὰ,

287 1335 419 1385 ἀλλὰ
444 1334 526 1386 τὸν
550 1341 633 1385 τοῦ
659 1331 911 1401 μιαιφόνου
938 1331 1188 1398 δράκοντος
1217 1330 1286 1381 ἱὸν
1311 1330 1664 1392 ἀναπτύουσαν,
1686 1332 1791 1396 περὶ
1818 1329 1872 1380 οὗ

63 1421 226 1504 {Sim-13·
288 1421 440 1485 φησιν
465 1416 490 1466 ὁ
516 1414 742 1484 μελῳδὸς,
762 1417 823 1467 ὡς
849 1412 967 1480 πρὸς
992 1413 1075 1463 τὸν
1100 1413 1180 1463 ἕνα
1206 1414 1280 1462 καὶ
1306 1413 1381 1462 ἐπὶ
1406 1411 1596 1462 πάντων
1619 1411 1743 1461 Θεόν
1760 1418 1787 1441 “
1805 1410 1872 1462 Σὺ

287 1505 314 1528 “
339 1498 630 1566 συνέτριψας
655 1495 738 1550 τὰς
765 1493 978 1564 κεφαλὰς
1003 1500 1086 1545 τοῦ
1113 1493 1365 1560 δράκοντος
1390 1494 1463 1543 ἐπὶ
1490 1498 1573 1543 τοῦ
1599 1493 1810 1546 ὕδατος.”

248 1597 270 1624 θ
359 1578 554 1643 Ἐπειδὴ
589 1578 636 1629 δὲ
671 1578 725 1628 οὐ
760 1575 923 1642 μικρὸς
956 1578 1060 1641 περὶ
1094 1574 1273 1626 τούτων
1298 1576 1346 1625 ἐν
1376 1579 1472 1628 τοῖς
1502 1572 1872 1644 πεπιστευκόσιν

286 1663 311 1712 ὁ
358 1660 561 1727 θόρυβος
605 1658 678 1723 ἧν,
720 1659 796 1709 καὶ
840 1657 924 1711 τὰς
966 1661 1062 1707 τῶν
1106 1655 1449 1723 ἁπλουστέρων
1492 1654 1655 1724 ψυχὰς
1701 1660 1872 1717 λοιμοῦ

287 1743 419 1807 δίκην
443 1740 497 1792 τὸ
523 1742 573 1791 ἐκ
599 1745 682 1791 τοῦ
709 1738 984 1789 σκανδάλου
1009 1737 1329 1798 κατεβόσκετο
1354 1736 1559 1799 βλάβος·
1603 1734 1751 1805 ᾤοντο
1777 1734 1870 1801 γὰρ

287 1822 433 1877 ὅντως
466 1820 599 1884 τινὲς,
626 1826 726 1874 ταῖς
755 1821 864 1886 παρ’
893 1820 1076 1870 ἐκείνων
1103 1820 1355 1888 φλυαρίαις
1388 1823 1482 1870 τῶν
1508 1820 1701 1883 ἀληθῶν
1728 1818 1865 1886 ἐξελ-

287 1904 472 1968 κόμενοι
499 1904 764 1970 δογμάτων,
792 1905 855 1955 εἰς
881 1900 1032 1968 ἀρχὴν
1057 1906 1140 1952 τοῦ
1168 1898 1281 1951 εἶναι
1305 1900 1411 1951 τότε
1440 1900 1578 1964 μόλις
1611 1902 1871 1962 κεκλῆσθαι

286 1984 369 2037 τὸν
397 1984 572 2050 Λόγον,
599 1983 675 2035 ὅτε
710 1983 902 2049 γέγονεν
937 1983 1199 2049 ἄνθρωπος·
1250 1981 1617 2049 συνενεχθέντες,
1644 1983 1718 2031 καὶ
1753 1980 1873 2032 κατὰ

288 2066 459 2118 ταυτὸν
499 2065 750 2132 γενόμενοι,
791 2069 885 2115 τῶν
923 2064 1285 2116 πιστευσάντων
1323 2063 1452 2130 οἵπερ
1496 2062 1622 2127 ἦσαν
1661 2062 1870 2129 νουνεχέ-

67 2164 121 2198 10
143 2162 193 2196 A.
251 2171 462 2214 arrrepoc,
489 2147 608 2214 πρὸς
645 2147 727 2198 τὸν
761 2152 844 2196 τοῦ
880 2148 1101 2211 Σωτῆρος
1136 2145 1364 2214 ἀφίκοντο
1402 2143 1631 2208 μαθητὴν,
1658 2141 1800 2194 αὐτὸν
1826 2143 1874 2194 δὲ

289 2229 509 2294 δηλονότι
543 2228 626 2279 τὸν
654 2226 879 2292 Ἰωάννην
914 2229 1049 2295 φημὶ,
1082 2230 1156 2277 καὶ
1195 2225 1252 2290 δὴ
1290 2228 1366 2277 καὶ
1400 2225 1486 2289 τὴν
1517 2230 1613 2279 τοῖς
1651 2227 1874 2294 ἀδελφοῖς

288 2309 634 2379 ἐπισκήψασαν
673 2308 935 2377 ἐξήγγελον
974 2307 1137 2371 νόσον,
1173 2306 1257 2362 τάς
1293 2331 1342 2358 τε
1380 2311 1474 2358 τῶν
1512 2308 1868 2371 ἑτεροδιδασκα-

290 2393 502 2443 λούντων
532 2388 851 2460 ἐξεκάλυπτον
887 2390 1136 2458 φλυαρίας,
1162 2389 1394 2451 ἐπαμῦναί
1424 2411 1473 2438 τε
1507 2392 1692 2454 γοργῶς
1726 2388 1875 2456 σφίσι

290 2497 340 2525 τε
367 2475 522 2526 αὐτοῖς
546 2471 846 2538 παρεκάλουν
872 2476 972 2525 ταῖς
998 2470 1074 2522 διὰ
1104 2476 1186 2521 τοῦ
1214 2470 1490 2533 Πνεύματος
1520 2470 1872 2537 φωταγωγίαις,

291 2557 367 2606 καὶ
410 2559 507 2607 τοῖς
548 2552 637 2617 ἤδη
682 2552 1123 2617 σεσαγηνευμένοις,
1163 2551 1276 2602 ε’ίσω
1320 2573 1370 2601 τε
1415 2550 1612 2601 δικτύων
1650 2549 1876 2616 γεγονόσι

341 2730 373 2754 2.
399 2721 453 2754 καὶ
471 2720 566 2764 pr'1us
584 2731 656 2755 om.
674 2719 717 2754 B.
836 2732 870 2762 4.
897 2719 1145 2764 δι’ἰσχυρίζοντο
1165 2718 1206 2753 Β.
1227 2719 1490 2763 διῒσχυρίζονται
1507 2717 1575 2752 Ed.
1695 2726 1728 2762 5.
1755 2717 1877 2762 ἐτέχθη

293 2772 373 2800 ante
390 2766 444 2800 διὰ
461 2773 595 2811 transp.
615 2766 658 2800 B.
990 2766 1022 2800 6.
1048 2767 1107 2809 τῆς
1124 2772 1346 2811 assumptum
1363 2777 1404 2799 ex
1424 2765 1466 2799 B.
1555 2764 1662 2799 καθὼς
1680 2764 1758 2808 (pro
1775 2764 1876 2807 καθὰ)

292 2812 479 2857 γέγραπται
496 2819 576 2858 post
593 2812 856 2857 συνανεστράφη
874 2817 1007 2857 transp.
1027 2811 1070 2846 Β.
1332 2823 1385 2856 13.
1411 2810 1547 2855 καρδίας
1564 2810 1720 2854 δηλονότι
1737 2809 1876 2843 inverso

293 2858 415 2892 ordine
434 2858 475 2891 Β.
668 2870 720 2901 14.
745 2858 959 2893 ἀνάπτουσαν
977 2858 1019 2892 Β.
1212 2857 1265 2891 16.
1291 2858 1346 2892 ἐπὶ
1361 2860 1422 2893 τοῦ
1438 2857 1559 2892 ὕδατος
1575 2861 1755 2900 assumpta
1771 2866 1811 2888 ex
1831 2855 1874 2889 Β.

295 2914 351 2948 23.
376 2906 552 2948 γενόμενος
570 2905 611 2938 Ε.
904 2915 959 2946 24.
985 2905 1025 2948 δὴ
1044 2915 1108 2949 pro
1125 2903 1161 2938 δέ
1182 2903 1224 2937 Β.
1518 2902 1572 2936 26.
1597 2900 1808 2946 ἐξήγγελλον
1824 2901 1872 2934 D.

295 2960 350 2993 29.
378 2950 678 2994 σεσαγινευμὲνους
697 2950 739 2984 Β.

1885 609 1908 647 5

1887 1025 1936 1051 10

1895 1427 1941 1464 15

1892 1837 1942 1862 20
