2084 3317
105 149 157 190 vi.
182 163 243 191 11.
355 150 428 191 IN
471 150 512 190 S.
547 149 883 190 JOANNEM.
946 148 1070 188 LIB.
1104 147 1190 187 III.
1253 147 1387 186 CAP.
1413 146 1488 185 IV.
1609 146 1691 183 417

103 263 194 312 κῶς
231 259 285 309 τό
321 262 605 326 Εὐχαριστῶ
643 283 721 310 σοι
761 257 1069 322 λαμβάνεται,
1097 258 1242 309 οὕτως
1282 258 1357 306 καὶ
1396 257 1597 305 ἐνταῦθα
1639 254 1691 302 τό
1712 274 1732 298 e

104 340 394 406 Εὐλογήσας
420 344 495 392 ἐπὶ
520 346 614 392 τῶν
640 342 795 406 ἄρτων
822 345 1006 392 νοεῖται.

176 422 468 485 Σημειωτέον
507 423 570 486 δὲ,
603 423 673 474 ὅτι
712 426 813 474 ἀντὶ
852 428 936 473 τοῦ
973 420 1357 488 Εὐχαριστήσας,
1385 417 1439 468 τό
1468 416 1692 481 Εὑλογή-
1758 426 1919 500 ξίὲῐῗῒώ-

101 526 193 556 σας
220 504 397 570 ε’ίρηκεν
424 506 448 555 ὁ
480 509 740 568 Ματθαῖος,
768 503 1058 573 διαφωνήσει
1092 503 1139 553 δὲ
1175 504 1390 564 οὐδαμῶς
1422 503 1516 549 τῶν
1549 499 1696 563 ἁγίων
1817 494 1822 499 ’
1858 478 1887 510 9·

60 585 130 649 5ἡ
170 585 371 640 ξ’κδοσις.
446 587 494 638 ἓν
529 587 622 653 γὰρ
665 587 901 655 ἀποδείξει
942 586 995 637 τὸ
1031 583 1394 653 συναμφότερον
1435 583 1460 632 ὁ
1500 586 1697 634 Παῦλος

103 669 246 718 εἰπών
272 676 299 697 “
318 667 432 719 ’Ότι
473 674 568 721 πᾶν
594 675 767 736 βρῶμα
793 673 918 719 Θεοῦ
947 667 1109 730 καλὸν,
1138 669 1212 718 καὶ
1245 665 1376 717 οὐδὲν
1404 663 1696 726 ἀπόβλητον,
1762 667 1923 749 ΞΤΞΠΠΨ·

105 758 131 780 “
159 750 394 816 ἁγιάζεται
430 751 523 817 γὰρ
550 751 625 802 διὰ
661 750 810 815 λόγου
839 755 962 801 Θεοῦ
996 752 1072 800 καὶ
1107 749 1393 817 ἐντεύξεως·”
1437 747 1701 811 εὐλογεῖται
1787 731 1822 751 ’ὓ

106 832 154 883 δὲ
191 831 380 887 πάντως
419 833 472 884 τὸ
513 833 820 900 ἀγιαζόμενον
856 832 931 882 διὰ
969 835 1051 895 τῆς
1090 833 1138 882 ἐν
1177 830 1376 898 ἐντεύξει
1415 831 1699 895 προσευχῆς,

106 915 162 979 ἢν
188 917 263 965 ἐπὶ
288 914 534 980 τραπέζαις
561 917 629 965 ἀεὶ
655 919 802 966 ποιεῖν
829 914 1088 976 εἰθίσμεθα.

39 1025 87 1049 10
178 995 374 1060 Ἐπειδὴ
416 996 465 1047 δὲ
504 996 733 1062 ἀζήτητον
771 1000 866 1046 τῶν
909 994 1256 1061 συμφερόντων
1296 993 1428 1043 οὐδὲν
1467 1000 1699 1054 καταλιμ-
1723 1010 1743 1033 a
1775 1001 1860 1034 283
1875 999 1927 1032 A·

105 1078 341 1130 πάνεσθαι
386 1079 567 1145 πρέπει·
626 1080 738 1146 φέρε
786 1078 842 1142 δή
896 1101 939 1127 τι
987 1076 1144 1144 βραχὺ
1190 1079 1265 1126 καὶ
1310 1079 1371 1128 εἷς
1417 1073 1524 1127 τοὺς
1567 1073 1705 1124 πέντε

107 1161 323 1225 λέγωμεν
350 1159 532 1225 ἄρτους,
559 1161 691 1226 οἵπερ
726 1159 853 1225 ἦσαν
888 1157 1018 1225 παρὰ
1058 1162 1122 1228 τῷ
1160 1159 1391 1226 παιδαρίῳ
1433 1158 1506 1225 καὶ
1547 1160 1609 1210 εἰς
1648 1155 1707 1206 τὰ

110 1243 191 1293 δύο
218 1241 414 1311 ὀψάρια·
443 1241 591 1309 λόγον
616 1241 711 1309 γὰρ
739 1242 887 1292 ὠδίνει
916 1240 1147 1304 μυστικὸν
1174 1245 1267 1291 τῶν
1295 1239 1567 1305 ηὑρημένων
1595 1238 1707 1288 αὐτό

109 1348 159 1376 τε
185 1324 239 1375 τὸ
267 1322 399 1386 εἶδος,
427 1327 501 1375 καὶ
541 1324 634 1387 μὴν
666 1327 740 1376 καὶ
782 1326 805 1374 ὁ
846 1322 1058 1390 ἀριθμός.
1115 1322 1191 1373 διὰ
1229 1324 1278 1372 τί
1313 1320 1420 1387 γὰρ,
1448 1320 1593 1387 τυχὸν
1620 1321 1714 1385 ἐρεῖ

46 1433 90 1470 15
111 1430 179 1460 τις
218 1410 312 1456 τῶν
352 1406 789 1474 φιλομαθεστέρων,
824 1409 926 1474 οὐχὶ
967 1410 1159 1468 μᾶλλον
1198 1405 1433 1469 τέσσαρες
1472 1407 1512 1453 οἱ
1553 1403 1705 1468 ἄρτοι,

113 1492 186 1540 καὶ
213 1492 335 1553 τρεῖς
362 1493 404 1539 οὶ
431 1489 616 1557 ι’χθύεςς
658 1489 784 1540 διατί
806 1488 853 1539 δὲ
881 1488 944 1551 μὴ
971 1489 1121 1550 πέντε,
1149 1490 1224 1538 καὶ
1251 1484 1467 1552 τέσσαρα
1495 1486 1707 1551 ὀψάριας

113 1572 162 1622 τί
191 1570 239 1620 δὲ
272 1568 329 1634 ἧν
367 1571 491 1625 ὅλως
526 1571 580 1622 τὸ
614 1571 879 1637 ἀναγκάζον
906 1573 980 1621 καὶ
1012 1574 1106 1621 τῶν
1134 1568 1406 1635 ηὑρημένων
1434 1569 1708 1637 ἐξηγεῖσθαι

114 1654 197 1705 τὸν
224 1653 438 1717 ἀριθμὸν,
467 1655 543 1704 καὶ
570 1654 671 1721 οὐχὶ
698 1658 890 1716 μᾶλλον
916 1650 1248 1718 ἁπλούστερόν
1274 1674 1324 1702 τε
1358 1653 1431 1701 καὶ
1460 1650 1710 1703 ἀπολύτως
1728 1653 1754 1693 b

116 1736 240 1788 εἶπεν
278 1736 336 1805 ἐξ
370 1736 547 1802 ὀλίγων
583 1738 748 1799 κομιδῆ
785 1739 877 1785 τῶν
916 1733 1188 1799 ηὑρημένων
1222 1733 1306 1797 τὴν
1331 1733 1592 1797 ἀμέτρητον
1618 1735 1712 1782 τῶν

47 1847 98 1874 20
117 1819 506 1870 ἀκολουθούντων
545 1814 901 1884 ἀποτετράφθαι
940 1815 1161 1878 πληθύν,
1204 1815 1258 1866 τὸ
1298 1815 1345 1865 δὲ
1385 1815 1493 1865 λίαν
1532 1815 1708 1864 ἐσπου-

119 1901 368 1966 δασμένως
407 1903 483 1951 καὶ
523 1903 626 1966 περὶ
667 1900 846 1950 τούτων
879 1899 1154 1968 ἐξηγεῖσθαι
1185 1897 1268 1948 τὸν
1294 1897 1522 1963 μακάριον
1549 1897 1709 1961 Εὐαγ-

117 1982 364 2049 γελιστὴν,
412 1982 584 2034 δίδωσί
625 2005 670 2033 τι
716 1979 904 2035 πάντως
949 1982 1133 2042 ἐννοεῖν,
1179 1978 1204 2031 ὃ
1249 1982 1323 2030 καὶ
1369 1978 1518 2044 ζητεῖν
1563 1981 1710 2044 ἀναγ-

117 2071 264 2117 καῖον.

192 2149 398 2210 Οὐκοῦν,
437 2147 575 2199 πέντε
620 2146 704 2209 μὲν
750 2143 868 2197 εἷναί
909 2151 1033 2213 φησι
1079 2144 1187 2198 τοὺς
1232 2144 1416 2211 ἄρτους,
1461 2148 1535 2195 καὶ
1580 2149 1717 2193 τοῦτο

50 2257 98 2296 25
120 2231 364 2298 κριθίνους,
410 2229 493 2281 δύο
539 2229 587 2281 δὲ
640 2228 698 2280 τὰ
743 2228 940 2297 ὀψάρια,
986 2229 1061 2279 καὶ
1114 2226 1191 2278 διὰ
1240 2228 1419 2277 τούτων
1463 2226 1717 2292 ἀποτρέφει

120 2312 333 2379 Χριστὸς
368 2311 474 2366 τοὺς
510 2316 794 2377 ἀγαπῶντας
821 2309 976 2361 αὐτόν.
1033 2309 1160 2373 οἶμαι
1197 2308 1244 2360 δὲ
1280 2310 1442 2373 ἔγωγε·
1485 2311 1558 2357 καὶ
1595 2330 1712 2357 σκο-

120 2396 263 2448 πείτω
308 2394 363 2446 τὸ
409 2400 618 2460 κρεῖττον
660 2395 684 2445 ὁ
730 2393 1022 2463 φιλομαθής·
1083 2392 1153 2443 ὅτι
1199 2391 1275 2443 διὰ
1318 2389 1404 2454 μὲν
1450 2395 1542 2440 τῶν
1582 2389 1758 2440 πέντεο

122 2478 277 2544 ἄρτων
303 2482 398 2528 τῶν
424 2477 656 2543 κριθίνων,
684 2477 738 2526 τὸ
769 2475 1051 2541 πενταμερές
1079 2481 1160 2526 τοῦ
1185 2473 1442 2541 πανσόφου
1472 2471 1718 2523 Μωυσέως

122 2559 317 2619 βιβλίον
355 2560 648 2623 σημαίνεται,
690 2558 905 2609 τουτέστι
946 2558 1142 2621 σύμπας
1189 2558 1213 2606 ὁ
1259 2554 1411 2619 νόμος,
1452 2553 1720 2620 παχυτέραν

53 2661 103 2696 30
123 2639 289 2708 ὥσπερ
324 2641 558 2711 εἰσφέρων
595 2641 680 2704 τὴν
719 2639 794 2690 διὰ
832 2645 915 2691 τοῦ
954 2639 1232 2706 γράμματος
1273 2639 1347 2688 καὶ
1387 2639 1468 2700 τῆς
1512 2635 1721 2699 ἱστορίας

174 2834 207 2867 3.
234 2824 274 2856 τό
292 2829 372 2856 ante
390 2823 464 2856 εὐλ.
483 2834 553 2856 om.
575 2822 617 2857 B.
637 2822 697 2856 sed
716 2822 818 2856 hicne
837 2833 881 2856 an
898 2834 968 2855 ver.
993 2832 1021 2854 1.
1042 2823 1171 2864 supra?
1357 2817 1389 2850 6.
1416 2819 1536 2860 Βριῖ-,μα
1556 2816 1661 2850 habet
1681 2816 1722 2850 B.

128 2873 149 2887 “
163 2869 319 2903 cibum'’
339 2868 470 2914 Georg.
488 2869 594 2913 Trap.
646 2868 772 2903 Statim
791 2871 879 2902 Θεοῦ
897 2873 1120 2912 assumptum
1140 2878 1179 2900 ex
1202 2865 1242 2899 B.
1390 2875 1442 2906 14.
1467 2864 1579 2907 τυχὼν
1595 2863 1660 2908 γὰρ
1682 2863 1723 2896 B.

132 2928 187 2961 15.
212 2916 276 2960 οὐχ
294 2915 346 2949 ὅτι
364 2927 427 2960 pro
445 2915 523 2960 οὐχὶ
542 2915 583 2949 Β.
701 2927 753 2961 Ι9.
781 2915 886 2949 εἰπεῖν
904 2915 946 2949 Β.
1076 2924 1131 2947 22.
1159 2912 1176 2945 ὃ
1195 2923 1265 2945 om.
1287 2911 1327 2944 B.
1451 2920 1505 2955 27.
1533 2913 1598 2944 τῶν
1615 2910 1725 2954 (ἵρτων

128 2967 194 2998 τῶν
210 2963 308 2996 πέντε
330 2962 371 2996 Β.
487 2973 541 3005 29.
569 2961 784 3007 σημαίνεται]
804 2962 1013 3005 λαμβάνεται
1034 2960 1075 2993 Β.
1094 2959 1212 2993 invitis
1232 2959 1324 2991 Catt.

187 3032 279 3060 VOL.
303 3033 332 3059 Ι.
901 3032 924 3072 3
949 3032 975 3057 H
