2084 3317
342 134 427 174 504
746 138 793 178 B.
829 138 1103 181 CYRILLI
1143 142 1526 186 ALEXANDR.
1790 148 1842 188 vi.
1860 161 1930 200 42.

341 247 368 269 ‘⁶
395 242 555 311 λείψει
597 249 746 296 ποιῶν
791 247 986 314 καρπόν.
1050 254 1219 308 βαθεῖα
1263 252 1431 318 καρδία
1473 252 1603 319 παρὰ
1645 253 1815 318 πάντα,
1857 258 1932 306 καὶ

341 329 368 352 “
393 322 641 390 ἄνθρωπός
690 328 806 390 ἐστι,
859 332 935 379 καὶ
985 332 1055 384 τίς
1102 331 1339 396 γνώσεται
1388 333 1560 397 αὐτόν,
1619 335 1712 401 ἐγὼ
1760 336 1933 403 Κύριος

339 411 367 433 “
393 405 566 472 ἐτάζων
605 409 811 474 καρδίας,
851 410 1111 478 δοκιμάζων
1151 414 1392 482 νεφρούς.”
1453 415 1566 466 ὅταν
1604 418 1760 468 τοίνυν
1804 419 1933 482 ἡμεῖς

338 485 422 537 τὸν
460 489 761 553 ἐγνωσμένον
799 491 929 557 παρὰ
969 496 1091 561 Θεῷ,
1130 497 1206 545 καὶ
1244 499 1292 546 ἐν
1330 501 1430 550 ταῖς
1469 499 1636 563 ἀρτίως
1675 500 1932 565 εἰρημέναις
2078 515 2084 586 Ξ

337 571 725 639 τεθαυμασμένον
760 574 958 638 ἀρεταῖς,
985 579 1086 629 ταῖς
1125 577 1416 643 ἀλαζονείαις
1455 581 1925 646 κατασμικρύνωμεν,
1951 595 1973 633 5

298 653 399 704 Θείς
436 650 586 716 μόνην
624 653 768 704 αὐτοῦ
807 653 892 718 τὴν
930 655 1152 724 ἐξωφανῆ
1197 660 1274 709 καὶ
1311 661 1531 726 ἐπίκηρον
1574 662 1931 722 ἀποβλέποντες

336 730 509 798 σάρκα,
537 736 612 783 καὶ
648 734 735 798 τὴν
771 737 820 786 ἐκ
856 742 939 787 τοῦ
974 737 1198 801 σώματος
1233 741 1429 809 ἀδοξίαν
1461 742 1708 811 πρόφασιν
1740 747 1823 808 τῆς
1859 744 1927 796 ἐπ’

336 814 462 882 αὐτῷ
501 818 862 885 σμικροψυχίας
899 819 1226 884 ποιησάμενοι,
1264 827 1364 876 πῶς
1403 825 1506 891 οὐχὶ
1544 826 1767 876 τάναντία
1806 832 1928 893 φρο-

336 900 522 950 νοῦντες
569 901 636 966 τῷ
678 897 870 950 πάντων
914 901 1208 966 ἁλωσόμεθα
1251 910 1461 968 βασιλεῖ,
1507 908 1640 971 δίκην
1682 930 1732 959 τε
1783 910 1930 962 οὕτως

335 977 570 1046 ὑφέξομεν
596 980 650 1029 οὐ
676 982 882 1047 μετρίαν,
909 982 1016 1033 ἔσθ’
1046 984 1121 1035 ὅτε
1147 986 1201 1036 τὸ
1229 985 1423 1054 ὑψηλὸν
1451 988 1669 1053 λε’γοντες
1695 990 1929 1054 ταπεινὸν,
1952 1011 2006 1036 10

109 1069 271 1100 Es-v-20-
333 1062 410 1111 καὶ
454 1059 509 1111 τὸ
556 1065 658 1129 φῶς
701 1062 931 1126 τιθέμενοι
971 1064 1158 1129 σκότος,
1201 1071 1276 1118 καὶ
1322 1067 1375 1119 τὸ
1418 1070 1573 1134 γλυκὺ
1615 1072 1784 1138 πικρὸν
1825 1074 1925 1139 ὁρι-

333 1140 516 1207 ζόμενοι
539 1165 551 1204 3

408 1225 687 1276 Φυλακτεόν
725 1233 978 1294 τοιγαροῦν
1014 1234 1108 1282 τοῖς
1148 1231 1298 1295 ἁγίοις
1335 1232 1419 1286 τὰς
1458 1234 1614 1287 αὐτοῖς
1652 1235 1929 1300 πρεπούσας

331 1304 482 1369 τιμὰς,
527 1308 602 1357 καὶ
650 1310 907 1374 θεωρητέον
948 1315 1140 1373 μᾶλλον
1182 1312 1350 1367 αὐτοὺς
1394 1314 1467 1365 διὰ
1511 1318 1594 1378 τῆς
1634 1315 1811 1367 ἔσωθεν
1851 1320 1927 1368 καὶ

329 1387 648 1454 κεκρυμμένης
700 1391 924 1450 εὐκλείας,
972 1390 1000 1456 ἢ
1052 1394 1100 1442 ἐν
1145 1392 1211 1447 οἷς
1263 1394 1319 1445 ἂν
1362 1393 1450 1447 εἷεν
1497 1396 1572 1447 διὰ
1618 1397 1703 1462 τὴν
1747 1398 1920 1465 σάρκα.
1948 1416 1998 1455 15

329 1468 461 1519 ἀλλὰ
496 1468 590 1537 γὰρ
628 1474 670 1522 οἱ
705 1477 925 1523 πλεῖστοι
951 1478 1045 1524 τῶν
1070 1476 1119 1525 ἐν
1145 1476 1269 1540 ἡμῖν,
1297 1475 1350 1528 τὸ
1376 1477 1461 1542 μὲν
1488 1481 1535 1529 ἐν
1562 1479 1730 1550 κόσμῳ
1765 1504 1925 1533 ταπει-

105 1566 193 1600 344
208 1566 254 1600 A.
288 1576 310 1600 a
329 1549 410 1602 νὸν
434 1555 570 1616 τιμῆς
596 1552 681 1617 μὲν
707 1553 831 1608 ὅλως
858 1553 886 1619 ἢ
915 1556 996 1606 καί
1017 1579 1141 1610 τινος
1177 1557 1319 1627 δόξης
1354 1560 1520 1629 ἀξιοῦν’
1546 1562 1628 1612 οὐκ
1655 1562 1920 1631 ἀνέχονται,

329 1632 418 1684 κᾶν
457 1634 660 1703 ὑπάρχοι
707 1638 965 1704 διαπρεπὴς
1003 1641 1052 1690 ἐν
1091 1642 1288 1707 ἀρεταῖς,
1329 1648 1391 1697 εἰς
1431 1643 1479 1694 δὲ
1517 1645 1667 1710 μόνην
1705 1648 1918 1709 ἀποβλέ-

328 1738 497 1771 ποντες
533 1716 618 1778 τὴν
650 1721 698 1769 ἐκ
732 1721 945 1772 πλούτου
979 1722 1277 1790 πλεονεξίαν,
1304 1728 1379 1776 καὶ
1414 1725 1499 1791 τὴν
1532 1726 1842 1796 εὐδιάφθορόν
1873 1753 1924 1781 τε

329 1800 407 1848 καὶ
433 1797 551 1850 ὅσον
571 1799 751 1852 οὐδέπω
778 1803 1124 1872 τεθνηξομένην
1144 1807 1354 1857 εὔκλειαν
1375 1809 1622 1874 ἐνορῶντες
1649 1811 1703 1860 οὐ
1728 1810 1923 1879 σφόδρα
1944 1835 1994 1860 20

330 1880 522 1934 δικαίοις
559 1882 842 1950 ὀφθαλμοῖς,
869 1886 980 1952 παρ’
1016 1885 1148 1937 οὐδὲν
1178 1893 1419 1939 ποιοῦνται
1457 1888 1511 1941 τὸ
1550 1892 1720 1957 κρίνειν
1752 1894 1918 1959 ὀρθῶς.

327 1960 436 2015 τοὺς
475 1961 570 2028 γὰρ
611 1963 667 2026 δὴ
707 1965 944 2019 τοιούτους
983 1970 1059 2018 καὶ
1098 1969 1207 2019 λίαν
1241 1970 1426 2025 εἰκότως
1466 1973 1665 2042 διαγελᾷ
1703 1980 1786 2025 τοῦ
1819 1979 1922 2027 Σω-

102 2042 134 2073 S.
147 2042 220 2074 Jae.
233 2044 266 2075 ᾗ·
328 2045 469 2109 τῆρος
508 2045 533 2094 ὁ
569 2046 796 2110 μαθητὴς,
824 2048 981 2113 λέγων
1007 2055 1035 2078 “
1057 2050 1347 2117 ‘onxpcra2,
1382 2051 1462 2103 ἐὰν
1491 2054 1584 2120 γάρ
1621 2077 1689 2108 τις
1725 2056 1923 2126 εἰσέλθῃ

329 2131 356 2153 “
383 2129 445 2179 εἰς
480 2125 566 2190 τὴν
603 2128 891 2195 συναγωγὴν
926 2131 1057 2194 ὑμῶν
1089 2131 1207 2198 ἀνὴρ
1240 2135 1646 2199 χρυσοδακτύλιος
1684 2139 1733 2187 ἐν
1757 2139 1921 2203 ἐσθῆτι

280 2213 307 2253 b
329 2212 356 2236 ‘⁶
384 2212 599 2276 λαμπρᾷ,
624 2209 818 2279 εἰσέλθῃ
858 2210 908 2262 δὲ
947 2214 1022 2262 καὶ
1062 2212 1253 2281 πτωχὸς
1286 2216 1335 2265 ἐν
1365 2217 1553 2286 ῥυπαρᾷ
1587 2220 1793 2283 ε’σθῆτι,”
1822 2219 1921 2272 εἶτα
1941 2240 1989 2279 25

326 2288 511 2354 λε’γητε,
548 2291 685 2359 φησί,
719 2296 785 2362 τῷ
822 2292 907 2356 μὲν
944 2295 1165 2365 πλουσίῳ
1203 2295 1322 2363 πρὸς
1362 2301 1429 2365 τῷ
1468 2298 1606 2368 δεξιῷ
1644 2300 1919 2367 καθέζεσθαι

100 2382 151 2414 Ib.
172 2393 202 2425 3,
219 2393 250 2425 4·
326 2368 477 2439 τόπῳ,
506 2376 574 2440 τῷ
601 2371 650 2422 δὲ
678 2380 705 2403 “
722 2379 900 2444 πτωχῷ
927 2378 1075 2440 Στῆθι
1103 2376 1245 2441 ἐκεῖῆ
1274 2377 1420 2430 κάθου
1447 2380 1537 2431 ὑπὸ
1572 2380 1626 2432 τὸ
1661 2382 1919 2436 ὑποπόδιόν

326 2458 352 2481 “
379 2475 483 2516 μου,
524 2454 578 2504 οὐ
618 2456 873 2521 διεκρίθητε
911 2459 960 2507 ἐν
998 2459 1176 2512 ἑαυτοῖς
1196 2460 1238 2521 ;”
1287 2461 1434 2511 καίτοι
1474 2467 1671 2514 σκοπεῖν
1709 2466 1918 2517 ἐντεῦθεν

324 2533 600 2598 ἀκόλουθον,
639 2536 796 2602 πόσης
836 2538 893 2589 ἂν
931 2537 1019 2590 εἷεν
1058 2539 1259 2606 εὐλόγου
1297 2545 1492 2610 μομφῆς
1532 2545 1733 2596 ὑπαίτιοι
1772 2569 1910 2613 γεγο-

323 2615 468 2679 νότες,
508 2620 550 2668 οἱ
595 2623 692 2672 τοῖς
735 2619 908 2688 ε”ξωθεν
948 2621 1292 2687 περιβλήμασι,
1331 2627 1406 2674 καὶ
1452 2626 1555 2692 οὐχὶ
1598 2632 1693 2680 τοῖς
1738 2628 1916 2680 ἔσωθεν
1935 2654 1985 2690 30

374 2755 402 2778 Ι.
428 2744 567 2790 βαθεῖα]
594 2749 630 2786 -f-
652 2745 670 2789 ἡ
690 2746 757 2781 Ed.
777 2747 887 2782 invito
906 2748 949 2783 B.
969 2747 1081 2793 (106.)
1189 2761 1222 2794 3.
1250 2751 1403 2797 καρδίας]
1428 2757 1465 2793 -1-
1489 2754 1541 2788 καὶ
1562 2754 1603 2788 Β.
1624 2755 1737 2799 (Vat.)
1788 2756 1915 2792 Statim

323 2791 469 2835 νεφροὺς
487 2791 673 2836 δοκιμάζων
689 2793 829 2828 inverso
851 2795 971 2829 ordine
991 2795 1033 2829 B.
1108 2795 1287 2838 δοκιμάζων
1304 2798 1399 2832 Aub.
1551 2812 1603 2843 14.
1631 2803 1684 2835 καὶ
1702 2803 1759 2837 alt.
1779 2815 1848 2837 om.
1869 2804 1912 2839 B.

326 2837 378 2870 16.
405 2838 443 2870 τὸ
465 2837 506 2872 Β.
524 2840 582 2872 τὸν
601 2839 668 2874 Ed.
862 2853 915 2887 19.
943 2842 1149 2887 εὐδιάφορον
1168 2842 1261 2877 B.D.
1452 2857 1507 2880 20.
1535 2847 1635 2893 ὅσον]
1656 2849 1745 2883 ὦσεν
1764 2849 1848 2895 (sic)
1871 2850 1911 2885 B.

322 2893 377 2927 23.
404 2898 454 2918 τις
471 2891 694 2930 assumptum
714 2898 754 2920 ex
776 2887 816 2922 B.
995 2899 1049 2933 27.
1077 2888 1216 2931 καθέζου
1236 2890 1276 2924 Β.
1463 2904 1516 2939 29.
1542 2896 1681 2940 μομφῆς
1699 2895 1793 2929 B.D.
1812 2903 1845 2930 et
1863 2898 1913 2931 sic

320 2930 467 2964 correxit
487 2930 621 2976 Migne.
640 2935 777 2978 μορφῆς
795 2933 889 2968 Auh.
1033 2946 1090 2979 30.
1117 2937 1373 2981 περιβλέμμασι
1394 2937 1435 2971 Β.

2076 2684 2084 2889 *ψ
2076 2501 2084 2674 mm.
