2084 3317
322 125 403 165 120
723 128 771 169 B.
806 128 1080 170 CYRILLI
1120 130 1503 170 ALEXANDR.
1726 127 1752 168 i.
1776 140 1816 182 9,
1838 141 1902 168 10.

322 234 460 301 χάριν
487 235 852 303 ὁμολογήσομεν
877 243 943 308 τῷ
968 238 1054 304 τὴν
1081 239 1348 291 ἀνάστασιν
1373 240 1482 304 ἡμῖν
1506 237 1906 308 ἐπαγγελλομένῳ

283 334 304 360 0
325 321 432 386 Θεῷ
455 339 466 379 ;
511 320 767 374 ἀνανέωσις
793 320 886 386 γὰρ
912 321 1134 387 τιμωρίας
1160 320 1214 372 τὸ
1239 326 1439 387 πρᾶγμα
1466 322 1679 390 φαίνεται
1714 322 1789 371 καὶ
1823 325 1906 371 τοῦ

324 405 587 454 λυποῦντος
625 402 876 466 ἀνασκευὴ,
916 405 992 452 καὶ
1029 406 1064 452 εἰ
1102 401 1271 468 πικρὸν
1308 403 1454 454 παντί
1488 426 1554 472 τῳ
1599 407 1814 469 φανεῖται
1851 400 1906 452 τὸ

323 480 606 547 κολάζεσθαι
644 482 818 550 μακρά·
873 482 1086 551 χαλεπόν
1117 485 1208 550 ἄρα
1245 486 1347 535 ἐστὶ
1385 483 1439 535 τὸ
1478 486 1766 535 ἀνίστασθαι
1804 484 1906 534 σώ-

321 586 449 626 ματα
482 565 704 630 τιμωρίας
738 563 875 633 τάξιν
905 565 1134 632 ἐπέχοντα
1169 570 1269 619 ταῖς
1307 567 1492 620 ἀθλίαις
1525 570 1720 634 ψυχαῖς.
1776 565 1907 616 ἀλλὰ
1928 584 1950 623 5

321 643 415 708 μὴν
442 647 503 698 ὡς
531 648 681 711 δῶρον
707 646 734 709 ἡ
769 645 915 714 φύσις
950 649 1172 697 ἀνανεοῦν
1198 651 1258 700 εὶς
1283 648 1502 711 εὐθυμίαν
1527 646 1612 711 τὴν
1639 646 1908 698 ἀνάστασιν

322 726 415 793 ἔχει
439 725 569 793 παρὰ
588 731 822 792 Χριστοῦ.
867 729 950 779 οὐκ
975 728 1066 795 ἄρα
1092 729 1317 794 τιμωρίας
1343 728 1516 794 τρόπος
1543 729 1570 792 ἡ
1597 728 1903 791 σωμάτωσις.

397 812 441 860 θ.
481 830 612 859 AAAo.
649 811 735 863 Ὠς
772 810 989 875 μεγάλην
1020 811 1129 874 ἡμῖν
1159 813 1235 861 καὶ
1273 811 1556 878 τριπόθητον
1588 809 1753 877 ἑορτὴν
1781 833 1904 876 προ-

277 889 518 958 ᾱφητικός
558 914 650 942 που
690 891 835 957 λόγος
876 893 1289 959 εὐαγγελιζόμενος
1332 893 1559 961 φαίνεται·
1615 892 1904 956 ἶςἈναστή-

324 980 351 1002 “
377 995 545 1023 σονται
582 971 676 1039 γὰρ
714 976 755 1024 οἱ
795 976 958 1040 νεκροὶ,
995 976 1070 1025 καὶ
1109 973 1446 1041 ἐγερθήσονται
1485 977 1527 1025 οἱ
1566 976 1613 1025 ἐν
1651 979 1746 1027 τοῖς
1784 997 1902 1038 μνη·
1932 1001 1980 1024 10

324 1061 351 1083 “
376 1054 549 1118 μείοις”
591 1055 758 1123 φησίν.
832 1055 943 1105 ἀλλ’
984 1056 1111 1122 εἴπερ
1155 1055 1213 1120 ἧν
1260 1055 1405 1110 ὅντως
1449 1055 1693 1110 κολάσεως
1736 1057 1910 1122 τρόπος

322 1136 376 1187 τὸ
420 1139 766 1201 σωματωθῆναι
811 1137 894 1190 τὰς
938 1139 1105 1192 ἀθλίας
1150 1143 1244 1189 τῶν
1289 1138 1550 1204 ἀνθρώπων
1590 1137 1767 1206 ψυχὰς,
1809 1142 1910 1192 πῶς

99 888 154 918 Es.
168 887 256 918 xxvi.

103 941 151 972 19.

324 1219 426 1285 οὐχὶ
464 1223 655 1280 μᾶλλον
692 1218 852 1270 ἐλύπει
891 1219 951 1270 τὰ
997 1225 1187 1271 τοιαῦτα
1229 1225 1358 1282 βοῶν
1398 1222 1422 1271 ὁ
1463 1220 1712 1289 προφήτης
1757 1222 1819 1273 ὡς
1861 1221 1910 1270 ἐκ

325 1303 480 1361 Θεοῦ;
539 1304 640 1354 πῶς
680 1299 728 1350 δὲ
770 1300 894 1354 ὅλως
932 1302 1113 1367 ἀγαθὸν
1152 1302 1286 1353 ε”σται
1324 1302 1377 1353 τὸ
1424 1302 1655 1368 κήρυγμα,
1694 1306 1788 1353 τῶν
1827 1309 1911 1353 λυ-

323 1381 540 1432 πούντων
585 1382 705 1446 ἡμᾶς
749 1383 972 1451 εἰσφέρον
1015 1383 1101 1448 τὴν
1143 1384 1398 1449 διαμονήν;
1454 1385 1542 1435 ἔδει
1587 1384 1681 1451 γὰρ
1722 1389 1912 1447 μᾶλλον
1936 1405 1982 1442 15

325 1468 481 1525 εἰπεῖν,
508 1463 634 1529 εἴπερ
669 1464 892 1524 ἐβούλετο
925 1465 1031 1519 τοὺς
1069 1466 1126 1535 ἐξ
1158 1467 1386 1533 ἁμαρτίας
1423 1466 1799 1530 σωματωθέντας
1833 1467 1907 1516 εὐ-

285 1546 539 1614 εφραίνειν
579 1547 684 1597 Οὐκ
723 1546 1078 1612 ἀναστήσονται
1118 1551 1159 1599 οἱ
1199 1552 1362 1615 νεκροὶ,
1397 1551 1644 1600 ἀπολεῖται
1684 1547 1733 1598 δὲ
1772 1548 1913 1612 καῖή

324 1629 407 1690 τῆς
433 1626 612 1694 σαρκὸς
640 1628 800 1694 φύσις.
863 1630 972 1679 ἀλλ’
1001 1631 1050 1680 ἐκ
1076 1635 1170 1681 τῶν
1195 1632 1415 1681 ἐναντίων
1442 1631 1677 1699 εὐφραίνει
1708 1629 1794 1694 τὴν
1818 1634 1914 1680 τῶν

325 1707 563 1771 σωμάτων
601 1709 870 1760 ἀνάστασιν
909 1710 1107 1762 ἔσεσθαι
1147 1711 1302 1776 λέγων
1342 1711 1460 1763 κατὰ
1495 1712 1734 1776 βούλησιν
1767 1715 1909 1763 Θεοῦ·

325 1793 400 1841 καὶ
426 1795 527 1844 πῶς
553 1790 611 1841 ἀν
637 1791 704 1856 εἵη
731 1790 901 1845 λοιπὸν
926 1795 975 1843 ἐν
1002 1792 1246 1847 κολάσεως
1272 1793 1403 1862 τάξει
1429 1794 1482 1844 τὸ
1508 1799 1651 1858 σῶμα
1677 1793 1797 1844 κατὰ
1828 1792 1913 1857 τὴν
1934 1818 1983 1841 20

326 1877 466 1922 τινῶν
515 1873 762 1936 ἀβουλίαν,
813 1875 885 1943 ἐφ’
939 1873 975 1944 ᾧ
1027 1877 1101 1926 καὶ
1150 1876 1279 1939 ἡμεῖς
1330 1875 1535 1940 ἡδόμεθα
1586 1877 1662 1927 καὶ
1713 1877 1738 1926 ὃ
1792 1875 1914 1930 Θεὸς

327 1955 506 2005 εὐδοκεῖ
518 1977 530 2017 3

401 2060 430 2088 ι.
476 2058 606 2087 AAAO.
645 2037 1002 2105 Ἐπηγγείλατό
1038 2062 1131 2090 που
1169 2037 1292 2093 Θεὸς
1328 2039 1411 2090 τὸν
1442 2039 1670 2106 μακάριον
1702 2041 1916 2105 εὐλογῶν

325 2120 567 2187 Ἀβραὰμ,
599 2120 669 2172 ὅτι
707 2120 827 2172 κατὰ
865 2120 951 2186 τὴν
990 2123 1306 2188 ἀναρίθμητον
1343 2127 1437 2172 τῶν
1476 2123 1689 2188 ἀστέρων
1726 2121 1917 2187 πληθὺν

104 2189 188 2220 Gen.
210 2199 264 2220 xv.
336 2202 358 2220 ’t
530 2201 544 2218 x
675 2203 688 2219 t
858 2204 868 2218 2
937 2209 956 2218 a
1051 2206 1060 2220 2
1135 2203 1146 2221 x
1198 2205 1208 2219 ⁵
1321 2203 1332 2219 x
1408 2206 1418 2219 ι
1509 2203 1519 2218 t
1648 2203 1670 2221 et

329 2225 463 2253 εσται
497 2225 552 2254 το
586 2226 780 2268 σπερμα
815 2226 971 2254 αυτου.
1027 2226 1062 2254 ει
1099 2207 1147 2255 δε
1183 2208 1363 2268 αληθης
1399 2228 1423 2255 ο
1460 2211 1620 2269 λογος,
1646 2227 1717 2255 οτι
1747 2211 1911 2268 πλημ-
1937 2230 1985 2268 25

106 2240 134 2271 5.

106 2298 161 2332 82
183 2297 233 2332 Α.
289 2307 311 2331 a
329 2284 592 2349 μελήσασα
616 2283 710 2352 πρὸ
737 2285 960 2348 σώματος
987 2310 1014 2350 η
1046 2286 1196 2353 ψυχὴ,
1225 2289 1301 2337 καὶ
1335 2291 1397 2340 εἷς
1434 2289 1524 2352 γῆν
1552 2289 1626 2337 καὶ
1661 2290 1723 2340 εἷς
1758 2285 1918 2353 σάρκα

330 2366 730 2432 κολασθησομένη
757 2368 1001 2431 πέμπεται,
1028 2368 1288 2419 καταδίκων
1316 2368 1464 2435 ὄχλον
1491 2369 1574 2418 οὐκ
1600 2369 1778 2434 εὐγενῆ,
1798 2372 1911 2435 δρα-

328 2448 618 2500 πετευόντων
657 2455 739 2500 τοῦ
778 2451 973 2515 ἀγαθοῦ,
1012 2453 1078 2519 τῷ
1116 2450 1276 2519 δικαίῳ
1316 2449 1437 2504 Θεὸς
1476 2451 1808 2516 ἐπηγγείλατο,
1843 2453 1919 2502 καὶ

331 2533 433 2599 οὐχὶ
477 2535 668 2594 μᾶλλον
706 2532 924 2597 εὐλογίας
965 2532 1165 2598 μέτοχον
1204 2532 1410 2598 σπέρμα.
1476 2532 1606 2583 ἀλλὰ
1645 2531 1740 2596 μὴν
1777 2534 1914 2584 εὐλο-

329 2613 497 2678 γήσων
523 2613 606 2664 τὸν
630 2612 858 2680 εΑβραὸιμ
881 2620 1020 2665 τοῦτο
1048 2613 1175 2678 λέγει
1202 2615 1226 2664 ὁ
1254 2613 1393 2668 Θεός·
1435 2613 1627 2679 ἁπάσης
1654 2614 1746 2681 ἄρα
1771 2638 1914 2679 κατη-
1943 2638 1994 2674 30

330 2695 492 2761 γοριάς
519 2695 546 2759 ἡ
574 2699 668 2746 τῶν
693 2693 932 2759 σωμάτων
959 2695 1264 2760 ἀπήλλακται
1290 2694 1484 2761 γένεσις.

382 2851 410 2873 1.
438 2840 530 2884 ἡμῶν
549 2841 591 2875 Β.
694 2841 727 2875 6.
755 2841 815 2887 ὡς]
836 2842 882 2877 εἷς
901 2842 934 2876 D
954 2854 1025 2886 mg.
1134 2853 1186 2876 10.
1211 2841 1277 2886 γὰρ
1295 2853 1364 2875 om.
1385 2842 1426 2876 Β.
1538 2853 1590 2877 11.
1614 2843 1724 2887 φησιν
1741 2850 1820 2876 ante
1837 2844 1868 2877 οἱ
1886 2843 1921 2877 ἐν

331 2891 375 2919 tr.
394 2886 435 2920 B.
501 2887 605 2923 ὅντως
622 2887 661 2932 ἧν
678 2889 816 2923 inverso
834 2889 955 2923 ordine
975 2890 1017 2923 E.
1193 2899 1249 2922 21.
1276 2890 1293 2922 ὁ
1312 2900 1381 2922 om.
1401 2889 1444 2922 B.
1621 2900 1676 2934 23.
1701 2888 1783 2934 που]
1808 2893 1845 2930 -f-
1866 2890 1920 2924 καὶ

334 2932 399 2966 Ed.
418 2933 528 2967 invito
549 2934 589 2969 B.
731 2946 785 2980 29.
811 2936 955 2981 μετέχον
975 2936 1015 2969 Β.
1082 2934 1440 2981 εὐλογήσων-λέγει]
1461 2936 1811 2981 ηὐλόγησεν-λέγων
1830 2936 1872 2970 Β.
