2084 3317
113 334 208 366 Infra
223 345 255 367 x.
294 341 320 383 d

113 388 145 419 9·

116 422 167 453 Ib.
186 422 253 453 xiv.

115 463 147 496 6.

332 149 418 191 574
736 153 788 194 B.
820 153 1093 195 CYRILLI
1135 154 1519 196 ALEXANDR.
1775 155 1831 197 vi.
1850 156 1918 210 69.

337 262 453 310 σθαι
478 265 765 326 προσελθεῖν
791 265 857 331 τῷ
883 266 992 332 Θεῷ
1026 286 1101 313 και
1131 265 1286 329 Πατρι
1314 263 1448 327 ἡμᾶς,
1475 268 1512 314 εὶ
1537 264 1601 328 μὴ
1629 263 1705 315 διὰ
1729 266 1812 328 τῆς
1838 270 1921 315 τοῦ

1564 352 1584 361 μ,

340 345 556 408 Χριστοῦ
583 344 766 406 θυσίας,
794 343 914 394 κατὰ
948 344 1002 394 τὸ
1038 344 1277 409 εἰρημένον
1302 346 1413 411 παρ’
1442 347 1585 397 αὐτου
1612 354 1639 376 “
1663 346 1793 411 Ἐγώ
1832 350 1924 409 εἶμι

340 424 420 488 “ἡ
448 424 607 490 θύρα,”
635 427 715 475 καί
739 433 764 455 “
785 427 1002 479 Οὐδεῖς’
983 448 1164 492 ερχεται
1193 449 1313 491 προς
1345 449 1428 477 τον
1457 427 1665 494 Πατερα,
1695 432 1732 479 εἰ
1765 427 1831 492 μὴ
1868 429 1924 479 δι’

394 507 548 568 ἐμοῦ.”
613 507 662 557 ἐν
700 506 859 557 κύκλω
903 506 1052 571 γεμὴν
1089 508 1430 574 περιτεινεσθαι
1475 508 1562 572 τὴν
1599 508 1781 573 σκηνὴν
1819 513 1921 560 δια-

338 585 493 637 τάττει
533 592 627 638 τῶν
661 590 708 638 ἐν
742 589 860 655 αὐτῇ
897 588 1088 639 πάντων
1122 589 1428 655 περιεκτικὴν,
1457 592 1519 644 ὡς
1557 591 1669 653 μίαν
1703 592 1967 656 ὁρᾶσθαι,5

341 669 417 718 καὶ
440 667 505 732 μὴ
529 669 732 723 πολλάς.
772 669 835 724 εἷς
860 668 954 736 γὰρ
980 672 1028 721 ἐν
1054 671 1164 734 ἡμῖν
1190 672 1215 721 ὁ
1243 670 1470 737 Χριστος,
1497 671 1586 723 κᾶν
1611 671 1926 738 πολυτρόπως

341 751 515 813 νοῆται,
540 750 694 815 σκηνὴ
720 751 804 814 μὲν
831 751 906 803 διὰ
932 751 986 804 τὸ
1012 753 1357 816 καταπέτασμα
1387 757 1471 818 τῆς
1502 753 1696 820 σαρκὸς,
1726 752 1925 815 κιβωτὸς

341 830 389 881 δὲ
415 830 497 881 τὸν
524 835 646 883 θεῖον
674 832 851 901 ἔχουσα
886 833 1042 897 νόμον,
1071 837 1132 888 ὡς
1158 834 1316 901 Λόγος
1349 842 1432 887 τοῦ
1460 840 1584 887 Θεοῦ
1609 838 1684 886 καὶ
1714 833 1921 901 Πατρός·

339 911 545 978 τράπεζα
585 915 632 965 δὲ
670 915 830 978 πάλιν,
858 918 921 971 ὡς
960 915 1116 985 τροφὴ
1155 919 1230 967 καὶ
1269 916 1377 984 ζωή·
1418 917 1591 985 λυχνία
1629 916 1691 980 δὲ,
1723 919 1785 971 ὡς
1824 921 1927 984 φῶς

340 511 366 533 ίί

300 1017 322 1043 e
342 993 510 1058 νοητὸν
543 999 617 1046 καὶ
656 997 987 1061 πνευματικόν·
1033 999 1109 1048 καὶ
1149 998 1492 1065 θυσιαστήριον
1526 998 1830 1063 θυμιάματος,
1865 1001 1927 1052 ὡς
1952 1020 1998 1044 10

340 1076 531 1130 εὐωδίας
571 1078 700 1143 ὀσμὴ
738 1082 821 1143 τῆς
859 1082 907 1131 ἐν
946 1081 1189 1150 ἁγιασμῷ·
1234 1083 1310 1131 καὶ
1349 1081 1692 1148 θυσιαστήριον
1730 1104 1924 1146 καρπω-

338 1156 515 1221 μάτων,
543 1161 605 1213 ὡς
639 1160 856 1229 σφάγιον
892 1161 1006 1229 ὑπὲρ
1041 1165 1123 1226 τῆς
1158 1169 1241 1214 τοῦ
1276 1163 1461 1225 κόσμου
1495 1163 1627 1230 ζωῆς.
1692 1163 1929 1229 ἁγιάζεται

340 1238 389 1290 δὲ
422 1238 578 1291 πάντα
613 1240 672 1292 τὰ
708 1243 757 1293 ἐν
782 1244 915 1310 αὐτῇ·
959 1242 1090 1309 ἅγιος
1122 1267 1216 1311 γαρ
1249 1244 1374 1307 ολος,
1400 1268 1475 1296 και
1514 1244 1641 1299 ὅπως
1680 1243 1738 1296 ἂν
1770 1247 1930 1309 νοῆται

340 1321 568 1387 Χριστός.

418 1406 792 1470 Καθηγουμένης
826 1413 1078 1473 τοιγαροῦν
1112 1411 1195 1472 τῆς
1231 1410 1368 1474 ἁγίας
1402 1412 1594 1474 σκηνῆς,
1623 1409 1929 1476 συναπαίρειν
1953 1426 2000 1464 15

341 1509 392 1538 τε
424 1488 542 1554 αὐτῇ
578 1490 653 1539 καὶ
689 1490 1039 1554 συγκαταλύειν
1066 1493 1108 1541 οἱ
1143 1491 1198 1559 ἐξ
1226 1490 1431 1557 Ἰσραὴλ
1466 1491 1787 1554 ἐπετάττοντο,
1812 1514 1926 1543 παι·

343 1568 557 1624 δεύοντος
590 1570 740 1622 πάλιν
772 1572 892 1635 ἡμᾶς
929 1577 1012 1623 τοῦ
1048 1576 1174 1623 Θεοῦ
1214 1576 1290 1623 καὶ
1326 1572 1632 1628 διδάσκοντος
1665 1574 1927 1642 χρησίμως,

343 1650 552 1716 ἡγεμόνα
593 1657 831 1704 ποιεῖσθαι
870 1655 945 1704 καὶ
987 1654 1260 1719 καθηγητὴν
1298 1658 1381 1719 τῆς
1421 1660 1482 1709 εἰς
1521 1656 1763 1723 σωτηρίαν
1801 1657 1929 1716 ὁδοῦ,

346 1733 428 1784 τὸν
462 1735 518 1784 δι’
549 1734 671 1798 ἡμᾶς
705 1736 1013 1802 σαρκωθέντα
1048 1736 1174 1788 Θεὸν
1202 1736 1377 1803 Λόγον,
1410 1739 1485 1788 καὶ
1518 1743 1615 1792 τοῖς
1649 1739 1791 1789 αὐτοῦ
1830 1741 1930 1788 δια-

123 1833 278 1870 392Α.
307 1814 590 1882 ατάγμασιν
630 1819 866 1882 ἀμελλητὶ
909 1819 1234 1881 συννεύοντας,
1277 1822 1338 1873 εἷς
1379 1819 1499 1886 ζωὴν
1538 1822 1807 1882 ἀναβαίνειν
1848 1819 1934 1882 τὴν
1954 1838 2003 1863 20

125 1977 233 2017 Supra

123 2031 192 2053 ver.
211 2019 264 2051 66.

347 1899 548 1950 αἰώνιον·
591 1898 616 1950 ὃ
642 1902 717 1950 καὶ
744 1903 859 1965 δρᾶν
885 1902 939 1951 οὐ
965 1900 1255 1965 θελήσαντες
1281 1906 1323 1952 οἱ
1350 1901 1425 1953 διὰ
1451 1906 1652 1953 πολλῶν
1677 1925 1934 1968 μυσταγω-

347 1980 566 2046 γηθέντες
603 1981 777 2047 λόγων,
818 1989 845 2011 “
865 1984 1085 2047 ἀπῆλθον
1126 1987 1188 2037 εἷς
1226 1982 1285 2034 τὰ
1323 1984 1493 2047 ὀπίσω,
1532 1986 1607 2035 καὶ
1647 1984 1797 2035 οὐκέτι
1834 1983 1933 2048 μετ’

347 2070 376 2092 “
401 2064 542 2114 αὑτοῦ
567 2063 925 2130 περιεπάτουν.”
980 2065 1244 2133 σοφώτατα
1270 2066 1420 2130 γεμὴν
1447 2067 1471 2115 ὁ
1497 2065 1725 2132 μακάριος
1753 2066 1935 2133 Πέτρος

346 2144 401 2196 τό
440 2148 547 2196 Ποῦ
585 2145 752 2213 ε”χομεν
790 2147 1014 2197 ἀπελθεῖν
1051 2146 1170 2212 πρὸς
1210 2147 1293 2198 τὸν
1326 2146 1526 2214 Σωτῆρά
1565 2152 1708 2217 φησι·
1749 2148 1803 2199 τὸ
1843 2147 1936 2214 γὰρ

346 2225 467 2278 κατὰ
492 2227 669 2291 μηδένα
694 2227 871 2294 τρόπον
891 2230 1158 2295 ἀποφοιτᾶν
1177 2234 1260 2279 τοῦ
1281 2233 1421 2290 Θεοῦ,
1442 2234 1651 2280 συνεῖναι
1675 2229 1723 2281 δὲ
1747 2235 1935 2295 μᾶλλον
1957 2248 2005 2286 25

345 2310 616 2376 ἐπείγεσθαι
641 2314 980 2374 πνευματικῶς,
1009 2310 1157 2376 ἁγίοις
1183 2310 1329 2365 ὅντως
1355 2311 1769 2377 πρεπωδέστατον.

278 2479 328 2526 69
383 2482 459 2524 Καὶ
496 2480 619 2532 ἡμεῖς
657 2483 1013 2534 Πεπιστεύκαμεν,
1052 2482 1121 2524 καὶ
1157 2482 1405 2533 ὲΓνώκαμεν
1443 2484 1491 2526 σὺ
1530 2480 1569 2526 εἶ
1604 2484 1627 2528 ὁ
1665 2483 1844 2542 Χριστὸς
1881 2487 1905 2529 ὃ

948 2578 1066 2626 &stoc
1103 2581 1177 2619 τοῦ
1216 2577 1341 2619 Θεοῦ.

423 2684 695 2750 Θαυμαστὴ
735 2690 829 2737 τῶν
863 2687 1014 2752 ἁγίων
1048 2685 1339 2737 ἀποστόλων
1375 2687 1403 2750 ἡ
1443 2687 1618 2750 πίστις,
1651 2686 1820 2754 θερμὸς
1859 2690 1941 2752 τῆς

400 2825 428 2848 Ι.
456 2817 516 2849 τοῦ
534 2821 757 2862 assumptum
776 2827 816 2849 ex
837 2815 879 2850 Β.
1025 2826 1057 2857 5.
1082 2819 1300 2859 περιεκτικῶν
1320 2816 1360 2850 Β.
1506 2816 1538 2851 6.
1564 2817 1609 2861 μὴ
1629 2817 1671 2851 Β.
1690 2817 1729 2850 οὐ
1748 2816 1815 2851 Ed.
1882 2816 1941 2850 κᾶν

351 2861 393 2896 Β.
399 2861 446 2895 D.
466 2862 520 2895 καὶ
539 2861 605 2896 Ed.
704 2870 736 2906 7.
763 2864 877 2906 νοῆται
900 2862 944 2897 D
962 2864 1086 2897 νοεῖται
1105 2862 1171 2896 Ed.
1271 2874 1304 2906 9.
1332 2862 1444 2907 τροφὴ
1463 2864 1515 2897 καὶ
1536 2863 1600 2908 ζωή
1618 2863 1684 2898 hoc
1703 2863 1826 2898 ordine
1846 2863 1939 2897 B.D.

351 2918 406 2953 27.
433 2908 626 2953 εγνώκαμεν
643 2908 717 2943 B.'
705 2913 855 2954 ἔγνωμεν
874 2909 939 2944 Ed.
1068 2909 1121 2943 28.
1146 2909 1242 2954 ἅγιος
1263 2909 1302 2943 Β.
1322 2911 1392 2946 υἱὸς
1411 2910 1477 2944 Ed.
1494 2910 1555 2944 sed
1573 2911 1617 2945 cf.
1634 2910 1737 2951 infra,
1756 2909 1940 2955 praecipue

350 2966 419 2999 393
438 2967 455 2989 c
475 2954 509 2991 d.
