2084 3317
304 154 386 193 118
702 153 753 194 Β.
786 152 1059 194 CYRILLI
1099 151 1480 193 ALEXANDR.
1719 151 1745 191 i.
1765 164 1804 205 9,
1823 163 1886 190 10.

301 260 515 327 κάζεταις
556 267 718 328 καιροῦ
752 260 800 312 δὲ
834 266 918 312 τοῦ
956 260 1216 326 πρέποντος
1247 260 1330 311 οὐκ
1355 258 1413 310 ἂν
1439 258 1639 325 ἁμάρτοι
1666 257 1720 309 τὸ
1747 263 1885 320 θεῖον,

301 343 412 392 ἀλλ’
440 343 540 393 οὐδ’
569 341 627 393 ἂν
653 341 873 407 ἀδικήσαι
900 341 1013 392 ποτὲ
1040 341 1094 392 τὸ
1121 343 1291 392 ἀδικεῖν
1318 343 1372 391 οὐ
1398 339 1618 409 πεφυκός.
1671 340 1890 405 εὐκαίρως

302 425 394 490 ἄρα
420 426 495 475 καὶ
522 425 707 478 δικαίως
731 423 850 487 μετὰ
877 421 1058 490 σαρκὸς
1082 421 1136 473 τὸ
1162 421 1227 486 μὴ
1254 421 1537 488 ἁμαρτάνειν
1557 421 1890 485 ἀπαιτούμεθα,

301 506 446 571 μόνον
485 505 668 573 ἔχοντες
707 510 873 556 τοῦτον
911 509 995 555 τοῦ
1040 501 1154 554 εἶναι
1197 502 1280 554 τὸν
1319 503 1493 570 καιρὸν,
1535 504 1641 554 καθ’
1684 502 1737 554 ὃν
1774 502 1892 566 μετὰ

301 587 524 651 σώματος
577 592 636 641 εἰς
679 588 745 638 τὶν
794 592 954 653 κόσμον
999 586 1232 655 ἐρχόμεθα,
1277 585 1331 636 τὸ
1376 583 1441 648 μὴ
1485 582 1600 635 εἶναι
1649 584 1934 651 πρότερον,5

78 679 138 714 80
155 679 204 714 A·
262 668 466 734 ἃῶσπερ
517 667 621 718 τινὰ
665 667 813 719 τόπον
859 665 1308 730 καταλιμπάνοντες,
1353 668 1429 717 καὶ
1479 666 1536 735 ἐξ
1581 667 1723 716 αὐτοῦ
1773 665 1891 731 πρὸς

301 750 547 819 ὑπάρξεως
573 748 725 817 ἀρχὴν
751 747 1100 812 μεθιστάμενοι.

374 834 417 882 δ.
461 852 594 881 AAAO.
637 835 786 882 Ποῖον
819 831 912 898 ἔχει
950 829 1112 896 λόγον,
1139 829 1326 896 ἐροίμην
1361 829 1419 880 ἂν
1450 829 1592 894 ἡδέως
1631 828 1810 891 αὐτοὺς,
1835 828 1890 880 τὸ

299 913 653 980 ἁμαρτήσασαν
672 912 766 979 πρὸ
793 911 1032 976 σωμάτων
1052 916 1114 966 εἷς
1140 916 1283 975 σῶμα
1309 911 1580 975 πέμπεσθαι
1605 910 1691 974 τὴν
1713 909 1891 980 ψυχὴν,

298 996 374 1046 ἵνα
409 996 464 1060 δὴ
499 994 641 1059 μάθοι
676 999 733 1063 τῇ
767 995 904 1063 πείρᾳ
941 998 1035 1045 τῶν
1068 995 1246 1045 οἰκείων
1279 995 1535 1056 ἐπιθυμιῶν
1568 992 1654 1056 τὴν
1687 994 1886 1061 αἱσχρό-
1916 1011 1964 1036 10

299 1100 447 1142 τητα;
503 1080 580 1129 καὶ
623 1083 772 1128 ταῦτα
816 1076 909 1142 γὰρ
949 1076 1032 1126 οὐκ
1071 1077 1349 1142 ἐρυθριῶσιν
1387 1074 1704 1144 ἐξηγούμενοι,
1743 1076 1892 1126 καίτοι

297 1164 489 1224 μᾶλλον
515 1160 657 1226 ἐχρῆν
684 1160 759 1208 καὶ
796 1159 938 1221 αὐτῆς
971 1160 1055 1222 τῆς
1087 1161 1183 1208 τῶν
1209 1161 1364 1207 κακῶν
1391 1157 1669 1225 ἐξέλκεσθαι
1701 1161 1888 1226 φαντα-

298 1241 408 1295 σίας
452 1240 611 1305 αὐτὴν,
653 1242 728 1291 καὶ
774 1241 856 1290 οὐκ
903 1243 963 1293 εἰς
1009 1238 1151 1289 αὐτὸν
1190 1242 1504 1289 κατωθεῖσθαι
1548 1243 1642 1289 τῶν
1682 1236 1891 1290 ἐκτόπων

297 1323 478 1386 ἡδονῶν
529 1322 612 1373 τὸν
659 1321 890 1386 πυθμένα·
958 1318 1133 1387 τρόπος
1183 1319 1277 1386 γὰρ
1338 1319 1396 1384 ἧν
1446 1320 1691 1387 θεραπείας
1746 1322 1890 1371 ἐκεῖνο

253 1420 280 1461 b
298 1408 490 1468 μᾶλλον
516 1403 544 1469 ἢ
580 1409 735 1455 τοῦτο.
791 1406 828 1453 εἰ
863 1401 948 1466 μὲν
977 1403 1058 1453 οὖν
1084 1403 1160 1453 ἵνα
1193 1407 1294 1456 ταῖς
1329 1407 1412 1453 τοῦ
1447 1403 1672 1465 σώματος
1705 1402 1890 1465 ἡδοναῖς
1914 1420 1960 1458 15

299 1484 576 1555 ἐντρυφήσῃ
602 1486 884 1552 προσθήκην
912 1485 1004 1552 ε”χει
1032 1482 1316 1548 νοσημάτων
1335 1482 1422 1548 τὴν
1443 1482 1705 1549 σάρκωσιν,
1725 1484 1807 1534 οὐκ
1833 1484 1891 1535 ἄν

298 1590 368 1621 τις
402 1567 645 1618 ἐπαινέσαι
678 1566 761 1618 τὸν
793 1564 1150 1636 σωφρονιστὴν,
1177 1566 1231 1616 δι’
1262 1563 1327 1616 ῶν
1359 1568 1560 1634 ὠφελεῖν
1594 1566 1892 1630 ὑπετόπησεν

298 1651 548 1701 ἀδικοῦντα
585 1648 639 1700 τὸ
679 1649 946 1713 νενοσηκός·
1007 1651 1045 1698 εὶ
1087 1647 1136 1699 δὲ
1175 1648 1251 1699 ἵνα
1288 1648 1531 1712 παύσηται
1569 1652 1663 1698 τῶν
1702 1652 1887 1711 παθῶν,

297 1737 399 1785 πῶς
438 1735 500 1784 εἷς
534 1730 647 1781 αὐτὸ
683 1737 903 1782 πεσοῦσα
939 1733 1022 1794 τῆς
1056 1729 1299 1792 ἐπιθυμίας
1334 1728 1387 1780 τὸ
1425 1728 1574 1791 βάθος
1613 1730 1893 1781 ἀνακύπτειν

298 1814 504 1876 ἐδύνατο,
532 1815 608 1864 καὶ
634 1814 736 1880 οὐχὶ
767 1817 958 1876 μᾶλλον
983 1814 1060 1863 καὶ
1093 1810 1238 1875 αὐτὴν
1263 1810 1591 1863 ἀποπτύσασα
1624 1817 1706 1862 τοῦ
1741 1811 1885 1876 νοσή-
1914 1833 1963 1858 20
2010 1840 2020 1849 -

297 1918 444 1959 ματος
471 1892 556 1958 τὴν
583 1894 748 1962 ἀρχὴν,
776 1894 852 1945 ὅτε
887 1896 963 1944 καὶ
999 1893 1154 1959 γυμνὴ
1188 1898 1271 1944 τοῦ
1305 1893 1616 1947 καθέλκοντος
1653 1897 1714 1948 εἷς
1741 1894 1892 1960 ἁμαρ-

298 1978 404 2028 τίαν
430 1977 646 2046 ἐφαίνετο
669 1999 680 2039 ;

260 2090 283 2117 0
374 2082 408 2111 ε.
449 2079 581 2108 AAAO.
624 2062 683 2109 Εἰ
728 2063 946 2125 προοῦσα
991 2056 1396 2122 πεπλημμέληκεν
1444 2057 1471 2120 ἡ
1522 2055 1673 2126 ψυχὴ,
1719 2056 1795 2108 διά
1843 2081 1893 2110 τε

299 2147 440 2193 τοῦτο
483 2139 761 2204 συνεπλάκη
810 2141 954 2206 σαρκὶ
1003 2145 1078 2190 καὶ
1128 2140 1301 2204 αἵματι,
1345 2142 1408 2193 εἷς
1451 2139 1673 2206 τιμωρίας
1716 2139 1893 2208 τρόπον

300 2229 525 2285 λαβοῦσα
567 2223 622 2273 τὸ
663 2227 876 2289 πρᾶγμα,
921 2226 1022 2275 πῶς
1068 2222 1151 2272 οὐκ
1196 2221 1286 2272 ἔδει
1329 2219 1437 2275 τοὺς
1480 2222 1791 2276 πιστεύοντας
1831 2227 1893 2277 εἷς
1915 2245 1963 2285 25

300 2303 532 2371 Χριστὸν,
571 2307 647 2355 καὶ
691 2304 1036 2368 κομισαμένους
1081 2302 1156 2353 διὰ
1200 2302 1368 2354 τούτου
1410 2306 1493 2367 τῆς
1537 2304 1767 2370 ἁμαρτίας
1807 2304 1893 2369 τὴν

299 2386 490 2455 ἄφεσιν,
542 2388 834 2453 παραχρῆμα
883 2384 1123 2449 σωμάτων
1173 2384 1463 2453 ἐξέρχεσθαι,
1514 2388 1590 2436 καὶ
1645 2384 1699 2437 τὸ
1758 2385 1892 2457 λόγῳ

299 2469 521 2535 τιμωρίας
553 2467 791 2535 περιτεθὲν
818 2467 1118 2527 ἀποβάλλειν
1142 2488 1153 2528 ;
1197 2468 1294 2518 ἐπεὶ
1328 2471 1442 2529 πῶς,
1470 2468 1572 2518 εἶπέ
1591 2490 1683 2531 μοι,
1709 2469 1893 2520 τελείαν

297 2548 389 2618 ἔχει
423 2549 510 2613 τὴν
537 2550 712 2619 ἄφεσιν
745 2550 773 2613 ἡ
807 2554 891 2600 τοῦ
926 2548 1178 2616 ἀνθρώπου
1212 2547 1363 2617 ψυχὴ,
1388 2547 1454 2599 ε”τι
1489 2549 1775 2616 περικειμένη
1809 2550 1893 2602 τὸν

347 2723 380 2753 4.
405 2710 544 2756 ἔχοντες
564 2710 702 2745 B.D.E.
720 2711 860 2755 ἔχοντας
878 2709 945 2744 Ed.
1010 2710 1069 2744 τὸν
1086 2715 1308 2754 assumptum
1327 2721 1367 2743 ex
1388 2709 1429 2743 Β.
1557 2709 1590 2744 6.
1615 2711 1700 2755 πρὸς
1717 2711 1892 2755 ὑπάρξεως

302 2757 442 2792 B.D.E.
460 2759 704 2802 προῦπάρξεως
724 2757 789 2792 Ed.
925 2768 958 2801 9.
984 2757 1050 2801 πρὸ
1069 2755 1251 2801 σωμάτων]
1270 2757 1441 2799 πρόσωπα
1458 2771 1516 2790 τον
1534 2756 1577 2791 Β.
1712 2768 1765 2793 12.
1792 2758 1890 2802 ἐξέλ-

299 2804 418 2838 κεσθαι
436 2806 494 2848 τῆς
511 2808 576 2838 τῶν
594 2808 701 2838 κακῶν
717 2804 855 2838 inverso
873 2803 995 2837 ordine
1015 2803 1057 2837 B.
1203 2814 1256 2847 13.
1287 2802 1383 2837 Haec
1401 2806 1467 2837 τῶν
1484 2803 1633 2838 ἐκτόπων
1650 2811 1832 2850 assumpta
1848 2817 1890 2839 ex

300 2850 396 2884 B.D.
510 2851 562 2885 16.
589 2850 666 2896 οὐκ]
687 2852 741 2885 καὶ
758 2851 817 2884 οὐκ
837 2851 879 2885 Β.
989 2861 1044 2892 24.
1071 2848 1210 2893 αἵματος
1229 2850 1270 2883 Ε.
1381 2859 1508 2896 27—p.
1527 2861 1604 2896 119,
1625 2862 1658 2885 2.
1685 2851 1889 2897 ἐξέρχεσθοι

298 2896 458 2931 -θέλειν
476 2898 573 2942 prius
591 2899 721 2932 omissa
738 2898 774 2931 in
791 2909 863 2942 mg.
883 2896 1099 2941 adscriptum
1117 2896 1222 2930 habet
1241 2896 1282 2930 E.
1560 2907 1616 2943 27.
1642 2900 1689 2944 τῷ
1706 2909 1770 2943 pro
1786 2899 1825 2932 τὸ
1843 2898 1886 2933 Ε.

301 2943 356 2977 28.
382 2943 576 2984 ἀποβάλλει
596 2944 636 2978 Ε.
703 2944 777 2979 εἶπέ
792 2959 849 2988 μοι
866 2949 1090 2989 assumptum
1108 2954 1148 2977 ex
1169 2942 1307 2977 B-D.E.
