2021 3296
620 714 1283 781 PRAEFATIO.

151 1065 391 1174 HAEC
428 1066 735 1121 Cyrillanorum
768 1068 983 1109 volumina
1019 1084 1065 1110 ea
1101 1071 1319 1112 continent
1349 1072 1429 1112 viri
1461 1074 1595 1115 sancti
1628 1090 1751 1129 opera

333 1151 436 1190 quae
464 1137 514 1177 de
539 1136 661 1177 Novo
682 1137 949 1178 Testamento
981 1142 1262 1180 commentata
1293 1144 1459 1182 exstant
1472 1158 1483 1191 3
1520 1147 1681 1196 praeter
1703 1159 1750 1185 ea

147 1203 193 1245 in
227 1205 269 1245 S.
299 1205 456 1246 Lucam
487 1204 899 1260 fragmenta—quae
929 1206 1030 1260 jam,
1065 1210 1270 1261 quatenus
1309 1208 1476 1263 Syl-iace
1512 1215 1692 1263 exstant,
1725 1229 1749 1255 a

149 1272 254 1314 Rob.
278 1273 325 1314 P.
349 1274 501 1324 Smith,
528 1274 695 1315 Decano
722 1274 1010 1325 Cantuarensi‚
1037 1275 1149 1316 edita
1180 1280 1304 1327 sunt3
1338 1278 1581 1334 pleniusque
1606 1281 1748 1323 eadem

146 1357 170 1382 a
202 1342 372 1383 Graecis
404 1342 666 1398 Syriacisque
696 1342 882 1384 fontibus
912 1343 957 1384 in
988 1344 1100 1385 illius
1132 1345 1361 1387 versionem
1390 1348 1617 1402 Anglicam
1648 1353 1749 1391 sunt

145 1410 275 1452 relata
289 1415 604 1466 3—praeterque
635 1412 856 1453 nonnullas
888 1412 1297 1455 Commentariorum
1328 1415 1372 1456 in
1405 1417 1447 1458 S.
1478 1417 1747 1459 Matthaeurn

145 1480 453 1534 deperditorum
483 1480 706 1535 relliquias.

203 1550 443 1591 Maximum
481 1550 522 1590 S.
557 1549 706 1604 Cyrilli
742 1564 857 1603 opus,
889 1548 932 1589 in
971 1549 1013 1591 S.
1047 1549 1255 1592 Joannem
1293 1552 1639 1606 Commentarios,
1671 1571 1745 1598 nos

143 1620 255 1661 haud
296 1619 490 1668 multum,
526 1623 730 1672 quantum
766 1618 819 1659 ad
855 1621 1017 1659 textum
1053 1619 1220 1670 attinet,
1260 1621 1478 1663 emendare
1514 1624 1742 1677 potuimus.

146 1688 265 1730 Quae
301 1688 412 1729 enim
447 1687 597 1728 horum
629 1688 681 1728 ad
717 1702 792 1728 nos
825 1702 1060 1741 pervenere,
1093 1704 1139 1728 ea
1174 1704 1260 1730 non
1294 1690 1377 1731 nisi
1412 1690 1455 1731 in
1492 1707 1574 1733 uno
1608 1693 1747 1735 codice

143 1760 305 1797 exstare
340 1771 468 1810 paene
504 1755 671 1806 dixeris,
710 1755 906 1797 Codicem
944 1756 1036 1797 dico
1072 1756 1363 1807 Barberinum,
1397 1774 1521 1814 quem
1558 1762 1745 1804 Auberto

141 1839 304 1881 quoque
344 1825 546 1879 inspicere
587 1824 803 1879 contigit3
853 1825 1006 1880 quique
1054 1840 1123 1866 sex
1172 1825 1328 1880 priores
1376 1827 1502 1869 libros
1543 1831 1743 1872 continet.

143 1895 272 1935 Hunc
312 1894 362 1935 de
401 1909 509 1935 novo
549 1898 647 1935 ante
687 1893 842 1935 multos
875 1894 963 1948 jam
1006 1909 1137 1935 annos
1179 1895 1359 1937 contulit
1395 1897 1744 1952 diligentissimus

141 1967 282 2005 noster
316 1964 482 2018 adjutor
512 1962 752 2003 Theodorus
786 1962 999 2017 Heysius3
1044 1964 1161 2017 cujus
1195 1963 1244 2004 de
1278 1964 1353 2005 hoc
1390 1965 1527 2008 codice
1562 1968 1743 2023 descrip-

141 2033 314 2083 tionem,
337 2036 379 2073 et
400 2032 450 2072 de
471 2032 762 2073 incertissimis
790 2033 877 2085 ejus
906 2032 1263 2087 incommodisque
1292 2035 1498 2076 scribendi
1524 2038 1743 2089 erroribus,

140 2102 280 2143 videas
301 2102 352 2142 ad
373 2104 475 2142 torn.
498 2102 525 2141 i.
558 2116 598 2155 p.
623 2103 719 2155 645.

199 2171 317 2211 Alios
349 2169 450 2210 duos
483 2173 645 2223 praeter
677 2170 788 2211 hune
820 2170 945 2211 habet
976 2170 1238 2212 Bibliotheca
1270 2171 1475 2213 Vaticana
1506 2173 1607 2215 Cod.
1642 2174 1742 2216 Vat.

140 2251 237 2296 592,
260 2244 438 2295 quatuor
459 2238 616 2293 priores
637 2239 764 2280 libros
786 2239 1085 2289 continentem,
1109 2245 1151 2282 et
1173 2251 1273 2296 593,
1295 2242 1365 2295 qui
1388 2246 1567 2296 quatuor
1587 2243 1744 2297 priores

138 2312 396 2364 quatuorque
427 2312 634 2348 extremos
664 2308 804 2358 habet,
838 2312 1061 2363 utrumque
1098 2310 1221 2351 seculi
1260 2325 1328 2360 xv,
1362 2314 1563 2365 notaeque
1593 2327 1741 2365 parum

138 2376 282 2418 bonae.
345 2377 453 2417 Cum
486 2377 563 2417 hoc
594 2377 762 2431 propius
793 2377 1015 2419 concordat
1047 2378 1147 2419 Cod.
1184 2380 1226 2420 S.
1261 2379 1398 2421 Marci
1424 2380 1614 2422 Venetiis
1647 2395 1741 2432 121,

137 2446 320 2500 ejusdem
353 2446 436 2486 fere
465 2446 625 2495 aetatis,
650 2446 913 2501 ejusdemque
945 2447 1095 2488 codicis
1126 2448 1410 2502 apographon.
1473 2449 1641 2490 Praeter
1666 2451 1742 2492 hos

136 2515 243 2556 nulli
278 2515 351 2556 alii
385 2515 474 2556 noti
511 2518 611 2555 sunt
641 2516 760 2557 codd.
777 2532 788 2565 ;
832 2530 964 2570 neque
998 2520 1198 2571 quattuor
1230 2518 1475 2571 posteriores
1509 2518 1603 2559 libri
1639 2520 1743 2561 alias

137 2587 305 2626 exstant
325 2599 451 2638 quam
474 2583 517 2624 in
536 2582 631 2624 Vat.
649 2593 731 2640 593
755 2588 797 2625 et
817 2584 861 2625 in
879 2585 1064 2626 Veneto:
1097 2585 1298 2640 quaedam
1322 2590 1462 2627 tamen
1483 2602 1587 2641 quae
1609 2588 1742 2630 obiter

137 2667 187 2693 ex
218 2653 283 2694 his
315 2652 640 2694 Commentariis
670 2652 854 2694 citantur
883 2654 1083 2696 videntur
1114 2655 1308 2704 indicare,
1342 2659 1507 2697 textum
1541 2657 1642 2698 satis
1675 2659 1739 2699 in-

94 2760 97 2764 .
138 2723 304 2775 tegrum
324 2722 377 2763 ad
399 2737 474 2762 nos
493 2722 742 2776 pervenisse.

196 2789 344 2830 Libros
365 2790 509 2831 Motos
530 2791 575 2830 in
597 2790 708 2831 hunc
730 2792 900 2832 modum
922 2792 1004 2833 cito
1021 2810 1027 2832 :
1042 2819 1086 2823 —-

244 2881 463 2920 B=Codex
501 2883 745 2931 Barberinus‚
781 2897 852 2922 sec.
886 2885 953 2932 xii,
989 2885 1027 2923 vi
1062 2885 1178 2922 libros
1212 2885 1358 2935 priores
1393 2887 1656 2937 complectens,
1690 2888 1738 2926 ab

355 2946 502 2996 Heysio
523 2952 654 2986 nostro
679 2950 842 2987 maxime
862 2950 1065 2999 diligentia
1085 2951 1131 2988 de
1151 2964 1250 2989 novo
1271 2951 1444 2990 collatus.
