<?xml version="1.0" encoding="UTF-8"?>
<!DOCTYPE html PUBLIC "-//W3C//DTD XHTML 1.0 Transitional//EN"
    "http://www.w3.org/TR/xhtml1/DTD/xhtml1-transitional.dtd">
<html xmlns="http://www.w3.org/1999/xhtml" xml:lang="en" lang="en">
 <head>
  <title>
</title>
<meta http-equiv="Content-Type" content="text/html;charset=utf-8" />
  <meta name='ocr-system' content='tesseract 3.04.00' />
  <meta name='ocr-capabilities' content='ocr_page ocr_carea ocr_par ocr_line ocrx_word'/>
</head>
<body>
  <div class='ocr_page' id='page_1' title='image "./operacyrilli03cyriuoft_0616.png"; bbox 0 0 2084 3317; ppageno 0'>
   <div class='ocr_carea' id='block_1_1' title="bbox 355 144 1940 197">
    <p class='ocr_par' dir='ltr' id='par_1_1' title="bbox 355 144 1940 197">
     <span class='ocr_line' id='line_1_1' title="bbox 355 144 1940 197; baseline -0.001 -9"><span class='ocrx_word' id='word_1_1' title='bbox 355 146 439 188; x_wconf 83' lang='lat'>530</span> <span class='ocrx_word' id='word_1_2' title='bbox 759 152 808 192; x_wconf 93' lang='lat' dir='ltr'>B.</span> <span class='ocrx_word' id='word_1_3' title='bbox 842 150 1120 192; x_wconf 88' lang='lat' dir='ltr'>CYRILLI</span> <span class='ocrx_word' id='word_1_4' title='bbox 1160 148 1542 190; x_wconf 81' lang='lat' dir='ltr'><strong>ALEXANDR.</strong></span> <span class='ocrx_word' id='word_1_5' title='bbox 1799 144 1854 185; x_wconf 86' lang='lat' dir='ltr'><strong>vi.</strong></span> <span class='ocrx_word' id='word_1_6' title='bbox 1874 153 1940 197; x_wconf 80' lang='lat'>53.</span> 
     </span>
    </p>
   </div>
   <div class='ocr_carea' id='block_1_2' title="bbox 315 253 2021 1390">
    <p class='ocr_par' dir='ltr' id='par_1_2' title="bbox 315 253 2021 1390">
     <span class='ocr_line' id='line_1_2' title="bbox 356 253 1944 326; baseline -0.003 -19"><span class='ocrx_word' id='word_1_7' title='bbox 356 259 431 307; x_wconf 80' lang='grc' dir='ltr'>καὶ</span> <span class='ocrx_word' id='word_1_8' title='bbox 466 257 550 308; x_wconf 84' lang='grc' dir='ltr'>τὸν</span> <span class='ocrx_word' id='word_1_9' title='bbox 575 260 623 309; x_wconf 83' lang='grc' dir='ltr'>ἐκ</span> <span class='ocrx_word' id='word_1_10' title='bbox 659 262 742 320; x_wconf 87' lang='grc' dir='ltr'>τῆς</span> <span class='ocrx_word' id='word_1_11' title='bbox 774 261 1011 326; x_wconf 79' lang='grc' dir='ltr'>παρθένου</span> <span class='ocrx_word' id='word_1_12' title='bbox 1047 258 1176 316; x_wconf 82' lang='grc' dir='ltr'>ναὸν,</span> <span class='ocrx_word' id='word_1_13' title='bbox 1205 259 1258 308; x_wconf 83' lang='grc' dir='ltr'>οὐ</span> <span class='ocrx_word' id='word_1_14' title='bbox 1297 256 1468 308; x_wconf 78' lang='grc' dir='ltr'>ταύτὸν</span> <span class='ocrx_word' id='word_1_15' title='bbox 1503 254 1587 320; x_wconf 80' lang='grc' dir='ltr'>μὲν</span> <span class='ocrx_word' id='word_1_16' title='bbox 1619 255 1701 306; x_wconf 76' lang='grc' dir='ltr'>οὖν</span> <span class='ocrx_word' id='word_1_17' title='bbox 1734 253 1848 305; x_wconf 82' lang='grc' dir='ltr'>ὅντα</span> <span class='ocrx_word' id='word_1_18' title='bbox 1885 255 1944 318; x_wconf 84' lang='grc' dir='ltr'>τῇ</span> 
     </span>
     <span class='ocr_line' id='line_1_3' title="bbox 357 331 1947 409; baseline -0.006 -18"><span class='ocrx_word' id='word_1_19' title='bbox 357 340 514 408; x_wconf 87' lang='grc' dir='ltr'>φύσει·</span> <span class='ocrx_word' id='word_1_20' title='bbox 559 342 612 391; x_wconf 84' lang='grc' dir='ltr'>οὐ</span> <span class='ocrx_word' id='word_1_21' title='bbox 636 341 729 408; x_wconf 79' lang='grc' dir='ltr'>γὰρ</span> <span class='ocrx_word' id='word_1_22' title='bbox 756 341 1010 404; x_wconf 85' lang='grc' dir='ltr'>ὁμοούσιον</span> <span class='ocrx_word' id='word_1_23' title='bbox 1035 344 1101 409; x_wconf 72' lang='grc' dir='ltr'>τῷ</span> <span class='ocrx_word' id='word_1_24' title='bbox 1131 340 1182 390; x_wconf 85' lang='grc' dir='ltr'>ἐκ</span> <span class='ocrx_word' id='word_1_25' title='bbox 1209 343 1335 390; x_wconf 96' lang='grc' dir='ltr'>Θεοῦ</span> <span class='ocrx_word' id='word_1_26' title='bbox 1362 337 1507 408; x_wconf 75' lang='grc' dir='ltr'>Λόγῳ</span> <span class='ocrx_word' id='word_1_27' title='bbox 1540 337 1595 389; x_wconf 83' lang='grc' dir='ltr'>τὸ</span> <span class='ocrx_word' id='word_1_28' title='bbox 1627 341 1782 400; x_wconf 65' lang='grc' dir='ltr'>σῶμα</span> <span class='ocrx_word' id='word_1_29' title='bbox 1824 333 1872 385; x_wconf 80' lang='grc' dir='ltr'>ἓν</span> <span class='ocrx_word' id='word_1_30' title='bbox 1898 331 1947 382; x_wconf 83' lang='grc' dir='ltr'>δὲ</span> 
     </span>
     <span class='ocr_line' id='line_1_4' title="bbox 359 417 1942 493; baseline -0.005 -19"><span class='ocrx_word' id='word_1_31' title='bbox 359 428 417 490; x_wconf 82' lang='grc' dir='ltr'>τῇ</span> <span class='ocrx_word' id='word_1_32' title='bbox 451 422 639 493; x_wconf 75' lang='grc' dir='ltr'>συνόδῳ</span> <span class='ocrx_word' id='word_1_33' title='bbox 675 425 751 474; x_wconf 83' lang='grc' dir='ltr'>καὶ</span> <span class='ocrx_word' id='word_1_34' title='bbox 785 427 843 491; x_wconf 82' lang='grc' dir='ltr'>τῇ</span> <span class='ocrx_word' id='word_1_35' title='bbox 879 420 1171 490; x_wconf 80' lang='grc' dir='ltr'>ἀπερινοήτῳ</span> <span class='ocrx_word' id='word_1_36' title='bbox 1207 423 1470 488; x_wconf 85' lang='grc' dir='ltr'>συνδρομῇ·</span> <span class='ocrx_word' id='word_1_37' title='bbox 1514 424 1588 471; x_wconf 88' lang='grc' dir='ltr'>καὶ</span> <span class='ocrx_word' id='word_1_38' title='bbox 1615 419 1802 484; x_wconf 76' lang='grc' dir='ltr'>ἐπείπερ</span> <span class='ocrx_word' id='word_1_39' title='bbox 1829 417 1942 483; x_wconf 76' lang='grc' dir='ltr'>ζωο-</span> 
     </span>
     <span class='ocr_line' id='line_1_5' title="bbox 320 497 1949 571; baseline -0.005 -16"><span class='ocrx_word' id='word_1_40' title='bbox 320 504 493 559; x_wconf 80' lang='grc' dir='ltr'>οποιὸς</span> <span class='ocrx_word' id='word_1_41' title='bbox 528 505 691 571; x_wconf 77' lang='grc' dir='ltr'>γε’γονε</span> <span class='ocrx_word' id='word_1_42' title='bbox 727 510 809 555; x_wconf 92' lang='grc' dir='ltr'>τοῦ</span> <span class='ocrx_word' id='word_1_43' title='bbox 848 506 1069 569; x_wconf 83' lang='grc' dir='ltr'>Σωτῆρος</span> <span class='ocrx_word' id='word_1_44' title='bbox 1105 503 1133 566; x_wconf 85' lang='grc' dir='ltr'>ἡ</span> <span class='ocrx_word' id='word_1_45' title='bbox 1169 501 1315 571; x_wconf 78' lang='grc' dir='ltr'>σὰρξ,</span> <span class='ocrx_word' id='word_1_46' title='bbox 1342 501 1422 553; x_wconf 84' lang='grc' dir='ltr'>ἅτε</span> <span class='ocrx_word' id='word_1_47' title='bbox 1458 501 1515 565; x_wconf 84' lang='grc' dir='ltr'>δὴ</span> <span class='ocrx_word' id='word_1_48' title='bbox 1550 503 1608 570; x_wconf 83' lang='grc' dir='ltr'>τῇ</span> <span class='ocrx_word' id='word_1_49' title='bbox 1644 499 1765 552; x_wconf 78' lang='grc' dir='ltr'>κατὰ</span> <span class='ocrx_word' id='word_1_50' title='bbox 1799 497 1949 567; x_wconf 83' lang='grc' dir='ltr'>φύσιν</span> 
     </span>
     <span class='ocr_line' id='line_1_6' title="bbox 360 580 1990 655; baseline -0.002 -19"><span class='ocrx_word' id='word_1_51' title='bbox 360 587 571 650; x_wconf 79' lang='grc' dir='ltr'>ἡνωμένη</span> <span class='ocrx_word' id='word_1_52' title='bbox 622 585 729 653; x_wconf 75' lang='grc' dir='ltr'>ζωῇ,</span> <span class='ocrx_word' id='word_1_53' title='bbox 781 589 847 655; x_wconf 73' lang='grc' dir='ltr'>τῷ</span> <span class='ocrx_word' id='word_1_54' title='bbox 896 586 946 635; x_wconf 85' lang='grc' dir='ltr'>ἐκ</span> <span class='ocrx_word' id='word_1_55' title='bbox 998 588 1124 635; x_wconf 92' lang='grc' dir='ltr'>Θεοῦ</span> <span class='ocrx_word' id='word_1_56' title='bbox 1172 583 1392 648; x_wconf 87' lang='grc' dir='ltr'>δηλονότι</span> <span class='ocrx_word' id='word_1_57' title='bbox 1445 582 1603 652; x_wconf 75' lang='grc' dir='ltr'>Λόγῳ,</span> <span class='ocrx_word' id='word_1_58' title='bbox 1649 583 1762 634; x_wconf 79' lang='grc' dir='ltr'>ὅταν</span> <span class='ocrx_word' id='word_1_59' title='bbox 1806 580 1990 643; x_wconf 79' lang='grc' dir='ltr'>αὑτῆς5</span> 
     </span>
     <span class='ocr_line' id='line_1_7' title="bbox 359 659 1949 733; baseline -0.004 -15"><span class='ocrx_word' id='word_1_60' title='bbox 359 667 749 733; x_wconf 84' lang='grc' dir='ltr'>ἀπογευσώμεθα,</span> <span class='ocrx_word' id='word_1_61' title='bbox 789 666 894 717; x_wconf 88' lang='grc' dir='ltr'>τότε</span> <span class='ocrx_word' id='word_1_62' title='bbox 933 665 1018 729; x_wconf 88' lang='grc' dir='ltr'>τὴν</span> <span class='ocrx_word' id='word_1_63' title='bbox 1057 664 1179 731; x_wconf 76' lang='grc' dir='ltr'>ζωὴν</span> <span class='ocrx_word' id='word_1_64' title='bbox 1217 666 1385 733; x_wconf 75' lang='grc' dir='ltr'>ε”χομεν</span> <span class='ocrx_word' id='word_1_65' title='bbox 1423 667 1472 716; x_wconf 87' lang='grc' dir='ltr'>ἐν</span> <span class='ocrx_word' id='word_1_66' title='bbox 1510 666 1688 718; x_wconf 80' lang='grc' dir='ltr'>ἑαυτοῖς</span> <span class='ocrx_word' id='word_1_67' title='bbox 1726 659 1949 713; x_wconf 79' lang='grc' dir='ltr'>συνενού-</span> 
     </span>
     <span class='ocr_line' id='line_1_8' title="bbox 358 743 1949 816; baseline -0.003 -18"><span class='ocrx_word' id='word_1_68' title='bbox 358 771 490 812; x_wconf 87' lang='grc' dir='ltr'>μενοι</span> <span class='ocrx_word' id='word_1_69' title='bbox 534 750 610 799; x_wconf 80' lang='grc' dir='ltr'>καὶ</span> <span class='ocrx_word' id='word_1_70' title='bbox 655 749 782 812; x_wconf 80' lang='grc' dir='ltr'>ἡμεῖς</span> <span class='ocrx_word' id='word_1_71' title='bbox 827 749 960 816; x_wconf 78' lang='grc' dir='ltr'>αὐτῇ,</span> <span class='ocrx_word' id='word_1_72' title='bbox 1000 747 1213 814; x_wconf 82' lang='grc' dir='ltr'>καθάπερ</span> <span class='ocrx_word' id='word_1_73' title='bbox 1258 748 1339 798; x_wconf 86' lang='grc' dir='ltr'>οῦν</span> <span class='ocrx_word' id='word_1_74' title='bbox 1383 746 1500 811; x_wconf 85' lang='grc' dir='ltr'>αὐτὴ</span> <span class='ocrx_word' id='word_1_75' title='bbox 1544 750 1612 815; x_wconf 72' lang='grc' dir='ltr'>τῷ</span> <span class='ocrx_word' id='word_1_76' title='bbox 1654 743 1949 808; x_wconf 86' lang='grc' dir='ltr'>ἐνοικήσαντι</span> 
     </span>
     <span class='ocr_line' id='line_1_9' title="bbox 360 827 1946 899; baseline -0.004 -19"><span class='ocrx_word' id='word_1_77' title='bbox 360 829 520 899; x_wconf 76' lang='grc' dir='ltr'>Λόγῳ.</span> <span class='ocrx_word' id='word_1_78' title='bbox 572 829 649 880; x_wconf 78' lang='grc' dir='ltr'>διὰ</span> <span class='ocrx_word' id='word_1_79' title='bbox 675 830 769 897; x_wconf 83' lang='grc' dir='ltr'>γάρ</span> <span class='ocrx_word' id='word_1_80' title='bbox 795 853 867 881; x_wconf 93' lang='grc' dir='ltr'>τοι</span> <span class='ocrx_word' id='word_1_81' title='bbox 893 836 1031 881; x_wconf 93' lang='grc' dir='ltr'>τοῦτο</span> <span class='ocrx_word' id='word_1_82' title='bbox 1059 832 1135 881; x_wconf 81' lang='grc' dir='ltr'>καὶ</span> <span class='ocrx_word' id='word_1_83' title='bbox 1161 831 1209 880; x_wconf 89' lang='grc' dir='ltr'>ἐν</span> <span class='ocrx_word' id='word_1_84' title='bbox 1234 833 1301 899; x_wconf 75' lang='grc' dir='ltr'>τῷ</span> <span class='ocrx_word' id='word_1_85' title='bbox 1326 828 1433 883; x_wconf 77' lang='grc' dir='ltr'>τοὺς</span> <span class='ocrx_word' id='word_1_86' title='bbox 1462 827 1649 894; x_wconf 79' lang='grc' dir='ltr'>νεκροὺς</span> <span class='ocrx_word' id='word_1_87' title='bbox 1683 828 1946 884; x_wconf 84' lang='grc' dir='ltr'>διανιστᾶν,</span> 
     </span>
     <span class='ocr_line' id='line_1_10' title="bbox 359 905 1950 982; baseline -0.004 -19"><span class='ocrx_word' id='word_1_88' title='bbox 359 913 413 963; x_wconf 81' lang='grc' dir='ltr'>οὐ</span> <span class='ocrx_word' id='word_1_89' title='bbox 440 911 573 982; x_wconf 76' lang='grc' dir='ltr'>λόγῳ</span> <span class='ocrx_word' id='word_1_90' title='bbox 598 912 758 976; x_wconf 84' lang='grc' dir='ltr'>μόνον,</span> <span class='ocrx_word' id='word_1_91' title='bbox 785 911 890 963; x_wconf 77' lang='grc' dir='ltr'>οὐδὲ</span> <span class='ocrx_word' id='word_1_92' title='bbox 913 917 1010 965; x_wconf 89' lang='grc' dir='ltr'>τοῖς</span> <span class='ocrx_word' id='word_1_93' title='bbox 1044 912 1358 978; x_wconf 74' lang='grc' dir='ltr'>θεοπρεπέσιν</span> <span class='ocrx_word' id='word_1_94' title='bbox 1384 910 1702 976; x_wconf 80' lang='grc' dir='ltr'>ἐπιτάγμασιν</span> <span class='ocrx_word' id='word_1_95' title='bbox 1728 910 1753 959; x_wconf 82' lang='grc' dir='ltr'><strong>ὁ</strong></span> <span class='ocrx_word' id='word_1_96' title='bbox 1781 905 1950 972; x_wconf 84' lang='grc' dir='ltr'>Σωτὴρ</span> 
     </span>
     <span class='ocr_line' id='line_1_11' title="bbox 359 986 2021 1060; baseline -0.002 -16"><span class='ocrx_word' id='word_1_97' title='bbox 359 995 559 1060; x_wconf 85' lang='grc' dir='ltr'>ἐνεργῶν</span> <span class='ocrx_word' id='word_1_98' title='bbox 610 995 887 1060; x_wconf 87' lang='grc' dir='ltr'>εὑρίσκεται,</span> <span class='ocrx_word' id='word_1_99' title='bbox 933 992 1064 1044; x_wconf 79' lang='grc' dir='ltr'>ἀλλὰ</span> <span class='ocrx_word' id='word_1_100' title='bbox 1115 992 1414 1059; x_wconf 82' lang='grc' dir='ltr'>συνεργάτην</span> <span class='ocrx_word' id='word_1_101' title='bbox 1463 992 1628 1058; x_wconf 82' lang='grc' dir='ltr'>ὥσπερ</span> <span class='ocrx_word' id='word_1_102' title='bbox 1678 988 1783 1041; x_wconf 80' lang='grc' dir='ltr'>τινὰ</span> <span class='ocrx_word' id='word_1_103' title='bbox 1832 986 1950 1054; x_wconf 82' lang='grc' dir='ltr'>πρὸς</span> <span class='ocrx_word' id='word_1_104' title='bbox 1974 1008 2021 1033; x_wconf 89' lang='lat'>10</span> 
     </span>
     <span class='ocr_line' id='line_1_12' title="bbox 358 1072 1951 1141; baseline -0.004 -14"><span class='ocrx_word' id='word_1_105' title='bbox 358 1082 499 1127; x_wconf 89' lang='grc' dir='ltr'>τοῦτο</span> <span class='ocrx_word' id='word_1_106' title='bbox 543 1075 600 1140; x_wconf 86' lang='grc' dir='ltr'>δὴ</span> <span class='ocrx_word' id='word_1_107' title='bbox 644 1075 861 1140; x_wconf 79' lang='grc' dir='ltr'>μάλιστα</span> <span class='ocrx_word' id='word_1_108' title='bbox 910 1099 995 1139; x_wconf 89' lang='grc' dir='ltr'>την</span> <span class='ocrx_word' id='word_1_109' title='bbox 1041 1075 1180 1141; x_wconf 85' lang='grc' dir='ltr'>ἁγίαν</span> <span class='ocrx_word' id='word_1_110' title='bbox 1231 1076 1373 1125; x_wconf 81' lang='grc' dir='ltr'>αὐτοῦ</span> <span class='ocrx_word' id='word_1_111' title='bbox 1425 1072 1688 1138; x_wconf 77' lang='grc' dir='ltr'>λαμβάνειν</span> <span class='ocrx_word' id='word_1_112' title='bbox 1731 1072 1951 1136; x_wconf 86' lang='grc' dir='ltr'>ἠπείγετο</span> 
     </span>
     <span class='ocr_line' id='line_1_13' title="bbox 315 1153 1950 1225; baseline -0.004 -16"><span class='ocrx_word' id='word_1_113' title='bbox 315 1157 534 1225; x_wconf 86' lang='grc' dir='ltr'>(1σαρκα,</span> <span class='ocrx_word' id='word_1_114' title='bbox 578 1159 654 1209; x_wconf 89' lang='grc' dir='ltr'>ίνα</span> <span class='ocrx_word' id='word_1_115' title='bbox 703 1158 886 1225; x_wconf 87' lang='grc' dir='ltr'>δεικνυῃ</span> <span class='ocrx_word' id='word_1_116' title='bbox 936 1158 1174 1224; x_wconf 75' lang='grc' dir='ltr'>ζωοποιεῖν</span> <span class='ocrx_word' id='word_1_117' title='bbox 1220 1157 1494 1220; x_wconf 77' lang='grc' dir='ltr'>δυναμένην,</span> <span class='ocrx_word' id='word_1_118' title='bbox 1541 1158 1617 1206; x_wconf 83' lang='grc' dir='ltr'>καὶ</span> <span class='ocrx_word' id='word_1_119' title='bbox 1661 1157 1723 1208; x_wconf 80' lang='grc' dir='ltr'>ὡς</span> <span class='ocrx_word' id='word_1_120' title='bbox 1769 1154 1817 1204; x_wconf 79' lang='grc' dir='ltr'>ἓν</span> <span class='ocrx_word' id='word_1_121' title='bbox 1861 1153 1950 1217; x_wconf 76' lang='grc' dir='ltr'>ἤδη</span> 
     </span>
     <span class='ocr_line' id='line_1_14' title="bbox 359 1236 1951 1306; baseline -0.004 -15"><span class='ocrx_word' id='word_1_122' title='bbox 359 1263 616 1306; x_wconf 89' lang='grc' dir='ltr'>γενομενην</span> <span class='ocrx_word' id='word_1_123' title='bbox 649 1239 769 1305; x_wconf 81' lang='grc' dir='ltr'>πρὸς</span> <span class='ocrx_word' id='word_1_124' title='bbox 805 1238 962 1290; x_wconf 82' lang='grc' dir='ltr'>αὐτόν.</span> <span class='ocrx_word' id='word_1_125' title='bbox 1017 1241 1094 1289; x_wconf 84' lang='grc' dir='ltr'>καὶ</span> <span class='ocrx_word' id='word_1_126' title='bbox 1132 1238 1226 1305; x_wconf 80' lang='grc' dir='ltr'>γὰρ</span> <span class='ocrx_word' id='word_1_127' title='bbox 1264 1238 1321 1302; x_wconf 83' lang='grc' dir='ltr'>ἧν</span> <span class='ocrx_word' id='word_1_128' title='bbox 1357 1237 1503 1292; x_wconf 81' lang='grc' dir='ltr'>ὅντως</span> <span class='ocrx_word' id='word_1_129' title='bbox 1541 1237 1657 1288; x_wconf 83' lang='grc' dir='ltr'>ιδιον</span> <span class='ocrx_word' id='word_1_130' title='bbox 1691 1236 1849 1298; x_wconf 82' lang='grc' dir='ltr'>αὐτοῦ,</span> <span class='ocrx_word' id='word_1_131' title='bbox 1876 1236 1951 1285; x_wconf 81' lang='grc' dir='ltr'>καὶ</span> 
     </span>
     <span class='ocr_line' id='line_1_15' title="bbox 360 1316 1951 1390; baseline -0.004 -18"><span class='ocrx_word' id='word_1_132' title='bbox 360 1323 447 1390; x_wconf 82' lang='grc' dir='ltr'>οὐχ</span> <span class='ocrx_word' id='word_1_133' title='bbox 484 1322 641 1388; x_wconf 83' lang='grc' dir='ltr'>ἑτέρου</span> <span class='ocrx_word' id='word_1_134' title='bbox 675 1321 729 1372; x_wconf 82' lang='grc' dir='ltr'>τὸ</span> <span class='ocrx_word' id='word_1_135' title='bbox 765 1326 926 1384; x_wconf 82' lang='grc' dir='ltr'>σῶμα.</span> <span class='ocrx_word' id='word_1_136' title='bbox 982 1322 1058 1372; x_wconf 79' lang='grc' dir='ltr'>καὶ</span> <span class='ocrx_word' id='word_1_137' title='bbox 1092 1327 1208 1386; x_wconf 91' lang='grc' dir='ltr'>γοῦν</span> <span class='ocrx_word' id='word_1_138' title='bbox 1235 1320 1311 1371; x_wconf 80' lang='grc' dir='ltr'>ὅτε</span> <span class='ocrx_word' id='word_1_139' title='bbox 1345 1319 1400 1371; x_wconf 84' lang='grc' dir='ltr'>τὸ</span> <span class='ocrx_word' id='word_1_140' title='bbox 1434 1325 1518 1371; x_wconf 92' lang='grc' dir='ltr'>τοῦ</span> <span class='ocrx_word' id='word_1_141' title='bbox 1553 1316 1951 1386; x_wconf 84' lang='grc' dir='ltr'>ἀρχισυναγώγου</span> 
     </span>
    </p>
   </div>
   <div class='ocr_carea' id='block_1_3' title="bbox 138 1397 2026 1964">
    <p class='ocr_par' dir='ltr' id='par_1_3' title="bbox 138 1397 2022 1798">
     <span class='ocr_line' id='line_1_16' title="bbox 138 1397 2022 1482; baseline -0.002 -27"><span class='ocrx_word' id='word_1_142' title='bbox 138 1397 279 1482; x_wconf 43' lang='grc' dir='ltr'>ῗίὶᾷῑὲἶ</span> <span class='ocrx_word' id='word_1_143' title='bbox 360 1402 517 1470; x_wconf 88' lang='grc' dir='ltr'>κόριον</span> <span class='ocrx_word' id='word_1_144' title='bbox 562 1403 780 1467; x_wconf 87' lang='grc' dir='ltr'>διανίστη</span> <span class='ocrx_word' id='word_1_145' title='bbox 826 1403 983 1469; x_wconf 79' lang='grc' dir='ltr'>λέγων</span> <span class='ocrx_word' id='word_1_146' title='bbox 1022 1410 1049 1432; x_wconf 86' lang='grc'><strong>“</strong></span> <span class='ocrx_word' id='word_1_147' title='bbox 1075 1403 1140 1453; x_wconf 90' lang='grc' dir='ltr'>Ἡ</span> <span class='ocrx_word' id='word_1_148' title='bbox 1187 1407 1298 1456; x_wconf 91' lang='grc' dir='ltr'>παῖς</span> <span class='ocrx_word' id='word_1_149' title='bbox 1346 1402 1557 1469; x_wconf 76' lang='grc' dir='ltr'>ε”γειραι,”</span> <span class='ocrx_word' id='word_1_150' title='bbox 1597 1399 1828 1467; x_wconf 82' lang='grc' dir='ltr'>ἐκράτησε</span> <span class='ocrx_word' id='word_1_151' title='bbox 1868 1401 1951 1462; x_wconf 73' lang='grc' dir='ltr'>τῆς</span> <span class='ocrx_word' id='word_1_152' title='bbox 1975 1417 2022 1455; x_wconf 91' lang='lat'>15</span> 
     </span>
     <span class='ocr_line' id='line_1_17' title="bbox 361 1480 1953 1556; baseline -0.003 -19"><span class='ocrx_word' id='word_1_153' title='bbox 361 1485 514 1556; x_wconf 81' lang='grc' dir='ltr'>χειρὸς</span> <span class='ocrx_word' id='word_1_154' title='bbox 553 1486 710 1550; x_wconf 83' lang='grc' dir='ltr'>αὐτῆς,</span> <span class='ocrx_word' id='word_1_155' title='bbox 741 1485 864 1537; x_wconf 79' lang='grc' dir='ltr'>καθὰ</span> <span class='ocrx_word' id='word_1_156' title='bbox 902 1484 1182 1551; x_wconf 79' lang='grc' dir='ltr'>γέγραπται·</span> <span class='ocrx_word' id='word_1_157' title='bbox 1225 1485 1465 1551; x_wconf 76' lang='grc' dir='ltr'>ζωοποιῶν</span> <span class='ocrx_word' id='word_1_158' title='bbox 1499 1482 1584 1547; x_wconf 76' lang='grc' dir='ltr'>μὲν</span> <span class='ocrx_word' id='word_1_159' title='bbox 1618 1485 1680 1536; x_wconf 85' lang='grc' dir='ltr'>ὡς</span> <span class='ocrx_word' id='word_1_160' title='bbox 1715 1480 1852 1543; x_wconf 77' lang='grc' dir='ltr'>Θεὸς,</span> <span class='ocrx_word' id='word_1_161' title='bbox 1886 1484 1953 1550; x_wconf 72' lang='grc' dir='ltr'>τῷ</span> 
     </span>
     <span class='ocr_line' id='line_1_18' title="bbox 361 1563 1953 1638; baseline -0.002 -19"><span class='ocrx_word' id='word_1_162' title='bbox 361 1571 646 1638; x_wconf 76' lang='grc' dir='ltr'>παντουργῲ</span> <span class='ocrx_word' id='word_1_163' title='bbox 671 1566 1024 1634; x_wconf 79' lang='grc' dir='ltr'>προστάγματι·</span> <span class='ocrx_word' id='word_1_164' title='bbox 1067 1566 1306 1633; x_wconf 71' lang='grc' dir='ltr'>ζωοποιῶν</span> <span class='ocrx_word' id='word_1_165' title='bbox 1334 1566 1383 1618; x_wconf 80' lang='grc' dir='ltr'>δὲ</span> <span class='ocrx_word' id='word_1_166' title='bbox 1409 1567 1468 1617; x_wconf 76' lang='grc' dir='ltr'>αὖ</span> <span class='ocrx_word' id='word_1_167' title='bbox 1493 1565 1642 1618; x_wconf 84' lang='grc' dir='ltr'>πάλιν</span> <span class='ocrx_word' id='word_1_168' title='bbox 1667 1565 1744 1616; x_wconf 82' lang='grc' dir='ltr'>καὶ</span> <span class='ocrx_word' id='word_1_169' title='bbox 1770 1563 1845 1615; x_wconf 82' lang='grc' dir='ltr'>διὰ</span> <span class='ocrx_word' id='word_1_170' title='bbox 1870 1565 1953 1626; x_wconf 82' lang='grc' dir='ltr'>τῆς</span> 
     </span>
     <span class='ocr_line' id='line_1_19' title="bbox 361 1647 1955 1719; baseline -0.004 -17"><span class='ocrx_word' id='word_1_171' title='bbox 361 1652 486 1719; x_wconf 79' lang='grc' dir='ltr'>ἁφῆς</span> <span class='ocrx_word' id='word_1_172' title='bbox 525 1653 608 1714; x_wconf 82' lang='grc' dir='ltr'>τῆς</span> <span class='ocrx_word' id='word_1_173' title='bbox 647 1651 786 1715; x_wconf 84' lang='grc' dir='ltr'>ἁγίας</span> <span class='ocrx_word' id='word_1_174' title='bbox 825 1648 1019 1716; x_wconf 80' lang='grc' dir='ltr'>σαρκὸς,</span> <span class='ocrx_word' id='word_1_175' title='bbox 1059 1649 1171 1712; x_wconf 87' lang='grc' dir='ltr'>μίαν</span> <span class='ocrx_word' id='word_1_176' title='bbox 1208 1672 1258 1700; x_wconf 94' lang='grc' dir='ltr'>τε</span> <span class='ocrx_word' id='word_1_177' title='bbox 1301 1651 1377 1700; x_wconf 79' lang='grc' dir='ltr'>καὶ</span> <span class='ocrx_word' id='word_1_178' title='bbox 1422 1650 1634 1715; x_wconf 86' lang='grc' dir='ltr'>συγγενῆ</span> <span class='ocrx_word' id='word_1_179' title='bbox 1678 1648 1733 1698; x_wconf 86' lang='grc' dir='ltr'>δι’</span> <span class='ocrx_word' id='word_1_180' title='bbox 1775 1647 1955 1714; x_wconf 84' lang='grc' dir='ltr'>ἀμφοῖν</span> 
     </span>
     <span class='ocr_line' id='line_1_20' title="bbox 361 1728 1955 1798; baseline -0.003 -14"><span class='ocrx_word' id='word_1_181' title='bbox 361 1734 649 1784; x_wconf 85' lang='grc' dir='ltr'>ἐπιδείκνυσι</span> <span class='ocrx_word' id='word_1_182' title='bbox 692 1731 778 1796; x_wconf 88' lang='grc' dir='ltr'>τὴν</span> <span class='ocrx_word' id='word_1_183' title='bbox 817 1732 1064 1798; x_wconf 80' lang='grc' dir='ltr'>ἐνέργειαν.</span> <span class='ocrx_word' id='word_1_184' title='bbox 1132 1731 1265 1782; x_wconf 77' lang='grc' dir='ltr'>ἀλλὰ</span> <span class='ocrx_word' id='word_1_185' title='bbox 1303 1732 1378 1782; x_wconf 75' lang='grc' dir='ltr'>καὶ</span> <span class='ocrx_word' id='word_1_186' title='bbox 1418 1731 1494 1782; x_wconf 80' lang='grc' dir='ltr'>ὅτε</span> <span class='ocrx_word' id='word_1_187' title='bbox 1532 1728 1854 1796; x_wconf 79' lang='grc' dir='ltr'>εἰσεπορεύετο</span> <span class='ocrx_word' id='word_1_188' title='bbox 1891 1730 1955 1780; x_wconf 82' lang='grc' dir='ltr'>εἰς</span> 
     </span>
    </p>

    <p class='ocr_par' dir='ltr' id='par_1_4' title="bbox 140 1804 2026 1882">
     <span class='ocr_line' id='line_1_21' title="bbox 140 1804 2026 1882; baseline -0.005 -16"><span class='ocrx_word' id='word_1_189' title='bbox 140 1805 192 1878; x_wconf 53' lang='lat'>{¹2³1</span> <span class='ocrx_word' id='word_1_190' title='bbox 210 1804 265 1836; x_wconf 86' lang='lat' dir='ltr'><strong>vii.</strong></span> <span class='ocrx_word' id='word_1_191' title='bbox 323 1813 507 1867; x_wconf 77' lang='grc' dir='ltr'>θπόλιν</span> <span class='ocrx_word' id='word_1_192' title='bbox 546 1813 840 1878; x_wconf 79' lang='grc' dir='ltr'>καλουμένην</span> <span class='ocrx_word' id='word_1_193' title='bbox 880 1814 1018 1876; x_wconf 79' lang='grc' dir='ltr'>Ναίν,</span> <span class='ocrx_word' id='word_1_194' title='bbox 1059 1816 1134 1864; x_wconf 83' lang='grc' dir='ltr'>καὶ</span> <span class='ocrx_word' id='word_1_195' title='bbox 1174 1820 1201 1844; x_wconf 76' lang='grc'><strong>“</strong></span> <span class='ocrx_word' id='word_1_196' title='bbox 1226 1813 1516 1882; x_wconf 73' lang='grc' dir='ltr'>ἐξεκομίζετο</span> <span class='ocrx_word' id='word_1_197' title='bbox 1559 1809 1817 1877; x_wconf 87' lang='grc' dir='ltr'>μονογενὴς</span> <span class='ocrx_word' id='word_1_198' title='bbox 1860 1808 1955 1864; x_wconf 81' lang='grc' dir='ltr'>υἱὸς</span> <span class='ocrx_word' id='word_1_199' title='bbox 1978 1832 2026 1858; x_wconf 93' lang='lat'>20</span> 
     </span>
    </p>

    <p class='ocr_par' dir='ltr' id='par_1_5' title="bbox 142 1893 1953 1964">
     <span class='ocr_line' id='line_1_22' title="bbox 142 1893 1953 1964; baseline -0.004 -15"><span class='ocrx_word' id='word_1_200' title='bbox 142 1910 261 1949; x_wconf 84' lang='lat' dir='ltr'><strong>lb·14-</strong></span> <span class='ocrx_word' id='word_1_201' title='bbox 365 1895 651 1961; x_wconf 80' lang='grc' dir='ltr'>“τεθνηκὼς</span> <span class='ocrx_word' id='word_1_202' title='bbox 694 1900 752 1964; x_wconf 85' lang='grc' dir='ltr'>τῇ</span> <span class='ocrx_word' id='word_1_203' title='bbox 799 1918 940 1961; x_wconf 88' lang='grc' dir='ltr'>μητρι</span> <span class='ocrx_word' id='word_1_204' title='bbox 986 1896 1171 1956; x_wconf 81' lang='grc' dir='ltr'>αὐτοῦ,”</span> <span class='ocrx_word' id='word_1_205' title='bbox 1218 1893 1366 1947; x_wconf 80' lang='grc' dir='ltr'>πάλιν</span> <span class='ocrx_word' id='word_1_206' title='bbox 1408 1902 1435 1925; x_wconf 78' lang='grc'><strong>“</strong></span> <span class='ocrx_word' id='word_1_207' title='bbox 1458 1895 1620 1963; x_wconf 74' lang='grc' dir='ltr'>ἥψατο</span> <span class='ocrx_word' id='word_1_208' title='bbox 1661 1896 1744 1957; x_wconf 86' lang='grc' dir='ltr'>τῆς</span> <span class='ocrx_word' id='word_1_209' title='bbox 1787 1897 1953 1959; x_wconf 86' lang='grc' dir='ltr'>σοροῦ,</span> 
     </span>
    </p>
   </div>
   <div class='ocr_carea' id='block_1_4' title="bbox 364 1973 2029 2536">
    <p class='ocr_par' dir='ltr' id='par_1_6' title="bbox 364 1973 2029 2536">
     <span class='ocr_line' id='line_1_23' title="bbox 364 1973 1958 2045; baseline -0.003 -16"><span class='ocrx_word' id='word_1_210' title='bbox 364 1985 392 2008; x_wconf 88' lang='lat'><strong>“</strong></span> <span class='ocrx_word' id='word_1_211' title='bbox 417 1978 574 2045; x_wconf 79' lang='grc' dir='ltr'>λε’γων</span> <span class='ocrx_word' id='word_1_212' title='bbox 618 1979 871 2040; x_wconf 85' lang='grc' dir='ltr'>Νεανίσκε,</span> <span class='ocrx_word' id='word_1_213' title='bbox 922 2000 1001 2028; x_wconf 92' lang='grc' dir='ltr'>σοι</span> <span class='ocrx_word' id='word_1_214' title='bbox 1054 1977 1197 2042; x_wconf 88' lang='grc' dir='ltr'>λεγω,</span> <span class='ocrx_word' id='word_1_215' title='bbox 1247 1978 1500 2043; x_wconf 80' lang='grc' dir='ltr'>ἐγέρθητι.”</span> <span class='ocrx_word' id='word_1_216' title='bbox 1580 1977 1655 2027; x_wconf 80' lang='grc' dir='ltr'>καὶ</span> <span class='ocrx_word' id='word_1_217' title='bbox 1707 1976 1762 2026; x_wconf 83' lang='grc' dir='ltr'>οὐ</span> <span class='ocrx_word' id='word_1_218' title='bbox 1811 1973 1958 2038; x_wconf 89' lang='grc' dir='ltr'>μόνον</span> 
     </span>
     <span class='ocr_line' id='line_1_24' title="bbox 365 2056 1954 2128; baseline -0.003 -17"><span class='ocrx_word' id='word_1_219' title='bbox 365 2061 560 2112; x_wconf 89' lang='grc' dir='ltr'>δίδωσιν</span> <span class='ocrx_word' id='word_1_220' title='bbox 585 2061 787 2126; x_wconf 84' lang='grc' dir='ltr'>ἐνεργεῖν</span> <span class='ocrx_word' id='word_1_221' title='bbox 818 2063 885 2128; x_wconf 71' lang='grc' dir='ltr'>τῷ</span> <span class='ocrx_word' id='word_1_222' title='bbox 923 2058 1056 2128; x_wconf 77' lang='grc' dir='ltr'>λόγῳ</span> <span class='ocrx_word' id='word_1_223' title='bbox 1090 2058 1177 2123; x_wconf 92' lang='grc' dir='ltr'>τὴν</span> <span class='ocrx_word' id='word_1_224' title='bbox 1207 2063 1302 2109; x_wconf 82' lang='grc' dir='ltr'>τῶν</span> <span class='ocrx_word' id='word_1_225' title='bbox 1329 2063 1503 2124; x_wconf 81' lang='grc' dir='ltr'>νεκρῶν</span> <span class='ocrx_word' id='word_1_226' title='bbox 1530 2057 1814 2120; x_wconf 79' lang='grc' dir='ltr'>ἀναβίωσιν,</span> <span class='ocrx_word' id='word_1_227' title='bbox 1843 2056 1954 2107; x_wconf 83' lang='grc' dir='ltr'>ἀλλ’</span> 
     </span>
     <span class='ocr_line' id='line_1_25' title="bbox 365 2139 1955 2211; baseline -0.003 -18"><span class='ocrx_word' id='word_1_228' title='bbox 365 2142 441 2194; x_wconf 84' lang='grc' dir='ltr'>ἵνα</span> <span class='ocrx_word' id='word_1_229' title='bbox 475 2142 606 2211; x_wconf 81' lang='grc' dir='ltr'>δείξῃ</span> <span class='ocrx_word' id='word_1_230' title='bbox 640 2139 865 2207; x_wconf 73' lang='grc' dir='ltr'>ζωοποιὸν</span> <span class='ocrx_word' id='word_1_231' title='bbox 894 2141 949 2191; x_wconf 83' lang='grc' dir='ltr'>τὸ</span> <span class='ocrx_word' id='word_1_232' title='bbox 986 2141 1103 2192; x_wconf 82' lang='grc' dir='ltr'>’ίδιον</span> <span class='ocrx_word' id='word_1_233' title='bbox 1135 2145 1292 2203; x_wconf 81' lang='grc' dir='ltr'>σῶμα,</span> <span class='ocrx_word' id='word_1_234' title='bbox 1320 2139 1531 2207; x_wconf 81' lang='grc' dir='ltr'>καθάπερ</span> <span class='ocrx_word' id='word_1_235' title='bbox 1561 2141 1642 2191; x_wconf 82' lang='grc' dir='ltr'>οῦν</span> <span class='ocrx_word' id='word_1_236' title='bbox 1673 2139 1763 2204; x_wconf 74' lang='grc' dir='ltr'>ἤδη</span> <span class='ocrx_word' id='word_1_237' title='bbox 1795 2139 1955 2205; x_wconf 91' lang='grc' dir='ltr'>προεί-</span> 
     </span>
     <span class='ocr_line' id='line_1_26' title="bbox 366 2218 2029 2288; baseline -0.002 -14"><span class='ocrx_word' id='word_1_238' title='bbox 366 2247 529 2288; x_wconf 90' lang='grc' dir='ltr'>πομεν,</span> <span class='ocrx_word' id='word_1_239' title='bbox 575 2227 671 2274; x_wconf 82' lang='grc' dir='ltr'>τῶν</span> <span class='ocrx_word' id='word_1_240' title='bbox 718 2222 985 2274; x_wconf 82' lang='grc' dir='ltr'>τεθνεώτων</span> <span class='ocrx_word' id='word_1_241' title='bbox 1035 2221 1246 2286; x_wconf 80' lang='grc' dir='ltr'>ἅπτεται,</span> <span class='ocrx_word' id='word_1_242' title='bbox 1292 2225 1369 2274; x_wconf 84' lang='grc' dir='ltr'>καὶ</span> <span class='ocrx_word' id='word_1_243' title='bbox 1414 2224 1469 2274; x_wconf 86' lang='grc' dir='ltr'>δι’</span> <span class='ocrx_word' id='word_1_244' title='bbox 1514 2223 1657 2274; x_wconf 81' lang='grc' dir='ltr'>αὑτοῦ</span> <span class='ocrx_word' id='word_1_245' title='bbox 1707 2220 1793 2286; x_wconf 88' lang='grc' dir='ltr'>τὴν</span> <span class='ocrx_word' id='word_1_246' title='bbox 1837 2218 1958 2286; x_wconf 74' lang='grc' dir='ltr'>ζωὴν</span> <span class='ocrx_word' id='word_1_247' title='bbox 1979 2243 2029 2281; x_wconf 88' lang='lat'>25</span> 
     </span>
     <span class='ocr_line' id='line_1_27' title="bbox 366 2302 1959 2372; baseline -0.002 -14"><span class='ocrx_word' id='word_1_248' title='bbox 366 2308 556 2360; x_wconf 73' lang='grc' dir='ltr'>ἐντιθεὶς</span> <span class='ocrx_word' id='word_1_249' title='bbox 594 2310 690 2359; x_wconf 89' lang='grc' dir='ltr'>τοῖς</span> <span class='ocrx_word' id='word_1_250' title='bbox 728 2304 817 2369; x_wconf 73' lang='grc' dir='ltr'>ἤδη</span> <span class='ocrx_word' id='word_1_251' title='bbox 857 2305 1268 2372; x_wconf 81' lang='grc' dir='ltr'>κατεφθαρμένοις.</span> <span class='ocrx_word' id='word_1_252' title='bbox 1334 2307 1410 2356; x_wconf 77' lang='grc' dir='ltr'>καὶ</span> <span class='ocrx_word' id='word_1_253' title='bbox 1455 2309 1491 2356; x_wconf 81' lang='grc' dir='ltr'>εὶ</span> <span class='ocrx_word' id='word_1_254' title='bbox 1532 2303 1607 2357; x_wconf 79' lang='grc' dir='ltr'>διὰ</span> <span class='ocrx_word' id='word_1_255' title='bbox 1646 2302 1791 2368; x_wconf 83' lang='grc' dir='ltr'>μόνης</span> <span class='ocrx_word' id='word_1_256' title='bbox 1832 2304 1959 2371; x_wconf 84' lang='grc' dir='ltr'>ἁφῆς</span> 
     </span>
     <span class='ocr_line' id='line_1_28' title="bbox 367 2379 1959 2455; baseline -0.004 -14"><span class='ocrx_word' id='word_1_257' title='bbox 367 2393 450 2453; x_wconf 82' lang='grc' dir='ltr'>τῆς</span> <span class='ocrx_word' id='word_1_258' title='bbox 491 2389 627 2454; x_wconf 89' lang='grc' dir='ltr'>ἀγίας</span> <span class='ocrx_word' id='word_1_259' title='bbox 670 2386 850 2454; x_wconf 80' lang='grc' dir='ltr'>σαρκὸς</span> <span class='ocrx_word' id='word_1_260' title='bbox 895 2385 1183 2452; x_wconf 74' lang='grc' dir='ltr'>ζωοποιεῖται</span> <span class='ocrx_word' id='word_1_261' title='bbox 1222 2386 1277 2438; x_wconf 81' lang='grc' dir='ltr'>τὸ</span> <span class='ocrx_word' id='word_1_262' title='bbox 1317 2387 1671 2455; x_wconf 81' lang='grc' dir='ltr'>διεφθαρμένον,</span> <span class='ocrx_word' id='word_1_263' title='bbox 1710 2389 1812 2440; x_wconf 77' lang='grc' dir='ltr'>πῶς</span> <span class='ocrx_word' id='word_1_264' title='bbox 1856 2379 1959 2453; x_wconf 76' lang='grc' dir='ltr'>οὐχὶ</span> 
     </span>
     <span class='ocr_line' id='line_1_29' title="bbox 368 2466 1960 2536; baseline -0.003 -14"><span class='ocrx_word' id='word_1_265' title='bbox 368 2469 731 2536; x_wconf 81' lang='grc' dir='ltr'>πλουσιωτέραν</span> <span class='ocrx_word' id='word_1_266' title='bbox 762 2471 1171 2535; x_wconf 89' lang='grc' dir='ltr'>ἀποκερδανοῦμεν</span> <span class='ocrx_word' id='word_1_267' title='bbox 1203 2466 1289 2532; x_wconf 86' lang='grc' dir='ltr'>τὴν</span> <span class='ocrx_word' id='word_1_268' title='bbox 1321 2468 1548 2536; x_wconf 75' lang='grc' dir='ltr'>ζωοποιὸν</span> <span class='ocrx_word' id='word_1_269' title='bbox 1581 2468 1817 2534; x_wconf 80' lang='grc' dir='ltr'>εὐλογίαν,</span> <span class='ocrx_word' id='word_1_270' title='bbox 1846 2466 1960 2518; x_wconf 80' lang='grc' dir='ltr'>ὅταν</span> 
     </span>
    </p>
   </div>
   <div class='ocr_carea' id='block_1_5' title="bbox 371 2619 1961 2992">
    <p class='ocr_par' dir='ltr' id='par_1_7' title="bbox 371 2619 1960 2992">
     <span class='ocr_line' id='line_1_30' title="bbox 421 2619 1959 2665; baseline -0.001 -10"><span class='ocrx_word' id='word_1_271' title='bbox 421 2633 450 2655; x_wconf 90' lang='grc' dir='ltr'><strong>Ι.</strong></span> <span class='ocrx_word' id='word_1_272' title='bbox 476 2621 537 2665; x_wconf 70' lang='grc' dir='ltr'>μὲν</span> <span class='ocrx_word' id='word_1_273' title='bbox 554 2621 612 2655; x_wconf 72' lang='grc' dir='ltr'>οὖν</span> <span class='ocrx_word' id='word_1_274' title='bbox 629 2620 709 2655; x_wconf 78' lang='grc' dir='ltr'>ὅντα</span> <span class='ocrx_word' id='word_1_275' title='bbox 728 2620 770 2654; x_wconf 87' lang='grc' dir='ltr'>Β.</span> <span class='ocrx_word' id='word_1_276' title='bbox 788 2619 885 2665; x_wconf 78' lang='grc' dir='ltr'>μέν”</span> <span class='ocrx_word' id='word_1_277' title='bbox 867 2635 949 2655; x_wconf 87' lang='grc' dir='ltr'>οντα</span> <span class='ocrx_word' id='word_1_278' title='bbox 967 2631 998 2654; x_wconf 86' lang='lat' dir='ltr'><strong>a.</strong></span> <span class='ocrx_word' id='word_1_279' title='bbox 1016 2619 1158 2663; x_wconf 86' lang='grc' dir='ltr'>μένοντα</span> <span class='ocrx_word' id='word_1_280' title='bbox 1178 2619 1245 2653; x_wconf 90' lang='lat' dir='ltr'><strong>Ed.</strong></span> <span class='ocrx_word' id='word_1_281' title='bbox 1265 2619 1338 2653; x_wconf 81' lang='grc' dir='ltr'>δέ”</span> <span class='ocrx_word' id='word_1_282' title='bbox 1319 2635 1399 2654; x_wconf 82' lang='grc' dir='ltr'>οντα</span> <span class='ocrx_word' id='word_1_283' title='bbox 1418 2619 1526 2654; x_wconf 86' lang='lat' dir='ltr'><strong>Cord.</strong></span> <span class='ocrx_word' id='word_1_284' title='bbox 1707 2630 1740 2664; x_wconf 86' lang='lat'>3.</span> <span class='ocrx_word' id='word_1_285' title='bbox 1767 2621 1806 2663; x_wconf 85' lang='grc' dir='ltr'>τῇ</span> <span class='ocrx_word' id='word_1_286' title='bbox 1825 2619 1886 2654; x_wconf 75' lang='lat' dir='ltr'><strong>alt.</strong></span> <span class='ocrx_word' id='word_1_287' title='bbox 1904 2630 1959 2653; x_wconf 87' lang='lat' dir='ltr'>as·-</span> 
     </span>
     <span class='ocr_line' id='line_1_31' title="bbox 371 2665 1960 2713; baseline -0.002 -11"><span class='ocrx_word' id='word_1_288' title='bbox 371 2675 553 2713; x_wconf 83' lang='lat' dir='ltr'><strong>Sumptum</strong></span> <span class='ocrx_word' id='word_1_289' title='bbox 572 2680 614 2702; x_wconf 86' lang='lat' dir='ltr'>ex</span> <span class='ocrx_word' id='word_1_290' title='bbox 634 2668 726 2701; x_wconf 79' lang='lat' dir='ltr'><strong>Catt.</strong></span> <span class='ocrx_word' id='word_1_291' title='bbox 921 2680 955 2709; x_wconf 87' lang='lat'>4.</span> <span class='ocrx_word' id='word_1_292' title='bbox 979 2669 1039 2700; x_wconf 82' lang='grc' dir='ltr'>τοῦ</span> <span class='ocrx_word' id='word_1_293' title='bbox 1057 2668 1211 2710; x_wconf 80' lang='grc' dir='ltr'>Σωτῆρος</span> <span class='ocrx_word' id='word_1_294' title='bbox 1228 2665 1300 2710; x_wconf 83' lang='grc' dir='ltr'>ἦ]</span> <span class='ocrx_word' id='word_1_295' title='bbox 1285 2682 1303 2710; x_wconf 88' lang='grc' dir='ltr'>η</span> <span class='ocrx_word' id='word_1_296' title='bbox 1322 2669 1381 2700; x_wconf 87' lang='grc' dir='ltr'>τοῦ</span> <span class='ocrx_word' id='word_1_297' title='bbox 1401 2666 1526 2712; x_wconf 84' lang='grc' dir='ltr'>Κυρίου</span> <span class='ocrx_word' id='word_1_298' title='bbox 1546 2666 1587 2700; x_wconf 88' lang='grc' dir='ltr'>Β.</span> <span class='ocrx_word' id='word_1_299' title='bbox 1606 2666 1725 2700; x_wconf 81' lang='lat' dir='ltr'>anltiS</span> <span class='ocrx_word' id='word_1_300' title='bbox 1745 2665 1838 2700; x_wconf 88' lang='lat' dir='ltr'><strong>Catt.</strong></span> <span class='ocrx_word' id='word_1_301' title='bbox 1919 2668 1960 2710; x_wconf 87' lang='grc' dir='ltr'>τῇ</span> 
     </span>
     <span class='ocr_line' id='line_1_32' title="bbox 372 2712 1961 2759; baseline -0.001 -11"><span class='ocrx_word' id='word_1_302' title='bbox 372 2727 442 2749; x_wconf 88' lang='lat' dir='ltr'><strong>orn.</strong></span> <span class='ocrx_word' id='word_1_303' title='bbox 464 2715 504 2748; x_wconf 91' lang='lat' dir='ltr'><strong>B.</strong></span> <span class='ocrx_word' id='word_1_304' title='bbox 524 2715 628 2748; x_wconf 79' lang='lat' dir='ltr'>verba</span> <span class='ocrx_word' id='word_1_305' title='bbox 646 2713 818 2759; x_wconf 83' lang='lat' dir='ltr'>quaedam</span> <span class='ocrx_word' id='word_1_306' title='bbox 837 2713 966 2748; x_wconf 84' lang='lat' dir='ltr'>desunt</span> <span class='ocrx_word' id='word_1_307' title='bbox 982 2725 1046 2758; x_wconf 87' lang='lat' dir='ltr'>pro</span> <span class='ocrx_word' id='word_1_308' title='bbox 1064 2724 1159 2746; x_wconf 86' lang='lat' dir='ltr'>more</span> <span class='ocrx_word' id='word_1_309' title='bbox 1177 2713 1212 2746; x_wconf 91' lang='lat' dir='ltr'>in</span> <span class='ocrx_word' id='word_1_310' title='bbox 1232 2713 1325 2747; x_wconf 83' lang='lat' dir='ltr'><strong>Catt.</strong></span> <span class='ocrx_word' id='word_1_311' title='bbox 1515 2713 1549 2747; x_wconf 89' lang='lat'>6.</span> <span class='ocrx_word' id='word_1_312' title='bbox 1574 2713 1844 2758; x_wconf 83' lang='grc' dir='ltr'>ἀπογευσώμεθα</span> <span class='ocrx_word' id='word_1_313' title='bbox 1863 2712 1910 2747; x_wconf 93' lang='lat' dir='ltr'>D.</span> <span class='ocrx_word' id='word_1_314' title='bbox 1930 2725 1961 2747; x_wconf 89' lang='lat' dir='ltr'>a.</span> 
     </span>
     <span class='ocr_line' id='line_1_33' title="bbox 371 2728 1960 2818; baseline -0.001 -23"><span class='ocrx_word' id='word_1_315' title='bbox 371 2761 613 2806; x_wconf 81' lang='grc' dir='ltr'>ἀπογευώμεθα</span> <span class='ocrx_word' id='word_1_316' title='bbox 633 2728 740 2795; x_wconf 74' lang='lat' dir='ltr'><strong>Clord.</strong></span> <span class='ocrx_word' id='word_1_317' title='bbox 759 2760 1022 2806; x_wconf 80' lang='grc' dir='ltr'>ἀπογευσάμεθα</span> <span class='ocrx_word' id='word_1_318' title='bbox 1040 2759 1107 2794; x_wconf 86' lang='lat' dir='ltr'>Ed.</span> <span class='ocrx_word' id='word_1_319' title='bbox 1318 2771 1370 2794; x_wconf 86' lang='lat'><strong>10.</strong></span> <span class='ocrx_word' id='word_1_320' title='bbox 1399 2760 1544 2804; x_wconf 82' lang='grc' dir='ltr'>ἐνεργῶν</span> <span class='ocrx_word' id='word_1_321' title='bbox 1564 2759 1605 2794; x_wconf 88' lang='grc' dir='ltr'><strong>Β.</strong></span> <span class='ocrx_word' id='word_1_322' title='bbox 1626 2759 1719 2794; x_wconf 79' lang='lat' dir='ltr'><strong>Catt.</strong></span> <span class='ocrx_word' id='word_1_323' title='bbox 1738 2760 1875 2818; x_wconf 76' lang='grc' dir='ltr'>ἐνεργὸς</span> <span class='ocrx_word' id='word_1_324' title='bbox 1893 2759 1960 2794; x_wconf 86' lang='lat' dir='ltr'>Ed.</span> 
     </span>
     <span class='ocr_line' id='line_1_34' title="bbox 373 2805 1959 2853; baseline 0 -12"><span class='ocrx_word' id='word_1_325' title='bbox 373 2810 575 2853; x_wconf 80' lang='grc' dir='ltr'>συνεργάτιν</span> <span class='ocrx_word' id='word_1_326' title='bbox 592 2819 842 2852; x_wconf 80' lang='lat' dir='ltr'><strong>a.13.</strong></span> <span class='ocrx_word' id='word_1_327' title='bbox 869 2806 991 2852; x_wconf 76' lang='grc' dir='ltr'>ὅντως]</span> <span class='ocrx_word' id='word_1_328' title='bbox 1010 2805 1206 2842; x_wconf 78' lang='grc' dir='ltr'>ἀκολούθως</span> <span class='ocrx_word' id='word_1_329' title='bbox 1223 2818 1253 2840; x_wconf 82' lang='lat' dir='ltr'>a.</span> <span class='ocrx_word' id='word_1_330' title='bbox 1271 2806 1407 2849; x_wconf 82' lang='grc' dir='ltr'>ἀληθῶς</span> <span class='ocrx_word' id='word_1_331' title='bbox 1426 2806 1533 2841; x_wconf 88' lang='lat' dir='ltr'><strong>Cord.</strong></span> <span class='ocrx_word' id='word_1_332' title='bbox 1696 2819 1749 2849; x_wconf 89' lang='lat'>14.</span> <span class='ocrx_word' id='word_1_333' title='bbox 1775 2805 1893 2851; x_wconf 81' lang='grc' dir='ltr'>ἑτέρου</span> <span class='ocrx_word' id='word_1_334' title='bbox 1912 2807 1959 2841; x_wconf 88' lang='lat' dir='ltr'><strong>D.</strong></span> 
     </span>
     <span class='ocr_line' id='line_1_35' title="bbox 374 2852 1959 2899; baseline -0.001 -11"><span class='ocrx_word' id='word_1_335' title='bbox 374 2854 466 2889; x_wconf 86' lang='lat' dir='ltr'><strong>Catt.</strong></span> <span class='ocrx_word' id='word_1_336' title='bbox 485 2855 559 2899; x_wconf 84' lang='grc' dir='ltr'>ἑτέρ</span> <span class='ocrx_word' id='word_1_337' title='bbox 563 2869 600 2888; x_wconf 90' lang='grc' dir='ltr'>ον</span> <span class='ocrx_word' id='word_1_338' title='bbox 617 2854 712 2888; x_wconf 86' lang='lat' dir='ltr'><strong>Aub.</strong></span> <span class='ocrx_word' id='word_1_339' title='bbox 731 2853 848 2897; x_wconf 83' lang='grc' dir='ltr'>ἕτερον</span> <span class='ocrx_word' id='word_1_340' title='bbox 866 2854 1001 2899; x_wconf 85' lang='lat' dir='ltr'><strong>Migne.</strong></span> <span class='ocrx_word' id='word_1_341' title='bbox 1090 2853 1129 2887; x_wconf 87' lang='grc' dir='ltr'>τὸ</span> <span class='ocrx_word' id='word_1_342' title='bbox 1147 2853 1206 2887; x_wconf 83' lang='lat' dir='ltr'><strong>alt.</strong></span> <span class='ocrx_word' id='word_1_343' title='bbox 1224 2864 1294 2887; x_wconf 86' lang='lat' dir='ltr'><strong>om.</strong></span> <span class='ocrx_word' id='word_1_344' title='bbox 1316 2853 1357 2887; x_wconf 88' lang='lat' dir='ltr'>B.</span> <span class='ocrx_word' id='word_1_345' title='bbox 1507 2865 1559 2899; x_wconf 85' lang='lat'><strong>19.</strong></span> <span class='ocrx_word' id='word_1_346' title='bbox 1587 2853 1772 2888; x_wconf 84' lang='grc' dir='ltr'>επιδεικνὺς</span> <span class='ocrx_word' id='word_1_347' title='bbox 1791 2853 1832 2887; x_wconf 84' lang='grc' dir='ltr'><strong>Β.</strong></span> <span class='ocrx_word' id='word_1_348' title='bbox 1851 2852 1959 2887; x_wconf 80' lang='lat' dir='ltr'><strong>Cord.</strong></span> 
     </span>
     <span class='ocr_line' id='line_1_36' title="bbox 374 2898 1960 2947; baseline -0.001 -13"><span class='ocrx_word' id='word_1_349' title='bbox 374 2912 429 2934; x_wconf 90' lang='lat'>22.</span> <span class='ocrx_word' id='word_1_350' title='bbox 455 2903 557 2943; x_wconf 82' lang='grc' dir='ltr'>μόνον</span> <span class='ocrx_word' id='word_1_351' title='bbox 576 2901 618 2936; x_wconf 86' lang='lat' dir='ltr'>B.</span> <span class='ocrx_word' id='word_1_352' title='bbox 636 2903 726 2947; x_wconf 82' lang='grc' dir='ltr'>μόνῳ</span> <span class='ocrx_word' id='word_1_353' title='bbox 746 2901 812 2934; x_wconf 92' lang='lat' dir='ltr'>Ed.</span> <span class='ocrx_word' id='word_1_354' title='bbox 944 2912 1000 2943; x_wconf 88' lang='lat'><strong>24.</strong></span> <span class='ocrx_word' id='word_1_355' title='bbox 1027 2900 1192 2943; x_wconf 85' lang='grc' dir='ltr'>ζωοποιὸν</span> <span class='ocrx_word' id='word_1_356' title='bbox 1209 2907 1290 2944; x_wconf 85' lang='lat' dir='ltr'><strong>post</strong></span> <span class='ocrx_word' id='word_1_357' title='bbox 1309 2904 1408 2944; x_wconf 84' lang='grc' dir='ltr'>σῶμα</span> <span class='ocrx_word' id='word_1_358' title='bbox 1426 2900 1624 2946; x_wconf 75' lang='lat' dir='ltr'>transponit</span> <span class='ocrx_word' id='word_1_359' title='bbox 1644 2900 1685 2935; x_wconf 90' lang='lat' dir='ltr'>B.</span> <span class='ocrx_word' id='word_1_360' title='bbox 1751 2898 1809 2934; x_wconf 74' lang='grc' dir='ltr'>οὖν</span> <span class='ocrx_word' id='word_1_361' title='bbox 1826 2911 1896 2934; x_wconf 91' lang='lat' dir='ltr'>om.</span> <span class='ocrx_word' id='word_1_362' title='bbox 1918 2899 1960 2934; x_wconf 89' lang='lat' dir='ltr'>B.</span> 
     </span>
     <span class='ocr_line' id='line_1_37' title="bbox 374 2946 1369 2992; baseline 0.001 -12"><span class='ocrx_word' id='word_1_363' title='bbox 374 2957 429 2991; x_wconf 84' lang='lat'>27.</span> <span class='ocrx_word' id='word_1_364' title='bbox 457 2949 612 2989; x_wconf 79' lang='grc' dir='ltr'>ζωοποιεῖ</span> <span class='ocrx_word' id='word_1_365' title='bbox 633 2948 673 2981; x_wconf 85' lang='grc' dir='ltr'><strong>Β.</strong></span> <span class='ocrx_word' id='word_1_366' title='bbox 739 2947 989 2992; x_wconf 80' lang='grc' dir='ltr'>διεφθαρμένον</span> <span class='ocrx_word' id='word_1_367' title='bbox 1009 2946 1051 2981; x_wconf 88' lang='grc' dir='ltr'><strong>Β.</strong></span> <span class='ocrx_word' id='word_1_368' title='bbox 1069 2946 1284 2991; x_wconf 82' lang='grc' dir='ltr'>ἐφθαρμένον</span> <span class='ocrx_word' id='word_1_369' title='bbox 1302 2947 1369 2981; x_wconf 83' lang='lat' dir='ltr'>Ed.</span> 
     </span>
    </p>
   </div>
  </div>
 </body>
</html>
