2084 3317
351 163 434 204 362
756 166 804 206 Β.
838 165 1116 206 CYRILLI
1155 165 1537 206 ALEXANDR.
1811 181 1850 206 v.
1870 179 1936 221 34.

314 288 338 316 0
357 274 485 335 ὑμῶν
510 274 905 344 παραγράψομαι·
948 274 1041 342 ἔχω
1069 273 1151 325 τὸν
1176 274 1354 325 ἄνωθεν
1379 279 1706 341 μαρτυροῦντα
1731 274 1937 341 Πατέρα.

354 353 593 407 διδάσκων
642 354 692 406 δὲ
740 355 903 417 πάλιν,
948 356 1019 407 ὅτι
1067 356 1341 407 συναίνεσιν
1393 355 1670 420 ὑποθετικὴν
1717 357 1742 406 ὁ
1793 354 1939 421 λόγος

352 437 517 496 ὠδίνει,
545 439 791 505 χρησίμως
830 437 1051 504 ἐπήνεγκε
1076 440 1231 489 Ταῦτα
1266 437 1314 489 δὲ
1349 437 1471 504 λέγω
1502 438 1574 489 ἵνα,
1608 441 1730 506 ὑμεῖς
1766 437 1937 501 σωθῆτε,

351 520 452 569 ἀντὶ
480 524 562 570 τοῦ
589 519 713 573 Τοὺς
738 518 975 572 τοιούτους
1000 519 1119 585 πρὸς
1151 521 1270 582 ὑμᾶς
1306 518 1601 584 ἐποιησάμην
1627 519 1820 586 λόγους,
1851 521 1938 587 οὐχ

349 600 495 653 οὕτως
522 601 723 667 ἐχούσης
754 602 838 664 τῆς
864 601 1102 664 ἀληθείας,
1128 601 1239 650 ἀλλ’
1269 602 1564 663 ὑποθετικῶς,
1591 601 1667 652 ἵνα
1703 603 1826 664 ὑμεῖς
1861 600 1936 652 διὰ
1956 613 1978 650 5

345 681 523 735 παντὸς
549 682 769 748 σώζησθε
795 680 986 748 τρόπου.

423 765 517 814 Καὶ
543 765 678 830 μέχρι
707 762 763 828 δὴ
790 764 957 816 τούτου
983 763 1037 815 τὸ
1065 764 1281 830 δεύτερον
1309 764 1419 828 ἡμῖν
1443 765 1640 826 βιβλίον
1666 763 1912 829 στήσεται.

444 943 664 972 ΚΥΡΙΛΛΟΥ
690 943 970 972 ΠΑΤΡΙΑΡΧΟΥ
997 943 1338 973 ΑΛΕΞΑΝΔΡΕΙΑΣ
1365 943 1450 972 ΤΟΥ
1476 943 1592 972 ΚΑΤΑ
1619 942 1830 971 ΙΩΑΝΝῙ-ΙΝ

871 1019 1124 1048 ΕΠΛΗΡΩΘΗ
1153 1018 1335 1048 ΒΙΒΛΙΟΝ
1362 1013 1410 1047 Β’.

391 1170 424 1200 4.
451 1154 678 1201 ἐποιησάμην]
697 1154 878 1200 ποιήσεμοι
898 1155 982 1201 (Sic)
1005 1155 1044 1190 B.
1204 1156 1237 1190 6.
1264 1156 1436 1199 σώζεσθαι
1458 1155 1498 1190 Β.
1551 1155 1675 1189 Statim
1695 1157 1820 1199 τρόπον
1837 1156 1931 1191 Aub.

343 1204 478 1238 correxi
495 1215 536 1236 ex
558 1203 599 1237 Β.
786 1211 818 1247 7.
845 1203 883 1236 τὸ
901 1214 970 1236 om.
986 1202 1029 1236 Ba
1219 1204 1252 1243 8,
1272 1215 1304 1248 9.
1332 1203 1389 1236 Sic
1412 1203 1450 1236 B.
1471 1203 1645 1247 Κυρίλλου
1662 1203 1933 1247 ἀρχιεπισκόπου

342 1249 592 1294 ἀλεξανδρείας,
606 1250 666 1283 τοῦ
684 1249 890 1294 σοφωτάτου
908 1251 961 1283 καὶ
978 1248 1167 1294 ἁγιωτάτου
1186 1249 1239 1284 καῖ
1257 1250 1550 1294 θεωρητικωτιὶτου
1568 1249 1614 1284 εἷς
1631 1250 1669 1283 τὸ
1688 1249 1934 1293 κατὰἸωάννην

343 1296 541 1342 εὐαγγέλιον
557 1295 595 1337 β’
613 1296 753 1337 βιβλίον
774 1295 818 1330 D.
