2084 3317
350 139 434 178 5:24
752 140 801 181 Β.
837 141 1109 182 CYRILLI
1153 143 1528 183 ALEXANDR.
1709 141 1763 181 vi.
1784 152 1851 194 52,
1870 150 1936 193 53·

351 247 510 316 ἀρετῇ.
580 249 872 300 ἐπιτίθεσθαι
918 251 1066 315 γεμὴν
1105 251 1187 302 δύο
1230 252 1410 315 θέματα
1452 252 1624 302 κελεύει
1669 249 1934 320 χρησίμως,

351 332 601 396 μονονουχὶ
646 332 722 380 καὶ
766 330 852 395 τὴν
897 331 1075 382 στάσιν
1122 333 1268 396 αὐτὴν
1313 331 1595 396 ὑποδεικνὺς,
1637 332 1693 397 ἢν
1735 333 1837 385 ἔθος
1881 329 1938 394 ἦν

354 409 474 460 κατὰ
508 411 562 461 τὸ
598 411 717 465 εἰκὸς
752 417 1004 476 ποιεῖσθαι,
1041 415 1191 477 μέσον
1223 417 1291 465 ἀεὶ
1322 413 1404 465 τὸν
1435 415 1610 481 Κύριον
1641 414 1934 482 δεχομένους,

307 497 334 537 b
354 494 428 542 καὶ
462 491 626 558 ὥσπερ
664 493 768 544 τινὰ
807 495 1080 560 καθηγητὴν
1115 497 1184 546 ἀεὶ
1219 502 1423 547 κυκλοῦν
1454 497 1742 560 εἰθισμένους
1780 495 1935 546 αὐτόν.

132 577 289 660 {50⁰¹”ii-
352 574 428 625 ἵνα
469 574 516 625 δὲ
563 574 800 638 μάθωμεν,
846 576 916 626 ὅτι
963 576 1175 644 καθάπερ
1222 579 1247 628 ὀ
1297 577 1492 632 Παῦλος
1539 584 1679 647 φησι,
1722 582 1981 643 Χριστοῦ5

177 644 182 650 ’
352 655 610 721 γεγόνασιν
660 658 826 708 εὐωδία
877 661 943 727 τῷ
996 662 1104 728 Θεῷ
1156 662 1232 710 καὶ
1286 662 1455 727 Πατρῖ,
1506 661 1796 711 ἐπιτίθεσθαι
1845 663 1940 711 τοῖς

353 737 510 802 ἄρτοις
537 738 712 789 κελεύει
738 737 821 789 τὸν
846 739 1129 804 λιβανωτὸν,
1158 741 1543 793 καταπάττεσθαι
1579 741 1627 793 δὲ
1663 744 1738 792 καὶ
1773 741 1933 792 ἁλσίν.

128 827 290 901 ῗλζῐᾶῒῡῑὶ·
353 819 526 884 ε’ίρηται
556 818 648 885 γάρ
693 843 786 871 που
823 820 942 888 πρὸς
980 823 1148 878 αὐτούς
1187 832 1214 853 “
1240 825 1400 888 ’Υμεῖς
1445 826 1554 876 ἐστε
1597 823 1651 875 τὸ
1693 823 1815 877 ἅλας
1858 825 1941 886 τῆς

152 896 157 902 ’
197 880 226 909 3·
354 908 380 930 “
407 902 537 966 γῆς·”
580 901 712 952 ἀλλὰ
746 904 822 953 καὶ
857 908 915 972 τῇ
950 909 1046 955 τῶν
1069 904 1337 967 σαββάτων
1364 907 1512 975 ἡμερᾳ
1536 906 1941 973 προσκομίζεσθαι

354 982 530 1033 κελεύει
557 985 822 1050 χρησίμως·
854 988 1199 1054 ἀνεδείχθησαν
1226 987 1320 1054 γὰρ
1347 991 1395 1039 ἐν
1421 988 1642 1055 ἐσχάτοις
1668 993 1751 1039 τοῦ
1776 991 1940 1040 αἰῶνος
1963 1006 2012 1032 10

313 1070 543 1131 οκαιροῖς,
570 1065 751 1133 ἐσχάτη
788 1068 837 1118 δὲ
870 1071 952 1132 τῆς
980 1070 1242 1133 ἑβδομάδος
1277 1070 1423 1136 ἡμέρα
1457 1070 1511 1121 τὸ
1545 1070 1813 1131 σάββατον.
1867 1070 1942 1120 καὶ

353 1148 456 1213 οὐχὶ
501 1153 640 1198 τοῦτο
686 1149 844 1212 μόνον,
884 1150 996 1201 ἀλλ’
1036 1152 1222 1217 ἐπείπερ
1262 1152 1381 1203 κατὰ
1419 1151 1501 1202 τὸν
1540 1151 1702 1218 καιρὸν
1739 1155 1822 1215 τῆς
1859 1157 1943 1202 τοῦ

355 1231 576 1293 Σωτῆρος
611 1230 743 1292 ἡμῶν
769 1233 1012 1295 ἐπιδημίας
1039 1234 1434 1294 ε’σαββατίσαμεν
1459 1238 1798 1297 πνευματικῶς·
1852 1234 1939 1299 ἠρ-

352 1308 571 1375 γήσαμεν
600 1310 691 1376 γὰρ
726 1312 782 1381 εξ
814 1314 1070 1380 ἁμαρτιῶν.
1126 1317 1307 1380 συνέβη
1340 1315 1389 1367 δὲ
1416 1319 1490 1367 καὶ
1518 1315 1624 1370 τοὺς
1652 1316 1810 1381 ἁγίους
1838 1313 1941 1364 τότε

351 1391 461 1455 ἡμῖν
500 1393 803 1449 ἀποστόλους
842 1397 1186 1463 ἀναδειχθῆναι,
1219 1396 1283 1448 ὧν
1315 1400 1390 1449 καὶ
1430 1397 1488 1449 τὰ
1527 1403 1627 1450 θεῖα
1664 1396 1944 1465 τρεφόμενοι
1965 1417 2012 1456 15

352 1472 709 1540 συγγράμματα
759 1476 878 1543 πρὸς
931 1477 1051 1544 ζωὴν
1102 1481 1419 1543 ἀναβαίνομεν
1469 1479 1555 1545 τὴν
1604 1482 1652 1531 ἐν
1697 1481 1938 1547 ἁγιασμῷ.

352 1553 428 1606 διὰ
478 1562 617 1607 τοῦτο
669 1557 788 1608 κατὰ
838 1558 924 1623 τὴν
975 1566 1069 1612 τῶν
1119 1562 1388 1623 σαββάτων
1439 1563 1616 1629 ἡμέραν
1660 1565 1942 1629 προκεῖσθαι

351 1636 569 1701 μάλιστα
596 1640 772 1691 κελεύει
799 1641 906 1695 τοῦς
939 1642 1109 1709 ἄρτους
1143 1645 1191 1694 ἐν
1217 1649 1274 1711 τῇ
1309 1646 1421 1713 ἁγίᾳ
1454 1644 1672 1712 τραπέζῃ,
1699 1643 1945 1695 τουτέστιν

353 1721 402 1770 ἐν
427 1723 486 1786 τῇ
513 1721 798 1792 Ἐκκλησία·
845 1726 1124 1789 σημαίνεται
1159 1726 1253 1792 γὰρ
1288 1726 1525 1780 πολλάκις
1560 1726 1654 1778 ἀπὸ
1688 1727 1857 1793 μέρους
1889 1725 1944 1777 τὸ

310 1806 463 1854 (Ιπᾶν.
531 1804 581 1853 τί
625 1803 668 1854 δ’
714 1803 774 1855 ἂν
818 1805 1000 1870 γένοιτο
1045 1811 1126 1872 τῆς
1172 1809 1308 1874 ἁγίας
1352 1812 1570 1874 Χριστοῦ
1621 1808 1848 1875 τραπέζης
1890 1806 1944 1860 τὸ
1965 1827 2015 1854 20

355 1884 646 1950 ἁγιώτερον;
697 1887 864 1938 οὐκοῦν
899 1890 961 1943 ὡς
1000 1889 1141 1955 ἄρτος
1179 1890 1263 1953 μὲν
1297 1891 1322 1941 ὁ
1359 1890 1527 1958 Σωτὴρ
1565 1896 1946 1957 προανετυποῦτο

354 1964 475 2016 κατὰ
499 1966 583 2017 τὸν
610 1967 768 2029 νόμον·
815 1969 946 2035 ἄρτοι
983 1970 1033 2021 δὲ
1067 1971 1216 2022 πάλιν
1242 1975 1283 2022 οἱ
1313 1975 1518 2036 μαθηταὶ
1556 1972 1662 2024 καθ’
1691 1971 1946 2036 ὁμοιότητα

353 2045 440 2111 τὴν
475 2049 636 2099 αὐτοῦ·
680 2049 838 2101 πάντα
877 2051 968 2117 γὰρ
1008 2055 1244 2118 ἀληθινῶς
1282 2053 1368 2118 μὲν
1406 2052 1464 2117 ἧν
1502 2056 1551 2106 ἐν
1587 2058 1800 2123 Χριστῷ,
1835 2055 1942 2105 καθ’

354 2129 608 2194 ὁμοιότητα
635 2130 684 2182 δὲ
710 2131 795 2195 τὴν
821 2135 883 2187 ὡς
908 2133 1026 2201 πρὸς
1055 2135 1211 2199 αὐτὸν,
1239 2139 1313 2187 καὶ
1341 2137 1413 2205 ἐφ’
1442 2136 1563 2200 ἡμᾶς
1589 2136 1664 2187 διὰ
1689 2139 1771 2201 τῆς
1802 2137 1945 2187 αὐτοῦ

354 2211 560 2279 χάριτος.
1966 2238 2014 2278 25

287 2339 596 2395 52Ἐμάχοντο
639 2337 712 2381 οὖν
760 2342 867 2398 Πρὸς
912 2343 1127 2385 ἀλλήλους
1172 2343 1209 2386 οἰ
1247 2343 1450 2387 Ἰουδαῖοι
1493 2346 1690 2394 λέΓοντεε
1727 2345 1828 2387 Πῶο
1875 2344 1946 2387 δύ-

290 2428 339 2466 53
427 2433 549 2459 ναται
585 2415 683 2467 ἡμῖν
710 2416 835 2461 οὗτος
869 2419 1017 2462 δοῦναι
1051 2422 1127 2463 τήν
1161 2423 1296 2480 σάρκα
1334 2421 1511 2480 <pots-dm
1550 2420 1668 2466 εἶπεν
1699 2421 1773 2465 οὖν
1800 2420 1945 2466 αὐτοῖς

317 2486 338 2512 e
424 2497 447 2537 ὁ
479 2496 661 2538 ’1Ησοῦε.

133 2605 231 2655 prv.
432 2600 459 2622 ‘⁶
488 2593 658 2645 Πάντα
688 2595 862 2647 ἐνώπια
892 2601 988 2650 τοῖς
1021 2602 1254 2660 συνιοῦσι,
1281 2599 1355 2649 καὶ
1391 2598 1510 2665 ὀρθὰ
1543 2622 1570 2650 '1’
1573 2604 1640 2653 0ἶῖ
1676 2600 1946 2665 &plaxano-c

134 2660 200 2679 ‘¹¹1·
222 2659 252 2690 9-
357 2682 385 2705 <c
410 2677 631 2741 ,ruffio-gyf
660 2676 780 2728 κατὰ
803 2677 858 2729 τὸ
884 2679 1223 2745 γεγραμμένον·
1263 2680 1508 2732 σκοτεινὸν
1534 2681 1583 2732 δὲ
1609 2686 1705 2736 τοῖς
1732 2680 1945 2746 ἀνοήτοις
1965 2709 2016 2746 30

408 2811 436 2833 Ι.
464 2801 642 2845 χρησίμως
658 2808 882 2846 assumptum
901 2814 942 2837 ex
962 2802 1003 2837 B.
1125 2814 1157 2848 3.
1186 2803 1327 2850 Κύριον]
1348 2805 1500 2849 Χριστὸν
1520 2804 1561 2840 Β.
1684 2814 1715 2851 7.
1741 2805 1884 2846 λίβανον
1902 2805 1945 2840 Β.

356 2848 655 2882 καταπλάττεσθαι
675 2848 718 2882 Β.
795 2849 827 2883 8.
845 2849 929 2895 γάρ]
949 2850 985 2884 δέ
1005 2849 1047 2884 Β.
1099 2849 1225 2884 Statim
1244 2866 1310 2885 που
1329 2860 1408 2896 post
1426 2852 1546 2888 αὐτοὺς
1564 2858 1606 2887 tr.
1627 2851 1670 2886 B.
1747 2863 1800 2887 10.
1818 2853 1946 2896 καιροῖς

355 2895 415 2926 τοῦ
433 2894 549 2930 αἰῶνος
568 2895 706 2928 inverso
724 2895 847 2929 ordine
867 2895 907 2929 B.
1025 2907 1077 2939 14.
1102 2899 1178 2931 τότε
1197 2904 1276 2932 ante
1294 2899 1347 2932 καὶ
1364 2903 1409 2934 tr.
1431 2899 1496 2934 Ed.
1514 2899 1624 2935 invito
1645 2898 1687 2934 B.
1784 2906 1841 2944 27.
1867 2898 1945 2943 ἡμῖν

357 2939 454 2975 οὗτος
472 2940 538 2975 hoc
557 2941 678 2976 ordine
699 2942 739 2977 B.
761 2942 805 2977 cf.
825 2943 860 2977 in
879 2943 925 2977 xii
945 2942 1074 2988 Proph.
1094 2943 1161 2989 562
1177 2956 1206 2978 a.
