2084 3317
159 153 286 196 v.37‚
304 144 370 200 38.
414 146 487 187 IN
531 148 572 189 S.
607 150 943 196 JOANNEM.
1007 157 1131 199 LIB.
1165 159 1252 202 III.
1315 163 1449 205 CAP.
1475 166 1533 207 ΙΙ.
1669 171 1752 211 377

159 257 186 281 “
208 257 351 306 εἰπεῖν
369 254 585 325 ’Έγειραι
622 264 696 312 καὶ
729 264 1032 330 περιπάτει;”
1076 269 1187 338 ὁρᾷς
1227 271 1354 327 ὅπως
1392 277 1446 326 οὐ
1484 281 1751 344 περιμείνας

155 332 242 397 τὴν
273 337 322 386 ἐν
353 345 579 411 προφορᾷ
611 343 835 409 ῥημάτων
867 348 1134 417 ἀπόκρισιν,
1165 353 1268 417 ἤτοι
1303 358 1603 423 γογγυσμὸν,
1631 360 1749 427 πρὸς

153 415 237 470 τὰς
274 419 323 468 ἐν
360 421 515 478 αὐτοῖς
558 425 734 481 ἐννοίας
774 431 835 483 ὡς
876 430 998 486 Θεὸς
1044 436 1377 502 ἀποκρίνεται;
1440 441 1653 507 εὑρήσεις
1700 445 1748 495 δὲ

150 498 299 550 πάλιν
325 504 402 553 καὶ
427 505 588 572 ἑτέραν
612 509 892 575 πράγματος
927 515 1079 567 εἰκόνα
1115 518 1235 569 κατὰ
1269 526 1408 572 τοῦτο
1440 525 1748 590 διηρτημένην

107 596 130 632 5
151 578 204 630 τὸ
235 585 416 650 σχῆμα.
469 588 600 654 λέγει
636 590 730 658 γὰρ
763 595 910 649 οὕτως
947 598 972 647 ὁ
1004 600 1231 665 μακάριος
1258 606 1446 659 Λουκᾶς
1472 613 1498 635 “
1525 608 1744 672 Ἐγένετο
1765 637 1784 662 c
1805 610 1917 695 3¹9⁸*ss

149 669 177 691 “
203 663 252 714 δὲ
279 667 327 716 ἐν
353 667 494 739 ἑτερῳ
528 673 767 744 σαββάτῳ
806 680 1038 730 εἰσελθεῖν
1066 681 1210 734 αὑτὸν
1245 689 1305 738 εἷς
1342 685 1428 750 τὴν
1455 690 1745 757 συναγωγὴν

149 750 176 773 “
202 748 278 798 καὶ
313 749 567 811 διδάσκειν,
597 758 673 805 καὶ
711 754 769 820 ἦν
801 759 1047 825 ἄνθρωπος
1088 765 1182 816 ἐκεῖ
1218 769 1294 818 καὶ
1336 769 1363 833 ἡ
1405 772 1505 838 χεὶρ
1541 774 1684 824 αὐτοῦ
1716 776 1743 838 ἡ

146 833 175 856 “
201 830 330 899 δεξιὰ
357 830 415 895 ἧν
439 833 579 902 ξηρά.
635 847 985 906 παρετηροῦντο
1022 843 1071 895 δὲ
1107 847 1250 899 αὐτὸν
1277 854 1317 900 οἱ
1346 860 1634 918 γραμματεῖς
1666 861 1742 908 καὶ

146 917 172 939 “
199 914 241 962 οἱ
277 916 531 980 Φαρισαῖοι
576 922 613 969 εἰ
658 922 707 970 ἐν
749 925 816 990 τῷ
860 926 1099 996 σαββάτῳ
1144 933 1404 997 θεραπεύει,
1447 935 1522 986 ἵνα
1567 939 1741 1003 εὕρωσι

76 1010 124 1036 10
143 998 171 1021 ‘⁶
197 997 480 1062 κατηγορίαν
508 1001 607 1051 κατ’
637 1003 796 1054 αὐτοῦ·
840 1006 978 1061 αὐτὸς
1011 1008 1059 1059 δὲ
1090 1009 1210 1078 ᾕδει,
1243 1017 1407 1080 φησὶν,
1432 1017 1540 1071 τοὺς
1571 1023 1737 1072 διαλο-

142 1081 169 1102 “
196 1078 398 1140 γισμούς
436 1081 602 1146 αὐτῶν,
638 1087 714 1135 καὶ
752 1084 849 1138 εἶπε
888 1094 954 1159 τῷ
993 1094 1125 1158 ἀνδρὶ
1164 1100 1231 1165 τῷ
1270 1097 1422 1165 ξηρὰν
1461 1101 1614 1168 ε”χοντι
1654 1104 1740 1168 τὴν

141 1163 167 1185 “
193 1163 326 1225 χεῖρα
343 1159 562 1230 ’Έγειραι
593 1168 667 1217 καὶ
695 1172 839 1233 στῆθι
866 1175 928 1225 εἰς
954 1173 1008 1223 τὸ
1035 1176 1200 1236 μέσον.
1257 1182 1332 1230 καὶ
1359 1182 1572 1238 ἀναστὰς
1599 1185 1732 1250 ἔστη.

140 1246 166 1269 “
192 1238 290 1293 εἶπε
317 1242 365 1294 δὲ
392 1245 417 1294 ὁ
443 1244 630 1309 Ἰησοῦς
665 1249 785 1317 πρὸς
820 1254 986 1309 αὐτούς
1014 1257 1337 1325 Ἐπερωτήσω
1374 1265 1491 1328 ὑμᾶς
1518 1271 1554 1317 εἱ
1580 1268 1736 1336 ἔξεστι

139 1329 166 1351 “
191 1328 258 1393 τῷ
284 1325 522 1399 σαββάτῳ
543 1332 895 1399 ἀγαθοποιῆσαι
923 1336 950 1402 ἦ
978 1345 1343 1407 κακοποιῆσαι.”
1371 1348 1482 1416 ὁρᾷς
1504 1348 1560 1413 δὴ
1587 1351 1736 1403 πάλιν

71 1422 116 1459 15
136 1407 588 1474 ἀνακεκαλυμμένως
613 1415 662 1465 ἐν
686 1416 882 1477 τούτοις,
912 1422 975 1474 ὡς
1009 1425 1070 1476 εἷς
1105 1425 1252 1490 αὐτὴν
1278 1429 1400 1494 ὁρῶν
1427 1430 1511 1494 τὴν
1539 1435 1733 1499 καρδίαν
1753 1443 1779 1483 d

135 1491 230 1539 τῶν
269 1490 476 1555 ἀνοήτως
513 1498 755 1549 αἰτιᾶσθαι
793 1503 1093 1568 πειρωμένων
1133 1507 1291 1572 αὐτὸν,
1327 1511 1586 1577 ἐποιήσατο
1625 1516 1733 1572 τοὺς

135 1570 342 1635 λόγους;
387 1575 598 1629 τοιοῦτόν
641 1602 684 1630 τι
729 1581 879 1635 πάλιν
922 1587 998 1636 καὶ
1043 1588 1118 1639 ἐπὶ
1159 1594 1226 1659 τῷ
1270 1596 1559 1666 προκειμένῳ
1603 1600 1731 1669 ῥητῷ

133 1656 455 1720 τεθεωρῆσθαι
499 1659 629 1726 παρὰ
673 1669 766 1734 τοῦ,
804 1668 1024 1733 Σωτῆρος
1074 1671 1122 1720 ἐν
1167 1677 1267 1727 ταῖς
1318 1679 1413 1726 τῶν
1453 1681 1731 1745 Φαρισαίων

133 1737 353 1791 διανοίαις
400 1740 782 1807 ὑποτοπήσομεν.
850 1747 961 1817 ὄψει
1008 1750 1055 1802 δὲ
1098 1752 1184 1817 τὴν
1223 1756 1402 1809 εὐθεῖαν
1445 1759 1472 1824 ἢ
1519 1761 1606 1825 τὴν
1646 1770 1730 1815 τοῦ

62 1838 111 1864 20
130 1816 409 1884 πράγματος
461 1823 593 1875 θέσιν
636 1828 718 1879 οὐκ
770 1830 1164 1887 ἁπολακτίσαντα
1212 1837 1295 1890 τὸν
1341 1840 1503 1907 λόγον,
1549 1843 1729 1897 ἕκαστα

129 1904 224 1951 τῶν
266 1902 355 1968 ἤδη
401 1909 749 1973 προειρημένων
793 1914 1194 1981 ἀναμηρύσασθαι
1241 1924 1538 1988 κατοκνήσας
1583 1929 1722 1979 οὐδα-

126 1987 241 2048 μῶς.

203 2067 375 2134 Γέγονε
423 2072 579 2124 τοίνυν
618 2076 666 2125 ἐν
691 2078 830 2146 ξάρχῇ
875 2079 995 2147 πρὸς
1041 2084 1238 2140 ἐκείνους
1286 2089 1310 2138 ὁ
1355 2091 1509 2145 πολύς
1555 2116 1602 2144 τε
1648 2098 1721 2146 καὶ
1744 2121 1764 2147 e

125 2148 304 2217 μακρὸς
338 2154 501 2206 οὑτοσὶ
534 2157 681 2222 λόγος
716 2160 792 2211 ἐπὶ
827 2166 894 2232 τῷ
929 2168 1308 2239 τεθεραπευμένῳ
1345 2173 1463 2224 κατὰ
1499 2174 1552 2226 τὸ
1587 2177 1716 2237 σάβ-

56 2252 104 2290 25
124 2235 289 2295 βατον,
315 2237 390 2286 καὶ
428 2236 503 2288 διὰ
539 2242 771 2293 ποικίλων
797 2246 1072 2311 εὑρημάτων
1106 2252 1182 2301 καὶ
1217 2261 1574 2320 συλλογισμῶν
1601 2261 1714 2309 ἀνα-

123 2315 299 2366 πείθειν
351 2319 566 2385 ἐπειρᾶτο
618 2324 833 2389 Χριστὸς
883 2328 991 2383 τοὺς
1042 2331 1174 2398 οἵπερ
1225 2333 1352 2399 ἦσαν
1402 2340 1475 2389 ἐπὶ
1531 2345 1588 2408 τῇ
1637 2349 1720 2392 τοῦ

122 2397 380 2457 σαββάτου
423 2402 561 2454 λύσει
607 2406 889 2473 δυστρόπως
941 2412 1287 2481 ἀσχάλλοντες,
1334 2422 1396 2473 ὡς
1440 2421 1595 2489 ἔξεο-τι
1643 2426 1718 2474 καὶ

121 2479 269 2530 ἐλεεῖν
300 2483 349 2532 ἐν
382 2485 635 2557 σαββάτῳ,
669 2493 744 2541 καὶ
784 2494 847 2546 εἷς
885 2494 1066 2550 πάντας
1105 2497 1384 2566 ἐργάζεσθαι
1423 2502 1477 2553 τὸ
1516 2504 1714 2569 ἀγαθὸν,

122 2563 198 2612 καὶ
239 2562 358 2630 πρὸς
403 2567 598 2631 τούτοις,
638 2570 708 2622 ὅτι
752 2574 1034 2641 πράγματος
1080 2581 1466 2649 ἀξιολογωτάτου
1510 2586 1652 2638 σκιὰν
1691 2589 1716 2638 ὁ

51 2669 101 2705 30
123 2642 264 2708 νόμος
288 2648 486 2700 ἐποιεῖτο
518 2650 604 2716 τὴν
630 2654 749 2706 κατὰ
774 2656 828 2708 τὸ
860 2658 1116 2721 σάββατον
1143 2665 1328 2730 ἀργίαν,
1358 2667 1520 2721 ἄλλως
1555 2691 1604 2719 τε
1639 2674 1715 2722 καὶ

167 2827 200 2857 4.
227 2815 446 2861 διηρτημένην
465 2818 507 2853 Β.
527 2820 764 2868 διηρτισμένην
782 2825 849 2860 Ed.
1104 2842 1137 2876 9.
1165 2831 1341 2876 θεραπεύει
1359 2834 1462 2870 edidi.
1482 2831 1657 2885 θεριιπεύξ)ι
1672 2841 1712 2877 B.

118 2861 322 2905 θεραπεύσει
337 2863 404 2898 Ed.
552 2878 605 2902 10.
630 2870 740 2913 φησὶν
757 2880 980 2919 assumptum
1000 2888 1041 2910 ex
1062 2877 1103 2912 B.
1252 2891 1304 2925 13.
1331 2882 1348 2915 ὁ
1367 2891 1589 2928 assumptum
1608 2899 1649 2921 ex
1670 2889 1711 2922 B.

122 2919 175 2950 14.
203 2908 259 2954 δὴ]
282 2910 317 2944 δέ
336 2909 380 2945 Β.
528 2924 580 2956 15.
607 2916 716 2952 αὐτῶν
735 2917 776 2952 Β.
918 2922 970 2956 16.
997 2923 1146 2968 ἀνοήτων
1166 2925 1206 2960 Β.
1341 2938 1395 2973 23.
1423 2929 1529 2977 ἀρχῇ]
1555 2937 1590 2974 -Ι-
1612 2949 1646 2968 τε
1670 2936 1710 2970 B.

119 2955 173 2990 26.
200 2956 374 3003 ἐπειρᾶτο]
395 2958 445 2993 ὅτι
464 2959 577 3005 ε’ἷρατο
598 2962 638 2997 Β,

173 3027 264 3056 von.
289 3030 318 3057 1.
893 3041 915 3081 3
940 3041 961 3067 (ς
