2084 3317
364 158 450 199 624
767 159 816 201 B.
851 159 1125 201 CYRILLI
1166 160 1549 201 ALEXANDR.
1797 159 1865 200 vii.
1888 170 1953 210 24.

363 264 624 326 βλέποντα.
681 268 757 319 διά
790 291 862 319 τοι
898 274 1037 320 τοῦτο
1072 271 1147 320 καὶ
1182 273 1279 323 τοῖς
1313 269 1463 322 λίθοις
1497 273 1592 322 τοῖς
1627 266 1949 332 ἀναισθήτοις,

319 352 346 394 d
366 346 445 398 ἅτε
484 349 541 413 δὴ
581 351 656 400 καὶ
692 349 837 405 ἁλοὺς
873 352 942 402 ἐπ’
971 352 1264 421 ἀναισθησίᾳ
1298 354 1480 418 πολλῇ,
1509 349 1640 418 παρὰ
1673 355 1768 401 τῶν
1801 357 1948 401 κολα-

365 428 539 496 ζόντων
589 432 839 496 ἐβάλλετο,
884 433 1193 503 γραφομένην
1243 433 1364 501 ἔχων
1413 434 1462 484 ἐν
1510 437 1569 502 τῇ
1619 433 1818 500 τιμωρίᾳ
1868 431 1954 495 τὴν

363 511 591 578 ποιότητα
641 519 724 565 τοῦ
775 513 967 581 τρόπου.
1043 515 1115 566 ὅτι
1165 515 1251 579 μὲν
1300 516 1383 567 οὖν
1426 515 1531 567 τότε
1581 515 1668 580 τὴν
1713 514 1954 580 βδελυρὰν

364 596 599 662 ἁμαρτίαν
640 598 723 648 οὐκ
769 597 1087 664 ἐργασόμεθα,
1128 601 1289 662 δῆλον,
1332 599 1443 649 ἀλλ’
1487 598 1592 650 οὐδὲ
1635 596 1689 649 τὸ
1734 599 1996 665 ὠφελοῦν5

365 680 525 744 ἱδρῶτι
560 679 945 745 κατορθώσομεν·
989 683 1065 731 καὶ
1100 679 1320 748 ὀψόμεθα
1358 679 1507 732 πάλιν
1534 683 1596 734 ὡς
1634 681 1682 731 ἐν
1716 679 1955 745 αἰνίγματι

363 761 440 811 καὶ
475 766 614 812 τοῦτο
650 761 940 827 δηλούμενον
965 763 1013 812 ἐν
1039 763 1246 824 βιβλίοις
1272 767 1368 817 τοῖς
1396 766 1723 816 Μωυσαϊκοῖς.
1777 760 1956 827 δρόσου

363 841 449 906 μὲν
474 841 568 910 γὰρ
603 843 736 907 δίκην
762 845 948 913 ἐπηφίει
976 844 1030 895 τὸ
1055 843 1210 907 μάννα
1236 850 1332 899 τοῖς
1359 849 1471 899 υἱοῖς
1495 844 1701 912 Ἰσραὴλ
1726 845 1774 895 ἐν
1799 843 1955 913 ἐρήμῳ

141 920 195 950 Ps.
366 922 504 988 Θεὸς,
532 927 610 976 καὶ
648 925 847 977 δέδωκεν
880 926 1024 993 ἄρτον
1050 925 1273 993 ἀγγέλων
1298 928 1465 988 αὐτοῖς,
1494 926 1614 978 κατὰ
1648 925 1702 978 τὸ
1737 949 1948 992 γεγραμ-

138 961 256 994 lxxvii.

140 1015 195 1103 ξ·
216 1071 247 1103 d
364 1006 523 1071 με’νον·
565 1006 665 1059 εἶτα
690 1010 767 1060 καὶ
795 1008 939 1073 νόμον
965 1010 1034 1061 ἐπ’
1063 1010 1190 1079 αὐτῷ
1216 1009 1451 1076 διωριζετο
1477 1008 1553 1060 διὰ
1583 1015 1666 1062 τοῦ
1697 1008 1955 1077 πανσόφου

174 1082 215 1102 (O

140 1126 208 1148 ‚m
231 1122 282 1156 25
325 1099 348 1126 θ
369 1090 635 1145 Μωυσέως·
677 1091 979 1160 προσεφώνει
1018 1090 1113 1159 γὰρ
1149 1115 1296 1146 ουτως
1321 1099 1350 1122 “
1371 1090 1555 1189 Φάγετε
1574 1091 1808 1191 σήμερον·
1851 1091 1956 1142 ἐστι

143 1158 196 1191 26.
365 1171 512 1240 “γάρ
555 1173 788 1236 σάββατα
833 1172 1045 1241 σήμερον
1084 1178 1151 1243 τῷ
1194 1174 1368 1244 Κυριῳ,
1409 1175 1497 1242 οὐχ
1539 1173 1762 1240 εὑρήσετε
1802 1175 1851 1225 ἐν
1888 1177 1956 1243 τῷ

363 1261 392 1284 “
418 1256 582 1325 πεδίῳ
636 1255 694 1325 ἓξ
734 1256 909 1323 ἡμέρας
952 1256 1232 1325 συλλέξετε·
1286 1260 1345 1324 τῇ
1391 1256 1440 1308 δὲ
1483 1255 1630 1326 ἡμέρᾳ
1674 1259 1732 1324 τῇ
1777 1254 1956 1324 ἑβδόμῃ

363 1343 392 1366 “
418 1336 664 1400 σάββατα,
693 1339 776 1389 οὐκ
803 1338 937 1389 ε”στιν
962 1339 1012 1389 ἐν
1038 1339 1203 1407 αὐτῇ.”
1259 1340 1494 1403 ὑποδηλοῖ
1516 1337 1626 1405 γὰρ,
1655 1337 1726 1390 ὅτι
1751 1337 1845 1405 πρὸ
1871 1338 1958 1403 μὲν

363 1422 447 1484 τῆς
481 1424 576 1470 τῶν
607 1420 789 1472 αἰώνων
820 1423 1083 1485 συστολῆς,
1110 1419 1241 1491 πόνῳ
1280 1419 1334 1473 τὸ
1374 1423 1596 1491 ὠφελοῦν
1628 1422 1704 1472 καὶ
1743 1420 1796 1471 τὸ
1834 1423 1954 1472 ἀπο-

363 1500 540 1572 τρέφον
572 1502 693 1566 ἡμᾶς
732 1506 793 1557 εἷς
832 1501 953 1570 ζωὴν
986 1501 1073 1568 τὴν
1111 1503 1297 1554 αἰώνιον
1335 1504 1632 1570 συναγείρειν
1669 1503 1956 1566 ἀκόλουθον,

365 1585 615 1651 ὡσπεροῦν
641 1586 803 1636 ἐκεῖνοι
829 1584 914 1650 τὴν
939 1590 1172 1637 πλατεῖαν
1196 1585 1486 1653 περιθέοντες
1521 1585 1710 1652 ἔρημον,
1740 1586 1955 1636 ἁπαντα-

365 1666 506 1734 χόθεν
532 1670 595 1722 εἷς
620 1666 806 1736 τροφὴν
832 1666 886 1719 τὸ
913 1667 1069 1733 μάννα
1095 1668 1474 1735 συνεκομίζοντο·
1517 1670 1566 1719 ἐν
1593 1667 1641 1719 δὲ
1665 1672 1723 1735 τῇ
1754 1666 1955 1736 ἑβδόμῃ,

140 1766 226 1802 427
242 1765 290 1800 A.
326 1774 348 1800 a
365 1748 624 1812 τουτέστιν,
651 1751 727 1802 ἐπὶ
761 1748 889 1801 τέλει
927 1749 1113 1814 λοιπὸν,
1141 1752 1166 1802 ὃ
1201 1749 1287 1814 μὲν
1313 1754 1397 1815 τῆς
1431 1755 1526 1802 τῶν
1550 1751 1801 1819 χρησίμων
1826 1758 1954 1801 συλ-

366 1834 516 1895 λογῆς
542 1831 772 1901 ἐξοίχεται
799 1833 973 1899 καιρὸς,
998 1838 1095 1887 τοῖς
1121 1831 1170 1885 δὲ
1195 1834 1285 1899 ἤδη
1310 1832 1770 1900 προπεπορισμένοις
1799 1834 1958 1900 ἐντρυ-

141 1909 196 1941 PS.
422 1912 434 1929 Ι
747 1913 760 1932 x
847 1914 861 1930 x
945 1919 955 1933 ‚
1069 1916 1082 1932 t
1259 1915 1272 1933 x
1391 1922 1410 1932 a
1713 1921 1733 1931 n
1833 1920 1845 1935 r
1916 1915 1928 1931 ἱ

367 1918 602 1982 φήσομεν,
646 1938 766 1966 κατα
815 1938 869 1966 το
919 1938 1159 1982 ειρημενον
1202 1919 1278 1967 δια
1328 1939 1411 1968 του
1462 1918 1735 1986 ψαλμῳδου
1779 1923 1807 1946 “
1846 1919 1877 1967 Γ
1881 1939 1958 1969 ους

139 1964 259 1985 CXXVII·
275 1962 303 1986 2·

367 2002 395 2025 ‘⁴
419 1995 627 2062 καρποὺς
665 2001 760 2048 τῶν
791 1996 951 2050 πόνων
983 2021 1074 2049 σου
1115 1997 1371 2068 φάγεσαι.”

439 2078 503 2130 Ὁ
541 2078 626 2144 μὲν
663 2080 746 2130 οὖν
784 2079 1038 2144 νομοθέτης
1076 2081 1152 2132 καὶ
1189 2080 1324 2144 Θεὸς,
1359 2080 1414 2131 οὐ
1451 2085 1552 2134 ταῖς
1592 2085 1749 2134 σκιαῖς
1788 2078 1959 2150 ἐφηδό-

364 2184 516 2225 μενος,
544 2161 655 2213 ἀλλ’
686 2166 749 2216 εἷς
784 2161 929 2226 αὐτὴν
954 2161 1043 2227 ἤδη
1078 2163 1165 2226 τὴν
1194 2167 1290 2214 τῶν
1320 2162 1616 2230 πραγμάτων
1642 2161 1795 2214 εἰκόνα
1832 2186 1955 2229 προ-

365 2243 669 2307 αναβλέπων,
697 2244 1012 2311 διηγγέλλετο
1048 2244 1113 2309 μὴ
1149 2248 1242 2296 δεῖν
1268 2247 1316 2296 ἐν
1341 2244 1580 2314 σαββάτῳ
1613 2249 1788 2296 πονεῖν.
1843 2245 1956 2296 ἀλλ’

366 2325 814 2395 ὑπερφρονήσαντές
855 2350 974 2381 τινες
1014 2333 1097 2378 τοῦ
1139 2328 1456 2394 διορισθέντος
1497 2328 1654 2382 αὐτοῖς
1695 2329 1770 2379 ἐπὶ
1807 2328 1958 2398 τούτῳ

367 2408 526 2472 νόμου,
553 2411 629 2460 καὶ
666 2408 1011 2477 ῥιψοκινδύνως
1048 2413 1115 2479 τῷ
1153 2410 1345 2461 πάντων
1373 2410 1604 2479 Δεσπότῃ
1642 2409 1960 2477 προσκρούειν

319 2496 347 2538 b
368 2492 420 2542 οὐ
445 2492 824 2558 παραιτούμενοι,
850 2491 905 2544 τὸ
935 2491 1020 2556 μὲν
1047 2491 1118 2543 ὅτι
1151 2491 1390 2559 προσήκοι
1423 2492 1628 2559 βαδίζειν
1654 2516 1952 2560 συγκομισο-

420 2655 448 2678 1.
474 2645 545 2679 τοῖς
562 2644 660 2688 prius
679 2656 750 2679 om.
771 2644 813 2680 Β.
958 2645 991 2679 6.
1019 2645 1054 2679 ἐν
1070 2657 1141 2680 om.
1163 2644 1204 2680 Β.
1343 2657 1397 2680 ΙΟ.
1423 2647 1609 2691 πανσόφου
1629 2645 1671 2680 Β.
1689 2645 1870 2692 προφήτου
1890 2646 1957 2680 Ed.

372 2701 425 2724 11.
452 2691 550 2725 ἔσται
572 2691 612 2725 Β.
753 2703 806 2736 13.
834 2692 1027 2735 συλλέξατε
1047 2692 1088 2727 Β.
1111 2692 1182 2736 (15.
1204 2701 1260 2737 53.
1284 2693 1359 2727 106.
1384 2693 1491 2737 134),
1511 2693 1571 2726 sed
1592 2693 1634 2727 cf
1655 2692 1698 2726 de
1716 2693 1825 2726 Ador.
1847 2704 1914 2737 234
1928 2705 1959 2728 c.

371 2746 425 2781 17.
443 2736 696 2783 ἁπανταχόθεν]
717 2753 771 2772 και
787 2739 1002 2784 πανταχόθεν
1022 2739 1063 2774 Β.
1164 2750 1216 2783 19.
1237 2738 1308 2784 ἐπι]
1329 2744 1365 2779 -Ι-
1381 2742 1428 2785 τῷ
1449 2739 1514 2773 E.d
1533 2740 1642 2773 invito
1663 2740 1704 2774 B.
1804 2751 1856 2774 20.
1874 2754 1958 2784 προ-

368 2784 648 2830 πεπορισμένοις]
668 2786 931 2829 πεπορευμένοις
952 2786 992 2820 Β.
1150 2796 1205 2819 21.
1231 2787 1308 2821 τοὺς
1326 2787 1474 2830 καρποὺς
1491 2790 1557 2820 τῶν
1573 2788 1684 2820 πόνων
1703 2786 1744 2821 Β
1765 2787 1809 2820 cf.
1829 2786 1871 2820 de
1889 2786 1958 2821 Ad.

371 2841 439 2875 234
454 2831 474 2864 d
494 2831 572 2866 cod.
588 2831 699 2866 bonae
717 2838 821 2866 notae
839 2844 1026 2878 quemque,
1041 2841 1109 2876 473
1121 2832 1154 2872 b,
1170 2832 1206 2866 in
1224 2833 1270 2866 xii
1290 2833 1418 2878 Proph.
1431 2833 1543 2868 860c.
1561 2833 1638 2868 τοὺς
1654 2835 1778 2869 πόνους
1795 2837 1862 2867 τῶν
1879 2848 1958 2878 καρ-

367 2881 441 2911 πῶν
460 2877 526 2912 Ε(].
687 2889 742 2920 24.
768 2883 835 2913 τῶν
836 2881 1072 2936 πραγμάτων
1079 2879 1120 2913 Β.
1139 2881 1199 2913 τοῦ
1215 2894 1413 2925 πραγματος
1432 2879 1499 2914 Ed.
1653 2890 1708 2922 25.
1735 2880 1959 2925 διηγγέλλετο

368 2935 439 2957 Om.
457 2924 498 2958 Β.
632 2925 687 2959 26.
715 2926 769 2959 ε’πι
786 2925 895 2972 τούτῳ
914 2925 1072 2970 νόμου]’
1055 2940 1110 2960 επι
1126 2926 1253 2960 τούτων
1270 2928 1354 2969 ὁμοῦ
1375 2927 1417 2962 Β.
1542 2927 1597 2961 28.
1623 2926 1791 2972 προσήκοι
1808 2927 1959 2969 βαδίζειν

370 2971 700 3018 συγκομισομένους]
721 2973 873 3016 βαδίζειν
890 2974 928 3008 οὗ
945 2971 1114 3018 προσήκοι
1133 2973 1441 3018 συγκομιζομενους
1462 2973 1503 3007 Β.

1978 1030 2026 1056 10

1979 1856 2029 1881 20

1978 2233 2084 2305 25⁴
