2084 3317
140 124 195 166 vi.
215 136 282 181 55.
375 127 448 168 IN
491 127 533 168 S.
569 125 907 167 JOANNEM.
970 124 1094 165 LIB.
1129 124 1207 165 IV.
1269 123 1403 165 CAP.
1438 123 1500 163 II.
1648 122 1732 162 533

141 232 293 285 πάλαι
342 234 417 285 διὰ
466 234 551 299 τὴν
603 234 837 301 ἁμαρτίαν
888 234 1160 301 ἰσχύσαντα
1209 232 1428 284 θάνατον.
1500 232 1666 282 οὐκοῦν
1711 236 1729 281 o‘

139 317 313 385 τρώγων
336 340 405 376 την
432 317 572 382 ἁγίαν
599 316 752 385 σάρκα.
777 320 1008 384 Χριστοῦ,
1037 314 1140 385 ζωην
1167 314 1326 366 αἱωνιον
1355 314 1462 377 ξ’·χει
1509 312 1602 380 ἔχει
1636 310 1730 377 γὰρ

139 398 168 461 ἡ
209 396 341 465 σὰρξ
377 398 426 448 ἐν
466 398 606 466 ἑαυτῇ
645 397 728 449 τὸν
754 397 917 463 Λόγον
956 395 1076 448 κατὰ
1115 395 1266 465 φύσιν
1305 394 1419 446 ὄντα
1457 393 1592 460 ζωήν.
1656 392 1732 444 διὰ

141 501 234 544 γαρ
260 477 398 530 τοῦτό
426 479 638 548 φησιν,“
614 503 684 531 οτι
711 478 800 546 ε’·γω
827 480 1065 539 ἀναστήσω
1092 478 1217 530 αὐτον
1244 478 1282 529 ἐν
1306 501 1355 548 τῃ
1382 475 1552 549 εει-χαίτῃ
1581 474 1731 545 ἦμερα.

94 567 116 605 5
142 561 245 610 ἀντὶ
280 559 329 611 δὲ
363 567 446 612 τοῦ
482 565 639 624 εἰπεῖν,
666 561 828 627 ὅτιπερ
862 560 1018 624 αὑτὸν,
1044 560 1127 611 τὸν
1161 559 1384 611 ἐσθίοντα
1418 556 1651 622 δηλονότι,
1677 555 1732 608 τὸ

140 640 252 705 ἐμὸν
285 642 550 708 ἀναστήσει
583 648 742 707 σῶμα,
767 642 821 694 τό
853 641 976 709 Ἐγὼ
1011 642 1224 704 τέθεικεν,
1253 643 1315 695 ὡς
1350 642 1438 708 οὐχ
1474 640 1629 706 ἕτερος
1667 636 1733 689 ὧν

141 723 272 790 παρὰ
305 724 392 788 τὴν
418 725 538 776 ἰδίαν
564 725 741 792 σάρκα·
783 729 858 775 καὶ
893 726 948 776 οὐ
983 723 1173 778 πάντως
1206 727 1264 791 τῇ
1302 724 1460 792 φύσει,
1489 720 1726 785 διατέμνε-

142 809 259 856 σθαι
296 805 390 873 γὰρ
429 806 554 861 ὅλως
593 810 655 860 εἰς
696 810 806 858 υἱῶν
837 805 985 858 δυάδα
1022 805 1141 870 μετὰ
1178 805 1264 870 τὴν
1303 806 1474 856 ἕνωσιν
1509 805 1592 855 οὐκ
1630 803 1733 854 ἀνέ-

142 909 288 954 χεται.
346 887 434 954 ἐγῶ
475 893 739 955 τοιγαροῦν,
772 889 938 957 φησὶν,
972 889 996 938 ὁ
1034 889 1082 939 ἐν
1117 888 1244 956 αὐτῷ
1282 886 1502 953 γεγονὼς,
1537 884 1613 936 διὰ
1651 887 1733 949 τῆς
1753 896 1780 937 d

66 988 114 1013 10
140 970 253 1032 ἐμῆς
298 969 518 1033 δηλονότι
563 970 757 1036 σαρκὸς,
796 972 1034 1031 ἀναστήσω
1078 968 1161 1020 τὸν
1202 970 1424 1020 ἐσθίοντα
1468 973 1516 1041 τῇ
1561 965 1732 1038 ἐσχάτῃ

140 1049 293 1122 ἡμέρᾳ.
347 1050 406 1116 ἧν
440 1050 533 1118 γὰρ
572 1050 629 1116 δὴ
668 1054 743 1103 καὶ
783 1052 1029 1120 ἀμήχανον
1067 1050 1132 1115 μὴ
1172 1052 1276 1119 οὐχὶ
1313 1050 1503 1104 πάντως
1542 1052 1732 1111 νικῆσαι

136 1131 222 1196 τὴν
262 1132 450 1201 φθορὰν
488 1135 564 1184 καὶ
607 1136 843 1200 κρατῆσαι
889 1132 1094 1184 θανάτου
1139 1132 1222 1184 τὸν
1261 1131 1382 1183 κατὰ
1426 1130 1577 1200 φύσιν
1615 1130 1731 1182 ὄντα

135 1213 272 1280 ζωήν.
327 1213 403 1266 διὰ
440 1221 580 1267 τοῦτο
619 1215 707 1267 κᾶν
744 1215 960 1282 βιάζηται
998 1215 1051 1266 τὸ
1091 1214 1388 1282 ἀνθρώπινον
1426 1218 1570 1277 σῶμα
1608 1212 1727 1278 πρὸς

132 1294 186 1347 τὸ
221 1299 622 1366 καταφθείρεσθαι
655 1300 800 1350 δεῖνὸ
838 1297 913 1349 διὰ
948 1300 1031 1362 τῆς
1066 1294 1388 1363 παραβάσεως
1426 1293 1725 1360 ἐπιπηδήσας

63 1394 110 1432 15
133 1376 347 1442 θάνατος,
393 1381 503 1431 ἀλλ’
550 1381 738 1447 ἐπείπερ
782 1381 830 1430 ἐν
871 1380 982 1444 ἡμῖν
1028 1381 1053 1430 ὁ
1098 1378 1313 1446 Χριστὸς
1358 1377 1434 1429 διὰ
1476 1380 1560 1442 τῆς
1606 1377 1724 1430 ἰδίας

130 1459 308 1525 γίνεται
368 1461 559 1528 σαρκὸς,
610 1460 983 1527 ἀναστησόμεθα
1044 1461 1249 1515 πάντως·
1324 1461 1555 1512 ἀπίθανον
1604 1458 1717 1526 γὰρ,

131 1546 324 1605 μᾶλλον
350 1542 398 1595 δὲ
433 1546 508 1595 καὶ
544 1543 789 1607 ἀδύνατον,
814 1543 880 1609 μὴ
914 1544 1152 1611 ζωοποιεῖν
1178 1542 1265 1607 τὴν
1290 1541 1411 1610 ζωὴν
1436 1541 1544 1596 τοὺς
1578 1543 1626 1592 ἐν
1652 1540 1720 1595 οἷς
1739 1563 1761 1591 e

131 1622 191 1675 ἂν
230 1625 428 1691 γε’νοιτο.
498 1626 663 1693 ὥσπερ
703 1625 797 1693 γὰρ
840 1626 882 1677 εἴ
922 1649 992 1681 τις
1033 1628 1277 1691 σπινθῆρα
1322 1623 1490 1686 λαβὼν
1531 1626 1723 1692 ἀχύροις

132 1707 467 1776 ἐγκαταχώσαι
511 1713 729 1772 πολλοῖς,
769 1708 844 1760 ἵνα
890 1706 1160 1775 σωζόμενον
1207 1707 1304 1775 ε”χοι
1348 1706 1403 1758 τὸ
1447 1712 1531 1758 τοῦ
1574 1705 1723 1773 πυρὸς

62 1812 112 1838 20
132 1789 341 1855 σπέρμα·
410 1791 532 1842 οὕτω
584 1792 661 1841 καὶ
712 1792 760 1842 ἐν
809 1791 919 1855 ἡμῖν
970 1791 995 1840 ὁ
1050 1790 1224 1856 Κύριος
1276 1789 1409 1853 ἡμῶν
1457 1790 1646 1854 Ἰησοῦς
1697 1789 1723 1839 ὃ

132 1870 347 1937 Χριστὸς
385 1871 460 1923 διὰ
497 1875 581 1937 τῆς
620 1874 737 1927 ἰδίας
771 1870 951 1939 σαρκὸς
986 1871 1326 1938 ἐναποκρύπτει
1360 1870 1446 1935 τὴν
1479 1869 1614 1938 ζωὴν,
1647 1872 1724 1921 καὶ

131 1950 296 2020 ὥσπερ
338 1976 384 2005 τι
426 1953 618 2022 σπέρμα
662 1952 748 2018 τὴν
793 1955 1061 2006 ἀθανασίαν
1099 1953 1351 2018 ἐντίθησιν,
1391 1953 1510 2019 ὅλην
1547 1952 1633 2018 τὴν
1673 1953 1724 2004 ἐν

130 2034 240 2099 ἡμῖν
278 2034 506 2106 ἀφανίζον
544 2036 747 2106 φθοράν.

1739 2116 1761 2140 a
1797 2106 1884 2142 364
1897 2105 1950 2141 A.

209 2174 263 2216 ‘H
304 2175 381 2234 πὰρ
419 2179 524 2233 σάρξ
562 2191 642 2226 μου
680 2177 848 2218 ἀλΗθήε
885 2177 975 2218 ἐστι
1014 2176 1184 2233 βρῶσις,
1223 2176 1292 2217 καὶ
1329 2176 1377 2218 τὸ
1417 2171 1520 2225 αἷμά
1559 2189 1638 2224 μου
1744 2182 1793 2220 55

62 2263 111 2301 25
696 2260 862 2302 ἀλΗθέις
899 2259 989 2301 ἐστι
1026 2261 1165 2302 Πόσιε.

206 2366 618 2419 Ἀντιδιαστέλλει
644 2367 793 2420 πάλιν
819 2372 877 2436 τῇ
904 2373 986 2419 τοῦ
1019 2367 1174 2432 μάννα
1203 2366 1406 2435 χορηγίᾳ
1436 2364 1521 2429 τὴν
1546 2387 1723 2428 μυστι-

134 2449 220 2514 κὴν
257 2450 491 2516 εὐλογίαν,
535 2452 610 2501 καὶ
652 2456 749 2505 τοῖς
794 2452 845 2501 ἐκ
885 2451 1120 2516 πετραίων
1162 2447 1384 2514 λαγόνων
1422 2445 1603 2511 νάμασι
1644 2452 1727 2498 τοῦ

90 2571 93 2573 >
133 2532 360 2598 ποτηρίου
403 2531 489 2596 τὴν
529 2537 711 2597 γεῦσιν.
786 2531 901 2599 ὅπερ
940 2531 988 2583 δὲ
1028 2531 1117 2596 ἤδη
1157 2531 1232 2581 καὶ
1272 2531 1327 2581 δι’
1368 2529 1537 2596 ἑτέρων
1575 2528 1727 2595 ε’ίρηκε

182 2648 369 2695 4φησιν]
394 2653 431 2690 -i-
454 2649 539 2693 ζωὴν
556 2649 688 2684 αἰώνιον
705 2651 776 2695 ἕχει
796 2650 838 2685 Β.
1014 2660 1047 2693 5.
1073 2650 1132 2683 τὸν
1149 2659 1221 2682 om.
1238 2647 1280 2681 B.
1455 2645 1489 2680 6.
1516 2646 1560 2681 ὡς
1577 2646 1640 2690 οὐχ
1658 2645 1726 2681 hoc

133 2697 257 2732 ordine
276 2697 317 2730 B.
450 2705 482 2741 7.
509 2697 717 2731 διατίνεσθαι
737 2697 778 2732 Β.
902 2697 935 2731 8.
962 2696 1051 2732 ὅλως
1069 2700 1291 2740 assumptum
1310 2705 1352 2728 ex
1371 2693 1414 2728 B.
1539 2705 1592 2735 14.
1618 2707 1728 2737 παρα-

134 2745 273 2785 βάσεως
291 2742 520 2801 ἐπιπηδήσας]
540 2742 772 2788 παραφύσεως
791 2743 1047 2787 ἐπεισπηδὴσας
1067 2742 1109 2776 Β.
1418 2749 1470 2784 17.
1497 2739 1575 2775 τοὺς
1592 2751 1663 2773 om.
1684 2739 1727 2773 B.

142 2803 195 2836 19.
223 2790 445 2835 ἐγκαταχώσῃ
466 2789 608 2824 Cord.’
592 2793 825 2835 εγκαταχώσει
844 2802 876 2823 3.
934 2787 1144 2833 σωζόμενον]
1165 2789 1228 2831 ζῶν
1246 2798 1327 2821 cum
1345 2798 1466 2820 rasura
1483 2798 1536 2831 sq.
1557 2785 1599 2820 B.
1619 2787 1728 2828 σωζό-

137 2852 238 2882 μενον
256 2837 360 2871 habet
378 2836 470 2871 Catt.
522 2836 685 2870 Statim'‘
666 2851 739 2882 εχοι
756 2849 786 2871 a.
805 2837 845 2882 ἕχ
822 2852 866 2882 χῃ
886 2837 993 2872 Cord.
1014 2835 1081 2870 Ed.
1208 2844 1263 2868 22.
1291 2835 1351 2877 τὴν
1367 2833 1554 2868 ἀθανασίαν
1572 2832 1665 2867 Catt.
1684 2832 1728 2866 cf.

141 2895 246 2929 supra
264 2896 298 2928 p.
313 2893 394 2928 531.
411 2883 472 2918 lin.
489 2894 520 2917 2.
539 2897 577 2927 τη
563 2883 799 2920 ςάθανασίας
817 2883 884 2918 Ed.
1023 2893 1076 2928 23.
1104 2881 1275 2928 ἀφανίζων
1294 2879 1387 2915 Catt.
1524 2880 1580 2915 28.
1607 2881 1729 2925 ’γεῦσιν

142 2931 184 2966 Β.
203 2934 331 2976 γνῶσιν
350 2929 416 2965 Ed.
488 2930 548 2974 ἤδη
567 2941 637 2964 om.
661 2930 701 2965 B.
