2084 3317
345 200 428 241 724
746 201 796 242 B.
830 200 1108 242 CYRILLI
1149 200 1529 241 ALEXANDR.
1673 200 1759 241 viii.
1782 209 1847 252 17,
1869 198 1933 239 18.

344 311 426 370 τῆς
459 310 584 364 θείας
616 309 807 378 φύσεως
839 309 894 360 τὸ
929 310 1275 376 παντουργικὸν
1302 312 1363 363 ὡς
1390 308 1525 370 Θεὸς,
1552 310 1627 359 καὶ
1659 312 1695 358 εὶ
1728 306 1937 377 πέφηνεν

347 390 611 456 ἄνθρωπος·
651 396 952 458 μαρτυρεῖται
984 391 1032 442 δὲ
1067 394 1141 442 καὶ
1167 389 1298 455 παρὰ
1323 396 1406 442 τοῦ
1432 390 1642 456 Πατρὸς,
1673 392 1736 443 ὡς
1760 411 1931 456 συνερ-

302 486 329 527 b
349 471 500 538 γάτην
526 473 668 525 αὐτὸν
693 475 763 543 ἐφ’
792 474 975 525 ἅπασιν
1001 473 1121 541 ἔχων
1148 472 1267 524 κατὰ
1301 472 1355 523 τὸ
1391 473 1629 539 εἰρημένον
1658 473 1766 537 παρ’
1796 472 1938 521 αὐτοῦ

125 544 217 574 Infra.
400 556 410 571 5
499 555 510 570 ν
555 557 565 571 ³
724 561 743 570 a
879 560 899 569 Α
981 556 990 570 ›
1039 556 1052 572 t
1155 556 1165 570 t
1247 555 1258 572 x
1418 554 1430 569 x
1515 555 1526 568 r
1582 555 1592 569 9
1664 555 1674 569 2
1735 555 1749 570 x
1837 551 1850 568 t

125 588 272 626 x·er.28;
350 562 376 584 ‘⁶
416 559 499 607 Απ
543 579 745 618 εμαυτου
782 579 902 607 ποιω
942 559 1089 606 ουδεν·
1146 578 1171 605 o
1210 559 1258 606 δε
1298 558 1467 620 Πατηρ
1506 577 1531 603 ο
1570 577 1618 604 εν
1652 576 1750 616 εμοι
1789 575 1938 616 μενων

125 633 190 662 xiv.
208 640 257 663 10.
967 635 993 653 ’‘

349 643 377 666 ‘⁴
402 641 528 688 ποιεῖ
561 636 620 688 τὰ
659 638 774 704 ἔργα
812 636 965 690 αὐτός.
1053 635 1336 702 λογιζόμεθα
1375 635 1424 687 δὲ
1463 634 1834 702 συνεργάζεσθαι
1871 638 1980 703 τῷ5

347 722 449 788 Υὶῷ
497 717 580 769 τὸν
613 718 820 784 Πατέρα,
861 720 948 786 οὐχ
988 721 1050 773 ὡς
1095 721 1338 769 ἀτονοῦντι
1375 717 1520 786 τυχὸν
1559 718 1678 768 ἰδίαν
1716 715 1820 767 τινὰ
1864 718 1940 768 καὶ

346 800 508 865 ἑτέραν
556 800 906 866 συνεισάγοντα
959 801 1156 863 δύναμιν
1205 799 1324 867 πρὸς
1375 799 1461 863 τὴν
1504 803 1599 850 τῶν
1644 798 1939 862 τελουμένων

347 882 660 948 κατόρθωσιν.
735 886 772 933 εἰ
823 881 917 948 γὰρ
970 884 1092 933 οὕτω
1144 888 1353 945 νοοῦμεν,
1398 884 1543 946 ἀτελῆ
1587 880 1777 934 πάντως
1825 877 1940 931 εἶναι

348 964 565 1028 δώσομεν
591 967 665 1015 καὶ
693 964 778 1028 τὴν
804 970 887 1015 τοῦ
916 964 1109 1031 Πατρὸς
1136 964 1334 1029 δύναμιν
1360 967 1435 1015 καὶ
1459 963 1544 1029 τὴν
1569 968 1652 1014 τοῦ
1674 967 1805 1025 Υὶοῦ,
1825 962 1867 1013 εἴ
1885 985 1940 1029 γε

349 1048 403 1097 δι’
457 1048 636 1115 ἀμφοῖν
686 1047 988 1098 ἀποτελεῖταί
1033 1069 1077 1097 τι
1126 1050 1222 1098 τῶν
1271 1044 1574 1115 παραδόξων·
1643 1043 1808 1112 ὥσπερ
1857 1046 1938 1096 οὐκ
1963 1068 2010 1094 ιο

308 1149 331 1176 c
349 1130 602 1196 ἀρκοῦντος
628 1133 690 1183 εἷς
716 1128 802 1193 τὴν
828 1130 990 1196 χρείαν
1016 1127 1129 1182 ἑνός.
1184 1129 1526 1194 εὐσεβέστερον
1552 1126 1599 1179 δὲ
1625 1129 1701 1179 καὶ
1727 1132 1940 1181 νοοῦντες·

348 1213 422 1260 καὶ
450 1209 691 1278 δεχόμενοι
717 1210 771 1262 τὸ
799 1211 1053 1277 εἰρημένον,
1082 1213 1274 1277 ἐροῦμεν
1299 1209 1462 1273 πάλιν,
1490 1213 1552 1264 ὡς
1587 1211 1775 1275 ἐπείπερ
1809 1210 1941 1260 ἐστὶν

346 1293 396 1342 ἐν
425 1294 579 1358 Πατρὶ
620 1294 695 1343 καὶ
735 1295 837 1362 Υἱῴ
876 1295 952 1343 καὶ
991 1294 1077 1356 μία
1116 1292 1292 1358 θεότης,
1332 1295 1407 1343 καὶ
1447 1295 1530 1356 τῆς
1568 1292 1711 1356 αὐτῆς
1750 1290 1942 1361 φύσεως

347 1373 722 1440 ἀπαράλλακτος
748 1375 945 1443 ἐξουσία
971 1397 1019 1425 τε
1052 1376 1128 1425 καὶ
1159 1375 1368 1437 δύναμις,
1399 1375 1535 1426 ἔσται
1569 1373 1720 1439 δήπου
1752 1371 1942 1427 πάντως

346 1455 462 1522 ἔργα
494 1462 578 1507 τοῦ
605 1460 730 1508 Θεοῦ
767 1458 841 1507 καὶ
871 1455 1063 1524 Πατρὸς
1099 1456 1158 1507 τὰ
1194 1462 1276 1508 τοῦ
1303 1460 1434 1520 Υἱοῦ,
1463 1457 1578 1523 ἔργα
1616 1456 1664 1507 δὲ
1700 1456 1759 1506 αὖ
1793 1455 1941 1507 πάλιν
1965 1475 2011 1515 15

345 1543 430 1589 τοῦ
456 1542 574 1590 Υὶοῦ
609 1538 668 1589 τὰ
704 1544 788 1590 τοῦ
824 1543 950 1590 Θεοῦ
986 1541 1062 1590 καὶ
1090 1540 1296 1606 Πατρός.
1349 1539 1477 1605 λέγει
1513 1539 1561 1590 δὲ
1596 1537 1650 1590 τό
1678 1537 1833 1590 Οὐδὲν
1859 1540 1938 1590 ἀπ’

345 1621 546 1683 ἐμαυτοῦ
572 1625 705 1683 ποιῶ,
725 1622 811 1688 οὐχ
839 1624 900 1675 ὡς
927 1621 1158 1686 ὑπηρέτης
1184 1620 1211 1687 ἢ
1241 1620 1534 1688 ὑπουργὸς,ἦ
1562 1622 1636 1672 καὶ
1660 1623 1709 1672 ἐν
1726 1624 1941 1685 μαθητοῦ

346 1725 470 1756 τινος
495 1702 627 1772 τάξει
654 1704 952 1767 διακείμενος,
970 1705 1046 1754 καὶ
1071 1704 1332 1769 περιμένων
1354 1702 1407 1754 τὸ
1435 1702 1789 1755 διακελεύεσθαι
1813 1702 1944 1769 παρὰ

346 1790 429 1835 τοῦ
465 1785 671 1853 Πατρὸς,
704 1785 732 1851 ὴ
773 1788 849 1836 καὶ
888 1785 1150 1840 διδακτικὸς
1188 1785 1308 1851 πρὸς
1345 1785 1401 1837 τὸ
1441 1790 1700 1852 κατορθοῦν
1734 1784 1846 1837 ἰέναι
1883 1785 1943 1837 τὰ

346 1866 611 1937 παράδοξα·
664 1870 809 1919 ἐκεῖνο
857 1868 906 1919 δὲ
951 1873 1144 1933 μᾶλλον
1182 1868 1504 1935 ἀκριβέστατα
1550 1869 1939 1934 κατασημαίνων,
1963 1889 2011 1916 20
2067 1870 2070 1873 “

303 1959 332 2000 d
349 1948 421 1999 ὅτι
455 1952 538 2013 τῆς
575 1951 740 2005 οὐσίας
775 1950 1048 2020 ἐκπεφυκὼς
1079 1956 1163 2002 τοῦ
1190 1954 1316 2002 Θεοῦ
1343 1953 1419 2002 καὶ
1448 1950 1654 2017 Πατρὸς,
1681 1951 1757 2002 καὶ
1784 1950 1943 2018 φωτός

347 2053 472 2084 τινος
512 2031 645 2097 δίκην
678 2034 727 2082 ἐκ
766 2037 860 2083 τῶν
897 2032 1082 2083 ἀδύτων
1119 2034 1261 2083 αὐτοῦ
1299 2032 1495 2084 κόλπων
1525 2031 1739 2100 ἀῤῥήτως
1777 2055 1829 2084 τε
1866 2035 1943 2084 καὶ

347 2112 563 2181 ἀνάρχως
590 2113 787 2183 ἀναφὺς,
815 2117 890 2166 καὶ
918 2113 1239 2182 συνυπάρχων
1265 2116 1423 2169 ἀϊδίως
1454 2116 1594 2185 αὐτῷ,
1620 2115 1755 2166 εἰκών
1780 2138 1830 2166 τε
1865 2117 1942 2166 καὶ

347 2196 592 2263 χαρακτὴρ
632 2199 715 2261 τῆς
758 2197 1071 2250 ὑποστάσεως
1113 2198 1256 2248 αὐτοῦ
1304 2198 1380 2248 καὶ
1426 2197 1652 2265 ὑπάρχων
1690 2199 1765 2248 καὶ
1811 2197 1942 2249 νοού-

347 2300 501 2340 μενος,
532 2277 618 2343 τὴν
649 2277 795 2343 αὐτὴν
827 2280 953 2349 αὐτῷ
986 2278 1192 2345 γνώμην,
1220 2278 1275 2330 ἵν’
1303 2280 1449 2332 οὕτως
1483 2279 1610 2342 ε’ίπω,
1639 2281 1714 2330 καὶ
1749 2278 1835 2344 τὴν
1866 2280 1939 2350 ἐφ’
1961 2301 2009 2342 25

349 2358 529 2411 ἅπασιν
573 2361 808 2428 ἐνέργειαν
852 2361 959 2429 ἔχει.
1036 2362 1111 2412 ἵνα
1161 2361 1256 2428 γὰρ
1301 2361 1470 2430 διδάξῃ
1521 2365 1695 2430 σαφῶς
1745 2361 1817 2412 ὅτι
1866 2363 1942 2413 καὶ

347 2443 670 2508 συνεθελητής
709 2445 812 2494 ε’στι
848 2442 968 2510 πρὸς
1003 2442 1192 2495 ἅπαντα
1218 2448 1284 2512 τῷ
1313 2443 1579 2510 Γεννήτορι,
1605 2448 1740 2506 ποιῶ,
1767 2445 1938 2512 φησὶν,

349 2523 482 2575 οὐδὲν
512 2526 590 2577 ἀπ’
619 2528 839 2589 ἐμαυτοῦ·
883 2525 1046 2589 ὅμοιον
1071 2524 1165 2592 γὰρ
1194 2528 1256 2579 ὡς
1283 2529 1320 2577 εὶ
1348 2524 1512 2592 ’ἔλεγεν
1539 2527 1644 2577 Οὐκ
1678 2526 1946 2596 ἐξῴκισμαί

307 2630 429 2665 εἴποι
463 2607 583 2674 πρὸς
620 2609 740 2659 ἰδίαν
766 2607 870 2660 τινὰ
907 2608 1122 2673 θέλησιν,
1150 2607 1235 2672 τὴν
1267 2609 1350 2659 οὐκ
1388 2610 1589 2659 ἐνοῦσαν
1619 2612 1686 2679 τῷ
1720 2612 1830 2679 Θεῷ
1866 2610 1941 2660 καὶ

398 2746 427 2768 1.
454 2733 513 2777 τῆς
530 2739 751 2777 assumptum
771 2744 813 2766 ex
831 2744 892 2767 a.c.
912 2732 1020 2768 Cord.
1117 2745 1150 2775 4.
1177 2734 1195 2766 ὁ
1213 2733 1270 2767 alt.
1291 2738 1515 2778 assumptum
1535 2745 1575 2767 ex
1595 2745 1625 2767 a.
1645 2734 1689 2768 cf.
1705 2746 1812 2780 supra
1830 2734 1896 2780 238
1909 2746 1938 2776 c,

348 2783 413 2825 367
430 2780 465 2815 b.
587 2789 620 2824 5.
646 2781 746 2815 αὐτός
764 2792 834 2814 om.
854 2792 885 2814 a.
903 2780 947 2814 cf.
967 2792 1074 2825 supra
1090 2781 1126 2814 11.
1146 2791 1196 2814 co.
1324 2780 1355 2813 6.
1383 2779 1504 2826 τυχὸν]
1525 2781 1648 2815 λοιπὸν
1665 2792 1695 2815 a.
1818 2782 1851 2816 8.
1877 2781 1906 2815 εἰ
1922 2793 1940 2815 e

349 2828 426 2862 Cat.
446 2827 644 2861 emendavit
662 2827 756 2861 Aub.
776 2833 809 2861 et
826 2827 874 2861 ita
891 2839 921 2861 a.
941 2827 996 2861 ὅτε
1016 2828 1059 2862 Β.
1082 2827 1198 2861 Holst.
1391 2838 1443 2861 10.
1470 2827 1673 2862 ἐπιτελεῖται
1691 2839 1722 2862 a.
1742 2827 1819 2863 Cat.
1840 2828 1938 2863 Harl.

352 2886 403 2919 13.
424 2875 477 2908 καὶ
496 2874 693 2908 secundum
711 2886 781 2907 om.
801 2886 865 2908 a.c.
886 2873 994 2908 Cord.
1054 2875 1106 2908 καὶ
1125 2872 1207 2919 ult.]
1227 2878 1262 2914 -4—
1280 2874 1315 2907 ἐκ
1334 2886 1361 2907 c.
1383 2873 1491 2908 Cord.
1592 2886 1644 2917 14.
1663 2889 1700 2909 τε
1717 2881 1939 2920 assumptum

347 2934 388 2955 ex
409 2933 437 2954 c.
459 2921 564 2955 Cord.
675 2921 728 2955 16.
753 2921 860 2955 Οὐδὲν
877 2920 932 2955 ἀπ’
953 2921 1098 2965 ἐμαυτοῦ
1115 2921 1182 2955 hoe
1202 2920 1324 2954 ordine
1344 2921 1421 2955 B.a.
1547 2931 1598 2966 17.
1625 2921 1642 2963 ἢ
1661 2922 1758 2966 prius
1778 2922 1853 2956 B.a.
1876 2922 1938 2956 Ht.

348 2968 402 3001 καὶ
420 2968 513 3002 Aub.
663 2969 715 3001 18.
743 2968 948 3010 διακείμενος
967 2980 997 3002 a.
1017 2969 1165 3013 κείμενος
1185 2967 1250 3001 Ed.
1399 2979 1451 3012 19.
1479 2968 1676 3004 διδακτικῶς
1693 2980 1722 3003 a.
1742 2968 1819 3004 Cat.
1840 2968 1938 3003 Harl.

349 3026 405 3048 20.
434 3015 538 3049 ἐκεῖνο
559 3014 636 3049 Cat.
658 3014 757 3048 Harl.
778 3015 901 3050 ἐκεῖνος
921 3015 986 3048 Ed.
1134 3026 1188 3060 29.
1216 3013 1319 3059 θέλην
1340 3014 1379 3049 Β.
1432 3015 1643 3050 Emendavit
1661 3016 1725 3050 Ht.
