2084 3317
126 118 180 158 vi.
197 130 266 173 45.
375 119 450 160 IN
493 120 536 161 S.
568 119 904 161 JOANNEM.
967 118 1091 160 LIB.
1125 118 1204 159 IV.
1267 118 1400 159 CAP.
1434 119 1469 159 I.
1633 118 1717 157 509

125 228 268 294 ἀννης
294 236 320 259 “
344 232 437 280 Καὶ
472 231 598 293 ὑμεῖς
633 229 687 281 τὸ
723 231 907 298 χρίσμα
942 228 967 280 ὃ
1003 228 1198 290 ἐλάβετε
1234 229 1313 279 ἀπ’
1342 229 1486 278 αὐτοῦ
1518 228 1642 291 με’νει
1670 228 1717 277 ἐν

126 318 153 341 “
180 313 300 374 ὑμῖν,
331 314 405 362 καὶ
444 312 498 362 οὐ
536 312 697 378 χρείαν
734 311 861 379 ἔχετε
898 313 974 362 ἵνα
1007 334 1076 364 τις
1112 308 1314 378 διδάσκῃ
1348 311 1480 372 ὑμᾶς,
1512 306 1622 358 ἀλλ’
1655 309 1718 361 ὡς

126 399 153 422 “
179 393 232 443 τὸ
259 394 400 443 αὐτοῦ
426 393 612 460 χρίσμα
647 392 857 444 διδάσκει
894 394 1011 456 ὑμᾶς
1045 395 1149 459 περὶ
1186 390 1422 443 πάντων.”
1478 392 1554 441 καὶ
1581 389 1763 442 αὑτὸςῖο

125 474 180 525 δέ
206 498 300 526 που
335 477 486 543 φησὶν
522 475 547 525 ὁ
585 474 767 541 Σωτὴρ,
795 476 857 528 ὡς
891 476 998 540 περὶ
1035 479 1118 525 τοῦ
1152 472 1475 539 παρακλήτου,
1502 472 1719 523 τουτέστι

579 554 736 607 “’Έτι
784 555 950 607 πολλὰ
1002 555 1095 624 ἔχω
1148 555 1304 622 λέγειν
1349 557 1469 619 ὑμῖν,
1509 553 1622 605 ἀλλ’
1665 554 1720 605 οὐ

83 564 105 604 5
125 562 207 607 τοῦ
254 556 532 619 Πνεύματος

126 644 153 667 “
180 638 386 689 δύνασθε
413 637 670 705 βαστάζειν
696 638 817 704 ἄρτι·
862 637 976 688 ὅταν
1003 637 1050 688 δὲ
1087 637 1207 706 ἐ’λθῃ
1243 639 1424 700 ἐκεῖνος,
1452 636 1506 688 τὸ
1535 643 1721 701 πνεῦμα

126 726 154 749 “
179 723 261 784 τῆς
287 720 523 785 ἀληθείας,
552 718 777 785 ὁδηγήσει
804 721 923 782 ὑμᾶς
948 721 996 769 ἐν
1023 723 1083 787 τῇ
1111 720 1310 788 ἀληθείᾳ
1335 718 1489 787 πάσῃ·
1546 720 1599 769 οὐ
1626 718 1720 785 γὰρ

128 809 154 831 “
179 802 387 867 λαλήσει
431 803 513 870 ἀφ’
554 802 736 859 ἑαυτοῦ,
778 799 891 851 ἀλλ’
932 800 1028 852 ὅσα
1073 801 1228 852 ἀκούει
1274 801 1499 866 λαλήσει,
1542 802 1617 852 καὶ
1662 800 1722 851 τὰ

127 891 153 914 “
180 882 408 951 ἐρχόμενα
433 885 689 949 ἀναγγελεῖ
717 884 838 946 ὑμῖν.
893 884 1062 937 ἐκεῖνος
1097 882 1175 946 ἐμὲ
1211 882 1420 952 δοξάσει,
1449 883 1520 934 ὅτι
1556 885 1604 934 ἐκ
1639 889 1723 934 τοῦ

57 981 106 1006 10
125 971 154 995 ‘⁶
178 967 290 1028 ε’μοῦ
315 964 539 1034 λήψεται,
568 967 642 1015 καὶ
670 967 929 1031 ἀναγγελεῖ
960 966 1112 1029 ὑμῖν.”
1165 971 1349 1029 πνεῦμα
1381 964 1474 1032 γὰρ
1500 966 1723 1029 ἀληθείας

125 1046 352 1115 ὑπάρχον,
387 1046 741 1115 φωταγωγήσει
774 1046 883 1100 τοὺς
917 1049 966 1098 ἐν
999 1046 1066 1100 οἷς
1103 1046 1161 1097 ἀν
1192 1046 1387 1112 γε’νοιτο,
1416 1049 1491 1098 καὶ
1526 1049 1601 1099 ἐπὶ
1636 1046 1723 1111 τὴν

123 1133 206 1193 τῆς
245 1130 464 1194 ἀληθείας
504 1128 853 1197 χειραγωγήσει
891 1128 1184 1198 κατάληψιν.
1243 1131 1318 1180 καὶ
1355 1129 1504 1180 ταῦτά
1540 1133 1718 1197 φαμεν,

125 1212 213 1279 οὐχ
250 1214 312 1265 ὡς
349 1210 713 1280 κατασχίζοντες
751 1215 814 1266 εἰς
849 1210 1214 1278 ἀλλοτριότητα,
1247 1215 1323 1262 καὶ
1361 1215 1421 1265 εἰς
1460 1211 1514 1262 τὸ
1555 1214 1718 1279 διῃρη-
1740 1229 1763 1257 0

125 1294 275 1357 με’νως
310 1293 429 1345 κατὰ
463 1293 516 1345 τὸ
551 1291 700 1358 πᾶνῆ
736 1292 818 1344 τὸν
847 1293 1041 1360 Πατέρα
1073 1292 1274 1348 τιθέντες
1306 1299 1389 1344 τοῦ
1414 1297 1546 1357 Υἱοῦ,
1574 1293 1724 1360 ἤγουν

60 1388 107 1427 15
126 1375 209 1427 τὸν
235 1376 352 1428 Υὶὸν
384 1382 466 1427 τοῦ
500 1376 703 1442 Πατρὸς,
738 1376 847 1425 ἀλλ’
877 1375 981 1426 οὐδὲ
1019 1375 1074 1426 τὸ
1111 1379 1307 1440 Πνεῦμα
1345 1375 1399 1426 τὸ
1429 1374 1603 1442 ρἈγιον
1640 1382 1723 1427 τοῦ

128 1457 321 1525 Πατρὸς
356 1460 432 1510 καὶ
463 1464 545 1509 τοῦ
572 1461 703 1521 Υἱοῦ,
732 1459 842 1508 ἀλλ’
871 1458 999 1524 εἴπερ
1034 1459 1118 1522 μία
1153 1457 1315 1523 θεότης
1353 1459 1462 1509 ἐστί
1491 1482 1540 1509 τε
1578 1458 1725 1512 ὅντως·

127 1542 205 1591 καὶ
240 1542 361 1592 οὕτω
397 1540 673 1607 κηρύττεται
708 1541 757 1591 ἐν
788 1543 846 1607 τῇ
886 1540 999 1609 ἁγία
1038 1542 1113 1591 καὶ
1153 1541 1391 1609 ὁμοουσίῳ
1431 1539 1723 1607 θεωρουμένη

128 1621 312 1689 Τριάδι,
353 1623 410 1674 τὰ
451 1622 639 1692 ἑκάστῳ
683 1620 1057 1689 προσαπτόμενα
1103 1625 1179 1673 καὶ
1225 1623 1349 1677 ἰδίως
1396 1624 1724 1674 ἀνατεθεῖσθαι

129 1707 369 1768 δοκοῦντα,
395 1705 558 1770 πάσης
594 1703 708 1756 εἶναι
743 1704 1045 1771 διοριζόμενοι
1080 1708 1163 1769 τῆς
1199 1704 1419 1770 θεότητος
1455 1703 1638 1764 βουλάς
1673 1727 1723 1756 τε

59 1810 108 1835 20
129 1789 204 1838 καὶ
231 1788 474 1854 ἐνεργείας.
531 1786 772 1853 ε’νεργήσει
805 1785 899 1852 γὰρ
936 1787 990 1837 δι’
1019 1786 1184 1850 ἑαυτῆς
1219 1787 1272 1837 οὐ
1307 1786 1658 1853 μεμερισμένως
1695 1787 1723 1851 ἦ

128 1870 228 1920 θεία
272 1893 322 1921 τε
360 1872 435 1921 καὶ
482 1870 741 1936 ἀδιαίρετος
790 1868 950 1937 φύσις,
990 1867 1109 1919 ὅσον
1146 1869 1256 1933 ἧκεν
1295 1872 1357 1922 εἷς
1395 1868 1478 1920 τὸν
1517 1869 1597 1919 ἕνα
1641 1872 1725 1933 τῆς

128 1950 348 2016 θεότητος
392 1950 554 2018 λόγον,
599 1955 636 2003 εἰ
681 1953 756 2002 καὶ
799 1951 1037 2019 ὑφέστηκε
1079 1955 1174 2001 τῶν
1216 1951 1479 2015 νοουμένων
1520 1951 1769 2003 ἕκαστονᾱ

128 2032 489 2088 ἰδιοσυστάτως·
531 2033 635 2084 ε”στι
661 2032 754 2100 γὰρ
781 2032 806 2083 ὅ
832 2034 964 2084 ἐστιν
991 2033 1016 2083 ὁ
1046 2031 1229 2100 Πατὴρ,
1258 2035 1333 2084 καὶ
1361 2034 1385 2084 ὁ
1410 2032 1525 2087 Υἱὸς
1553 2034 1724 2098 ὁμοίως

127 2117 204 2167 καὶ
229 2116 283 2167 τὸ
303 2116 476 2183 ρἈγιον
506 2120 717 2179 Πνεῦμα.
759 2113 878 2182 πρὸς
905 2114 961 2165 δέ
980 2137 1035 2181 γε
1062 2119 1159 2169 τοῖς
1186 2115 1440 2182 εἰρημένοις
1463 2120 1718 2182 περιαθρη-

59 2214 108 2254 25
128 2197 234 2249 τέον
261 2200 459 2250 κάκεῖνο·
488 2197 548 2249 τὰ
574 2197 692 2264 πρός
717 2220 762 2248 τι
788 2220 888 2251 πως
916 2196 1087 2264 ἔχοντα
1111 2202 1206 2249 τῶν
1231 2196 1489 2262 ὀνομάτων,
1516 2197 1635 2248 αὐτὰ
1666 2199 1721 2249 δι’

129 2281 309 2349 ἀμφοῖν
346 2279 629 2347 γνωρίζεται,
670 2280 746 2330 καὶ
790 2278 876 2343 τὴν
916 2285 1001 2330 τοῦ
1045 2278 1146 2334 ἑνὸς
1189 2279 1405 2345 δήλωσιν
1446 2282 1494 2330 ἐν
1540 2284 1598 2348 τῇ
1640 2285 1725 2330 τοῦ

129 2362 285 2430 ἑτέρου
312 2363 490 2414 κατίδοι
522 2385 591 2416 τις
623 2361 696 2412 ἄν.
749 2362 915 2412 οὐκοῦν
942 2360 1125 2428 ἀνάγκη
1151 2361 1237 2426 μὲν
1262 2367 1400 2414 πᾶσα
1427 2361 1503 2412 διὰ
1531 2360 1725 2428 Πατρὸς

130 2444 556 2497 ἀποκαλύπτεσθαι
582 2443 664 2496 τὸν
689 2443 820 2507 Υἱὸν,
846 2443 900 2494 δι’
929 2447 1047 2495 Υἱοῦ
1074 2444 1118 2494 δ’
1148 2445 1207 2495 αὖ
1231 2443 1381 2496 πάλιν
1407 2443 1489 2495 τὸν
1511 2444 1720 2511 Πατερα·

129 2527 465 2593 συνεισάγεται
508 2526 601 2594 γὰρ
647 2525 836 2580 πάντως
887 2525 1069 2596 θατέρῳ
1119 2524 1174 2578 τὸ
1226 2527 1396 2592 ἕτερον,
1440 2527 1516 2577 καὶ
1567 2525 1609 2576 εἴ
1654 2549 1724 2580 τις

58 2629 110 2666 3ο
131 2610 267 2674 εἰδείη
315 2608 506 2676 Πατέρα
554 2613 614 2677 τῇ
662 2609 807 2678 φύσει
855 2607 938 2660 τὸν
984 2607 1122 2671 Θεὸν,
1164 2607 1375 2673 ἐννοήσει
1426 2607 1483 2672 δὴ
1534 2607 1764 2662 πάντωςθ

180 2792 214 2826 5.
241 2783 355 2829 λέγειν
372 2784 449 2826 ὑμῖν
462 2783 528 2817 hoc
547 2783 667 2817 ordine
688 2783 728 2817 Β.
850 2783 882 2817 6.
910 2783 1034 2819 ἐκεῖνος
1053 2782 1099 2816 D.
1120 2782 1224 2816 ἐκεῖνο
1243 2780 1310 2815 Ed.
1431 2793 1464 2826 9.
1491 2757 1663 2825 εείίρχόμενα
1683 2780 1726 2814 Β.

133 2830 382 2874 ἐκεῖνος-ὑμῖν
399 2836 581 2874 assumpta
598 2842 640 2864 ex
660 2830 754 2864 RD.
774 2829 927 2875 Georgio
946 2831 1094 2875 Trapez.
1298 2827 1352 2862 16.
1379 2826 1473 2873 εἴπερ
1491 2826 1568 2873 μία]
1588 2827 1726 2871 ἐπείπερ

132 2878 201 2922 ἅμα
221 2877 263 2912 Β.
330 2879 367 2912 τὸ
386 2889 448 2923 pro
466 2892 501 2911 τε
524 2877 565 2910 Β.
663 2888 718 2921 ²3-
745 2878 763 2910 ὁ
781 2877 840 2912 alt.
859 2889 930 2911 om.
952 2877 993 2911 B.
1104 2875 1160 2910 26.
1187 2877 1247 2910 τοῦ
1265 2875 1362 2920 prius
1381 2886 1452 2909 om.
1473 2875 1514 2909 B.
1614 2875 1669 2908 28.
1696 2873 1725 2908 δ’

133 2924 190 2970 αὖ]
211 2925 246 2958 δέ
266 2924 306 2959 Β.
452 2935 507 2969 29.
534 2922 618 2969 γὰρ]
639 2923 674 2957 δέ
696 2924 737 2958 Β.

1783 215 1940 247 1S.J0an.

1779 270 1812 290 11.
1834 267 1884 298 27.

1781 544 1877 576 Infra

1781 598 1848 619 xw.
1865 597 1876 618 1
1887 597 1925 618 2-

1786 640 1836 671 14.
