2084 3317
113 420 274 470 SQlatth.

114 475 180 494 vm.
196 473 207 494 Ι
220 473 244 494 1.

118 723 166 745 10.

115 1002 213 1032 l'rov.
233 1012 263 1031 v.

121 1055 169 1076 22.

120 1243 173 1273 Es.
194 1243 213 1272 i.

123 1294 236 1325 11—14.

335 151 419 189 208
739 151 787 191 Β.
821 149 1093 190 CYRILLI
1136 147 1513 189 ALEXANDR.
1793 146 1837 187 ii.
1859 159 1922 197 14.

335 257 469 309 αὐτά·
514 260 837 310 συνανέκειντο
873 258 967 325 γὰρ
1000 263 1096 312 τοῖς
1130 258 1427 320 ἑστιωμένοις
1463 260 1505 307 οἱ
1540 253 1666 321 ἅγιοι
1699 255 1920 318 μαθηταί·

336 342 411 391 καὶ
447 344 529 404 τῆς
566 341 690 394 θείας
726 344 801 391 καὶ
835 343 1147 404 πνευματικῆς
1179 338 1562 407 συμμεθέξουσιν
1597 338 1772 403 ἑορτῆς,
1805 334 1926 386 καθὰ

336 425 410 473 καὶ
463 422 600 477 αὑτός
652 446 746 474 που
798 423 949 491 φησίν
993 421 1156 472 ιί”Οτι
1199 423 1378 472 πολλοὶ
1422 419 1515 471 ἀπὸ
1561 421 1806 470 ἀνατολῶν
1851 421 1926 470 καὶ

337 511 363 533 “
391 508 586 566 δυσμῶν
630 505 802 573 ἥξουσι
848 506 924 554 καὶ
967 502 1369 566 ἀνακλιθήσονται
1414 501 1531 566 μετὰ
1574 499 1799 566 “Αβραὰμ
1852 503 1927 551 καὶ

1948 595 1969 632 (ἆὶ

338 585 399 615 cc‘
509 585 521 603 x
660 588 673 604 x
713 585 723 600 ‚
826 585 838 600 x
910 586 933 600 ‚.
1017 586 1025 600 ‚
1115 584 1128 599 x
1246 586 1256 600 ‚
1317 589 1338 598 Α
1425 587 1435 600 ‚
1665 584 1674 598 2
1778 583 1788 597 ‚
1890 583 1900 598 ι

405 590 557 636 Ισαακ
602 609 676 637 και
732 590 905 647 Ιακωβ,
977 587 1160 638 ουδενος
1202 607 1356 638 αυτοις·
1401 607 1461 637 εις
1501 586 1729 646 θυμηδιαν
1766 589 1923 632 ελλει-

115 670 523 721 Εἱᾘηὺποντος·
583 675 610 697 “
637 667 928 735 Εὐφροσύνη
969 665 1062 732 γὰρ
1102 666 1283 719 αἰώνιος
1323 665 1438 731 ὑπὲρ
1478 667 1690 732 κεφαλῆς
1731 663 1925 716 αὐτῶν.”

336 749 444 804 τοὺς
495 749 543 800 δὲ
594 749 944 813 ἀπειθήσαντας
993 748 1244 801 Ἰουδαίους
1295 746 1454 799 τόπων
1504 745 1588 809 μὲν
1638 750 1732 796 τῶν
1783 747 1929 812 ἁγίων

337 835 541 893 ἐκβαλεῖ,
568 831 659 900 ἐξω
687 831 735 882 δὲ
763 830 899 895 θήσει
924 834 1007 894 τῆς
1040 835 1162 897 ἱερᾶς
1188 834 1283 881 τῶν
1309 830 1455 896 ἁγίων
1481 831 1754 895 περιβολῆς·
1797 826 1929 879 ἀλλὰ

339 917 413 964 καὶ
446 913 783 979 προσάγοντας
818 911 877 963 τὰ
911 916 974 967 εἷς
1009 911 1179 963 θυσίαν
1205 913 1258 963 οὐ
1283 911 1613 979 προσδέξεται·
1657 908 1855 960 κολάσει
1881 909 1929 960 δὲ

339 1000 531 1059 μᾶλλον
570 997 646 1046 καὶ
683 995 884 1060 μάστιγι
923 993 1166 1058 ὑποθήσει,
1202 998 1381 1060 σειραῖς
1419 997 1513 1044 τῶν
1549 991 1725 1042 οἰκείων
1759 998 1923 1056 πλημ-
1953 1011 2001 1036 10

340 1075 626 1141 μελημάτων
665 1076 1081 1143 κατεσφιγμένους.
1136 1075 1271 1126 σ’ίκουε
1309 1073 1402 1140 γὰρ
1441 1074 1664 1139 λέγοντος
1705 1072 1930 1139 ις”Αρατε

341 1166 368 1188 “
395 1165 543 1210 ταῦτα
581 1157 831 1221 ἐντεῦθεν,”
864 1158 939 1208 ἵνα
976 1157 1124 1208 πάλιν
1158 1159 1305 1208 ἐκεῖνα
1344 1160 1465 1224 νοῇς,
1499 1153 1530 1206 ἃ
1569 1154 1624 1219 δὴ
1664 1158 1740 1206 καὶ
1777 1155 1930 1206 πάλαι

343 1240 418 1292 διὰ
446 1244 606 1309 φωνῆς
632 1246 715 1291 τοῦ
743 1238 992 1308 προφήτου
1028 1241 1179 1309 φησὶν
1204 1238 1412 1290 “Ησαἰ”ου
1440 1245 1467 1268 “
1485 1236 1931 1300 εΟλοκαυτωμάτων

303 1330 370 1369 <3“
397 1327 552 1389 κριῶν,
585 1324 660 1373 καὶ
696 1322 843 1388 στέαρ
882 1323 1037 1388 ἀρνῶν
1071 1324 1146 1372 καὶ
1181 1320 1296 1384 αἷμα
1327 1320 1512 1387 ταύρων
1548 1321 1623 1370 καὶ
1658 1318 1846 1386 τράγων
1877 1321 1931 1371 οὐ

344 1413 370 1435 “
395 1404 646 1467 βούλομαι,
667 1404 765 1454 οὐδ’
796 1403 853 1454 ἂν
876 1404 1080 1471 ἐρχησθε
1106 1404 1314 1472 ὀφθῆναί
1334 1425 1429 1467 μοι.
1470 1404 1539 1455 τίς
1564 1401 1657 1468 γὰρ
1683 1401 1930 1472 ἐξεζήτησε
1956 1421 2002 1459 15

343 1495 369 1517 ‘⁶
395 1492 544 1538 ταῦτα
582 1488 632 1537 ἐκ
669 1490 764 1536 τῶν
801 1490 970 1554 χειρῶν
1009 1487 1167 1549 ὑμῶν;
1224 1490 1388 1536 πατεῖν
1427 1482 1514 1548 τὴν
1556 1483 1707 1548 αὐλήν
1746 1507 1838 1548 μου
1878 1486 1931 1535 οὐ

341 1577 369 1599 “
394 1567 756 1635 προσθήσεσθε·
816 1568 896 1618 ἐὰν
935 1567 1105 1636 φέρητε
1144 1567 1411 1631 σεμίδαλιν,
1448 1567 1661 1631 μάταιον·
1709 1567 1931 1630 θυμίαμα,

343 1659 370 1681 “
394 1649 645 1716 βδέλυγμά
679 1673 757 1713 μοι
793 1650 907 1700 ἐστι’·
948 1649 1032 1703 τὰς
1070 1649 1312 1714 νεομηνίας
1349 1651 1477 1713 ὑμῶν
1503 1651 1578 1699 καὶ
1610 1648 1668 1700 τὰ
1704 1648 1935 1710 σάββατα

345 1741 372 1763 “
400 1734 476 1784 καὶ
515 1733 692 1798 ἡμέραν
730 1730 948 1797 μεγάλην
987 1732 1071 1782 οὐκ
1110 1732 1345 1799 ἀνέχομαι·
1393 1732 1613 1796 νηστείαν
1652 1730 1726 1781 καὶ
1765 1732 1935 1797 ἀργίαν

344 1823 371 1845 “
398 1817 472 1865 καὶ
500 1813 584 1867 τὰς
610 1813 772 1879 ἑορτὰς
809 1815 937 1876 ὑμῶν
963 1814 1145 1877 μισεΐὴ
1174 1813 1311 1882 ψυχή
1337 1832 1443 1877 μου·
1497 1812 1754 1878 ἐγενήθητέ
1768 1836 1847 1876 μοι
1874 1816 1933 1865 εἷς
1956 1837 2005 1861 20

346 1904 372 1926 “
399 1895 702 1960 πλησμονὴν,
749 1895 899 1946 οὐκέτι
951 1895 1116 1959 ἀνήσω
1168 1895 1252 1950 τὰς
1303 1896 1530 1961 ἁμαρτίας
1578 1894 1750 1959 ὑμῶν.”
1821 1894 1936 1961 ὅπερ

302 1987 330 2028 d
347 1979 521 2044 ἄριστα
556 1977 632 2028 διὰ
664 1978 812 2029 τύπου
847 1977 1066 2041 σημαίνει
1092 1976 1146 2028 τὸ
1174 1980 1223 2028 ἐκ
1249 1978 1474 2045 σχοινίων
1500 1978 1655 2029 αὐτοῖς
1681 1975 1935 2041 ἐπινοήσας

348 2060 662 2130 φραγέλλιον·
719 2058 963 2113 κολάσεως
988 2058 1080 2125 γὰρ
1107 2064 1304 2123 σημεῖον
1330 2062 1376 2109 αἱ
1402 2058 1648 2124 μάστιγες.

400 2245 428 2266 1.
455 2232 491 2266 δέ
510 2244 571 2276 pro
588 2232 654 2277 γὰρ
674 2231 715 2264 Β.
930 2245 963 2273 4.
989 2230 1282 2274 ἀνακληθὴσονται
1303 2230 1395 2265 Β.Ι).
1611 2242 1644 2275 9.
1671 2229 1727 2276 οὐ]
1752 2234 1786 2270 -1»
1809 2231 1875 2275 γὰρ
1897 2231 1937 2265 Β.

352 2291 405 2314 10.
431 2278 596 2322 ὑποθήσει
615 2279 668 2312 καὶ
684 2278 825 2323 μάστιγι
844 2278 983 2311 inverso
1001 2277 1123 2311 ordine
1144 2278 1184 2310 B.
1348 2289 1401 2321 13.
1429 2278 1715 2321 ὁλοκαυτωμάτων
1733 2277 1837 2311 edidi.
1855 2279 1937 2311 ὁλο-

349 2326 504 2370 καύτωμα
521 2329 587 2359 τῶν
606 2324 671 2359 Ed.
725 2324 836 2370 [Alibi
856 2325 901 2358 D.
922 2323 1042 2369 Cyrilli
1061 2323 1196 2358 codices
1215 2324 1304 2357 inter
1321 2325 1608 2368 ὁλοκαυτωμάτων
1625 2330 1658 2357 et
1675 2325 1937 2367 ὁλοκαυτώματα

349 2373 495 2407 oscitare
513 2372 695 2406 videntur:
722 2371 800 2405 vide
818 2372 852 2404 in
872 2371 918 2404 xii
934 2371 1062 2415 Proph.
1078 2380 1143 2415 307
1157 2382 1187 2411 a,
1203 2372 1270 2415 829
1283 2383 1312 2410 c,
1327 2371 1388 2404 ubi
1406 2370 1483 2404 cod.
1501 2371 1541 2404 B.
1560 2372 1823 2414 ὁλοκαυτώματα
1840 2377 1938 2405 utro-

350 2432 417 2465 que
435 2420 470 2452 in
489 2420 565 2453 loco
583 2418 743 2452 exhibet:
770 2419 807 2451 in
826 2417 953 2462 Glaph.
973 2428 1013 2462 19
1027 2429 1057 2457 a,
1078 2429 1169 2451 unus
1188 2429 1205 2450 e
1223 2417 1323 2451 codd.
1344 2418 1476 2451 collatis
1495 2419 1757 2460 ὁλοκαυτώματα
1775 2417 1936 2451 exhibet:

350 2472 483 2505 contra,
504 2466 558 2499 De
577 2465 645 2499 Ad.
665 2476 707 2510 57
721 2465 755 2504 b,
775 2477 792 2498 e
810 2464 990 2498 codicibus
1010 2476 1029 2497 a
1044 2463 1231 2498 Theodoro
1253 2464 1368 2508 Heyse
1387 2464 1532 2505 collatis,
1551 2476 1644 2498 unus
1663 2463 1741 2498 cod.
1761 2463 1839 2498 Vat.
1857 2474 1937 2509 599.

351 2525 418 2547 sec.
437 2513 507 2546 xiv.
526 2511 746 2555 ὁλοκαύτωμα
763 2515 829 2545 τῶν
846 2510 959 2556 legit]
1140 2511 1192 2544 18.
1220 2511 1391 2554 νεομηνίας
1412 2511 1451 2544 B.
1473 2511 1532 2555 (cf.
1552 2511 1587 2544 in
1608 2510 1653 2544 xii
1674 2510 1801 2555 Proph.
1821 2521 1887 2556 307
1907 2522 1937 2551 a,

349 2560 440 2593 inter
456 2571 546 2593 varr.
563 2558 757 2601 lectiones.)
777 2557 952 2601 νουμηνίας
971 2556 1036 2591 Ed.
1115 2557 1292 2602 σάββατα]
1316 2561 1353 2598 -1-
1374 2558 1465 2601 ὑμῶν
1485 2557 1525 2591 Β.
1547 2558 1642 2602 (304,
1663 2567 1743 2602 305,
1762 2567 1828 2603 307
1849 2569 1936 2603 quo-

350 2618 430 2640 rum
448 2617 516 2651 304
534 2612 567 2640 et
584 2616 650 2651 307
671 2605 707 2640 S.
728 2605 847 2639 Basilii
863 2604 1172 2638 commentationes
1191 2604 1332 2644 habent,
1351 2615 1418 2649 305
1437 2604 1624 2648 catenam).

1668 2699 1687 2717 Ο
