2084 3317
326 143 409 182 468
730 143 778 183 Β.
813 144 1086 184 CYRILLI
1129 144 1509 185 ALEXANDR.
1683 143 1739 184 vi.
1758 156 1826 198 32,
1844 155 1912 198 33.

326 273 441 301 τιον.
512 251 689 306 ἀκούεις
732 251 824 318 γὰρ
875 253 1001 305 ὅπως
1046 254 1384 318 ἐκπικραίνεται
1434 253 1542 303 λίαν
1588 253 1613 303 6
1660 250 1913 315 νομοθέτης

326 333 395 383 ἐπ’
438 334 593 387 αὐτοῖς
613 356 623 393 ;

102 414 225 497 {3435‘23
401 423 426 444 ‘⁸
451 418 543 465 Καὶ
569 414 666 466 εἶπε
696 419 913 478 Μωυσῆς
938 415 1059 482 πρὸς
1083 416 1274 481 Ἀαρών
1302 415 1434 476 Λάβε
1462 415 1678 479 στάμνον
1703 419 1915 482 χρυσοῦν

186 491 214 498 Η
327 505 351 525 “
381 498 459 547 ἕνα
501 500 576 548 καὶ
614 495 846 559 ἐμβάλετε
889 501 951 550 εἰς
995 495 1136 547 αὑτὸν
1168 500 1349 562 πλῆρες
1386 496 1440 548 τὸ
1479 497 1633 563 γόμορ
1667 495 1802 558 Μάν,
1838 497 1914 546 καὶ

260 599 263 601 ·
326 587 350 608 “
379 580 636 642 ἀποθήσεις
676 579 789 629 αὐτὸ
829 580 1037 629 ἐναντίον
1070 584 1153 629 τοῦ
1190 582 1315 629 Θεοῦ
1355 582 1418 633 εἷς
1457 578 1780 644 διατήρησιν.”
1833 579 1907 628 εὕ-
1935 598 1957 635 5

324 684 484 726 καιρον
512 660 658 713 ὅντως
685 662 760 710 καὶ
787 661 862 711 ἐπὶ
898 659 1048 729 τούτῳ
1085 659 1142 724 δὴ
1179 662 1289 710 λίαν
1316 660 1733 727 ἀποθαυμάζοντας
1760 659 1914 726 λέγειν

103 738 185 819 {³3¹⁰
210 739 251 769 Χῖ·
326 750 354 771 “
373 742 439 792 ςΩ
465 740 613 802 βάθος
638 742 852 793 πλούτου
879 745 954 793 καὶ
982 744 1160 810 σοφιάς
1186 745 1262 793 καὶ
1289 742 1512 808 γνώσεως
1534 743 1704 794 Θεοῦ·”
1739 741 1913 793 ἀκατά-

324 831 507 888 ληπτος
549 823 643 890 γὰρ
686 824 832 878 ὅντως
873 826 899 888 ή
939 824 1286 890 ἐγκεκρυμμένη
1325 825 1519 878 σύνεσις
1557 829 1657 879 ταῖς
1696 824 1913 875 θεοπνεύ-

101 909 188 991 ffel.
207 911 258 941 ‘'³5-
282 927 302 953 e
322 929 454 960 στοις
481 911 710 976 γραφαῖς,
741 914 766 936 “
786 909 861 958 καὶ
888 906 1013 967 βαθὺ
1039 907 1202 970 βάθος,
1230 907 1350 958 κατὰ
1387 907 1441 958 τὸ
1477 905 1820 973 γεγραμμένον,
1844 908 1914 960 τίς

647 990 845 1005 99999

322 996 349 1017 “
376 988 564 1055 εὑρήσει
603 1012 750 1052 αυτο,
826 993 938 1058 ορᾲς
977 989 1133 1041 τοίνυν
1169 989 1297 1044 ὅπως
1333 990 1442 1054 ἡμῖν
1476 992 1550 1041 καὶ
1587 991 1611 1040 6
1649 993 1914 1043 τελευταῖος
1939 1013 1985 1038 10

318 1076 391 1124 ἐπὶ
437 1073 617 1128 τούτοις
663 1073 930 1139 διήρτισται
970 1073 1131 1139 λόγος.
1197 1074 1353 1139 ἐπειδὴ
1395 1073 1488 1141 γὰρ
1531 1073 1670 1128 αὐτὸς
1711 1074 1821 1138 ἡμῖν
1858 1072 1913 1124 τὸ

320 1155 473 1216 μάννα
518 1155 571 1206 τὸ
617 1155 845 1219 ἀληθινὸν
883 1155 1128 1222 ἀνεδείχθη
1171 1155 1400 1222 Χριστὸς,
1441 1158 1503 1210 ὡς
1548 1157 1597 1206 ἐν
1635 1155 1774 1206 εἰκόνι
1817 1159 1914 1209 τοῖς

321 1237 638 1304 ἀρχαιοτεροις
672 1237 746 1288 διὰ
780 1238 930 1289 τύπου
963 1237 1266 1302 δηλούμενος,
1292 1237 1558 1303 ἀναγκαίως
1584 1236 1661 1287 διὰ
1686 1242 1770 1288 τοῦ
1797 1259 1909 1303 προ-

320 1318 525 1382 κειμένου
563 1318 786 1382 διδάσκει,
818 1321 940 1373 τίνος
972 1319 1107 1370 ε”σται
1147 1322 1222 1370 καὶ
1260 1318 1419 1383 πόσης
1458 1319 1708 1373 ἀνάπλεως
1745 1321 1913 1386 ἀρετῆς

319 1424 367 1452 τε
395 1403 470 1452 καὶ
498 1400 654 1470 δόξης,
676 1402 700 1452 6
726 1401 780 1452 τὸ
805 1400 960 1465 μάννα
987 1401 1041 1451 τὸ
1069 1400 1235 1466 νοητὸν
1262 1402 1654 1468 ἀποθησαυρίζων
1677 1402 1726 1452 ἐν
1750 1402 1913 1471 ἑαυτῷ,
1937 1423 1984 1462 15

319 1486 394 1533 καὶ
433 1486 496 1537 εἰς
534 1482 594 1534 τὰ
632 1483 849 1534 ἐσώτατα
889 1487 971 1548 τῆς
1010 1486 1176 1535 ἑαυτοῦ
1215 1485 1406 1549 καρδίας
1443 1484 1677 1552 εἰσφέρων
1710 1483 1792 1535 τὸν
1821 1483 1913 1549 Ἰη-

319 1571 440 1616 σοῦν
491 1564 567 1616 διὰ
613 1568 696 1629 τῆς
747 1569 809 1619 εἷς
863 1565 1005 1616 αὑτὸν
1052 1565 1259 1619 πίστεώς
1309 1588 1358 1616 τε
1407 1567 1550 1632 ὀρθῆς
1600 1567 1675 1616 καὶ
1714 1564 1914 1631 ’ἀγάπης

276 1649 591 1702 ᾶὸλοτελοῦς.
643 1647 824 1701 ἀκούεις
862 1647 957 1714 γὰρ
996 1647 1124 1701 ὅπως
1163 1649 1210 1699 ἐν
1243 1648 1400 1699 σκεύει
1438 1651 1606 1718 χρυσῷ
1643 1651 1821 1714 πλῆρες
1859 1647 1914 1699 τὸ

320 1729 473 1797 γόμορ
512 1735 595 1781 τοῦ
634 1729 752 1781 Mdv
786 1730 971 1795 ἐνετέθη
1011 1729 1087 1780 διὰ
1124 1728 1280 1798 χειρὸς
1313 1729 1503 1796 Ἀαρὼν
1535 1734 1596 1784 εἰς
1636 1730 1914 1797 διατήρησιν

319 1813 527 1862 ἐναντίον
547 1817 630 1863 τοῦ
651 1816 776 1863 Θεοῦ
798 1811 1065 1876 [κατετέθη]·
1099 1813 1126 1877 ἡ
1153 1811 1247 1879 γὰρ
1274 1812 1386 1863 ὁσία
1412 1816 1487 1863 καὶ
1515 1813 1742 1882 θεοφιλὴς
1768 1812 1914 1866 ὅντως
1936 1838 1984 1863 20

320 1892 471 1961 ψυχὴ,
507 1894 695 1947 τελείως
734 1896 782 1945 ἐν
817 1896 957 1962 ἑαυτῇ
998 1894 1081 1946 τὸν
1117 1896 1191 1946 ἐπὶ
1227 1898 1428 1964 Χριστῷ
1467 1893 1618 1961 λόγον
1652 1895 1909 1958 ὠδίνουσα,

320 1977 395 2026 καὶ
424 1975 538 2026 ὅλον
565 1981 791 2037 λαβοῦσα
827 1976 910 2026 τὸν
936 1976 1154 2042 οὐράνιον
1180 1976 1439 2043 θησαυρὸν,
1464 1983 1633 2030 σκεῦος
1667 1975 1754 2040 μὲν
1778 1976 1914 2027 ε”σται

320 2058 486 2121 τίμιον,
516 2059 575 2111 ὡς
613 2057 706 2109 ἀπὸ
743 2063 940 2124 χρυσοῦ,
967 2057 1406 2126 προσενεχθήσεται
1438 2057 1488 2110 δὲ
1514 2058 1590 2111 διὰ
1615 2065 1698 2110 τοῦ
1723 2057 1915 2110 πάντων

321 2139 570 2206 ἀρχιερέως
610 2144 676 2209 τῴ
715 2143 824 2209 Θεῷ
865 2142 941 2191 καὶ
977 2141 1146 2207 Πατρῖ,
1183 2142 1257 2191 καὶ
1297 2145 1359 2194 εἰς
1398 2139 1514 2209 ὄψιν
1550 2140 1914 2209 ἀνενεχθήσεται

281 2244 303 2271 e
322 2228 404 2272 τοῦ
430 2220 489 2272 τὰ
514 2222 672 2272 πάντα
697 2221 978 2290 συνέχοντος
1004 2245 1053 2273 τε
1079 2225 1156 2274 καὶ
1183 2222 1497 2290 διασώζοντος
1521 2226 1584 2277 εἷς
1611 2221 1909 2289 διατήρησιν,
1935 2248 1987 2287 ²5

322 2305 397 2354 καὶ
423 2303 477 2354 τὸ
505 2303 816 2372 φθειρόμενον
843 2304 961 2356 ὅσον
987 2308 1050 2358 εἰς
1077 2306 1249 2356 οἰκείαν
1277 2304 1440 2375 φύσιν,
1467 2306 1550 2356 οὐκ
1577 2307 1744 2360 ἐῶντος
1770 2328 1912 2357 κατα-

323 2386 612 2453 φθείρεσθαι,
665 2386 1022 2455 καταγράφεται
1046 2392 1298 2453 τοιγαροῦν
1326 2388 1350 2438 6
1378 2389 1565 2451 δίκαιος,
1591 2389 1653 2442 ὡς
1685 2389 1733 2438 ἐν
1758 2386 1913 2439 σκεύει

322 2471 489 2537 χρυσῷ
521 2467 576 2519 τὸ
609 2467 778 2533 νοητὸν
804 2468 925 2537 ἔχων
948 2467 1116 2532 μάννα,
1142 2469 1359 2521 τουτέστι
1386 2468 1618 2536 Χριστὸν,
1644 2471 1913 2532 ἀναβαίνων

373 2636 401 2658 1.
429 2624 692 2671 ἐκπικραίνεται]
714 2625 767 2659 καὶ
784 2626 992 2671 πικραίνεται
1010 2625 1165 2671 Nikeph.
1337 2640 1370 2670 4.
1397 2626 1565 2670 ἐμβάλετε
1583 2626 1679 2661 B.D.
1698 2627 1828 2671 ἔμβαλε
1846 2627 1913 2663 Ed.

323 2671 431 2715 (A.V.
451 2672 529 2715 διο.)
690 2672 723 2707 6.
750 2675 851 2707 τοῦτο
869 2685 933 2719 pro
951 2672 1055 2708 ὅντως
1074 2672 1116 2707 Β.
1196 2673 1511 2720 ἅποθαυμάζοντας]
1531 2674 1781 2717 ἀποθαυμάζων
1797 2674 1851 2708 καὶ
1871 2674 1912 2709 Β.

325 2727 355 2762 7.
381 2718 489 2758 βάθος
510 2718 549 2752 Β.
567 2718 694 2759 βάθους
711 2720 779 2755 Ed.
879 2731 931 2755 10.
958 2722 1040 2766 ὁρᾷς
1058 2719 1100 2755 Β.
1119 2719 1181 2765 ὅρα
1201 2720 1266 2754 Ed.
1367 2730 1489 2767 11-27.
1517 2720 1611 2755 Citat
1628 2720 1817 2766 Nikeph.i.
1833 2730 1912 2766 741.

327 2775 379 2797 12.
406 2764 582 2810 ἀληθινὸν]
602 2765 726 2810 ἀληθὲς
744 2766 900 2811 Nikeph.
1040 2777 1093 2809 15.
1120 2767 1208 2812 αὐτῷ
1229 2767 1383 2812 Nikeph.
1524 2777 1576 2812 17.
1603 2782 1640 2802 τε
1658 2779 1728 2801 om.
1748 2767 1791 2802 Β.
1808 2767 1913 2802 habet

323 2811 479 2856 Nikeph.
611 2814 665 2847 18.
692 2812 798 2859 ὅπως]
820 2814 872 2848 ὅτι
891 2814 932 2847 Β.
952 2813 1042 2848 ὅπως
1058 2813 1163 2847 habet
1181 2813 1336 2858 Nikeph.
1460 2826 1513 2858 19.
1540 2814 1689 2859 ἐνετέθη]
1713 2819 1751 2855 -i-
1772 2815 1825 2849 καὶ
1844 2814 1911 2849 Ed.

321 2857 439 2891 invitis
461 2858 501 2892 B.
522 2858 677 2903 Nikeph.
853 2871 909 2894 20.
937 2859 1094 2904 κατετέθη
1113 2872 1183 2894 om.
1201 2860 1297 2894 haud
1316 2861 1405 2895 male
1424 2861 1579 2906 Nikeph.
1660 2861 1734 2895 θεία
1750 2873 1814 2906 pro
1831 2861 1911 2896 ὁσία

323 2903 478 2948 Nikeph.
546 2905 669 2939 Statim
689 2906 792 2942 ὅντως
810 2914 852 2942 tr.
873 2907 1027 2952 Nikeph.
1157 2917 1213 2941 22.
1239 2909 1401 2948 λαβοῦσα
1420 2908 1513 2942 B.D.
1533 2907 1687 2953 Nikeph.
1705 2909 1824 2949 λαβὼν
1841 2907 1909 2943 Ed.

324 2960 378 2992 24.
405 2951 629 2996 ἀνεχθήσετιιι
650 2953 783 2998 Migne.
930 2954 985 2989 26.
1012 2954 1293 2999 διαφθειρόμενον
1313 2954 1353 2989 B.
1371 2955 1480 2990 invito
1498 2955 1651 3000 Nikeph.
