2084 3317
371 169 456 210 474
773 173 823 215 B.
857 174 1135 216 CYRILLI
1177 177 1558 219 ALEXANDR.
1816 177 1958 232 Vi·35·

371 275 538 332 αὐτοὺς
576 282 891 350 καταστέφειν
923 290 1093 348 τιμαῖς.
1151 285 1269 337 ε’πάν
1301 285 1459 349 μέντοι
1498 286 1614 340 τινὲς
1653 290 1747 338 τῶν
1781 287 1955 348 ἀμαθε-

370 359 567 425 στέρων,
594 360 715 426 ὅσην
748 363 840 430 ε”χει
879 366 978 416 κατ’
1008 367 1189 417 ἐκείνων
1225 365 1311 431 τὴν
1346 367 1582 436 ὑπεροχὴν
1617 368 1699 419 οὐκ
1737 366 1953 433 ἐπιγινώ-

370 462 566 495 σκοντες
607 442 693 507 τὴν
736 446 906 508 ἀμείνω
951 447 1310 513 προσαγάγωσι
1355 448 1501 518 δόξαν
1545 451 1713 512 αὐτοῖς,
1751 447 1855 500 τότε
1901 446 1958 512 δὴ

369 521 565 589 σφόδρα
597 527 845 591 χρησίμως
875 531 1067 596 φρονεῖν
1092 530 1358 591 μεταπείθει
1393 529 1452 581 τὰ
1485 530 1863 597 πρεπωδέστερα,
1889 528 1958 583 τίς

366 603 452 666 μέν
481 605 612 656 ἐστιν
643 607 668 656 ὁ
696 607 975 674 Μονογενὴς
1011 611 1436 675 διενθυμουμένους,
1465 614 1540 663 καὶ
1577 611 1647 663 ὅτι
1681 609 1737 675 δὴ
1769 610 1958 665 πάντως
1977 626 2001 664 5

367 686 670 751 ἀσυγκρίτοις
705 690 871 740 διοίσει
908 696 1008 746 ταῖς
1046 693 1312 760 ὑπεροχαῖς·
1361 694 1472 744 ἀλλ’
1501 694 1555 744 οὐ
1589 694 1785 760 σφόδρα
1818 695 1957 760 σαφῆ

367 764 449 816 τὸν
480 768 555 818 ἐπὶ
593 769 774 824 τούτοις
812 777 1010 824 ποιεῖται
1049 773 1212 839 λόγον,
1246 775 1620 837 ε’πεσκιασμένον
1653 774 1707 825 δέ
1737 797 1850 836 πως,
1882 774 1958 824 καὶ

322 850 348 891 (l
367 847 475 915 δίχα
510 848 697 912 κόμπου
730 851 922 916 παντὸς,
948 853 1043 906 ἀπὸ
1075 854 1123 906 δὲ
1149 858 1231 920 τῆς
1257 857 1305 907 ε”ν
1329 854 1585 922 πράγμασι
1612 857 1824 922 θεωρίας,
1854 855 1957 919 ἤτοι

364 932 676 997 συγκρίσεως,
726 933 812 999 τὴν
860 937 934 987 ἐπὶ
987 941 1081 991 τοῖς
1133 938 1396 1004 κρείττοσιν
1447 937 1715 1004 ἁρπάζοντα
1766 940 1951 1006 ψῆφον,

365 1011 475 1076 οἷον,
517 1014 629 1082 φέρε
671 1019 826 1079 εἰπεῖν,
871 1017 1106 1084 διελέγετό
1147 1042 1262 1071 ποτε
1305 1019 1424 1086 πρὸς
1469 1019 1554 1084 τὴν
1597 1022 1647 1071 ἐκ
1692 1020 1956 1085 Σαμαρείας
1980 1041 2027 1065 10

365 1094 630 1164 γυναῖκα,ᾗ
670 1099 746 1149 καὶ
785 1098 957 1150 δώσειν
990 1101 1114 1166 ὕδωρ
1149 1100 1204 1151 τὸ
1241 1100 1330 1167 ζῶν
1363 1101 1706 1168 ἐπηγγέλλετο·
1756 1106 1956 1152 συνεῖσα

141 1167 252 1243 ἓξὲξ
365 1176 413 1227 δὲ
460 1177 591 1228 οὐδὲν
629 1184 724 1231 τῶν
768 1182 1019 1247 εἰρημένων
1063 1183 1091 1246 ἡ
1137 1183 1255 1248 γυνή
1302 1191 1329 1213 “
1357 1183 1444 1248 Μὴ
1489 1183 1554 1234 σὺ
1592 1183 1758 1250 μείζων
1795 1181 1836 1233 εἶ
1872 1188 1955 1234 τοῦ

364 1265 391 1287 “
415 1258 596 1324 πατρὸς
640 1261 773 1324 ἡμῶν
810 1262 1006 1326 Ἰακὼβ,
1050 1264 1155 1333 ἔφη,
1197 1263 1247 1318 ὃς
1286 1265 1455 1316 ε”δωκεν
1493 1266 1602 1329 ἡμῖν
1640 1263 1694 1315 τὸ
1737 1265 1888 1331 φρεάρ
1908 1266 1952 1326 ;”

363 1339 518 1404 ἐπειδὴ
556 1340 604 1392 δὲ
639 1344 933 1406 μεταπείθειν
968 1345 1114 1410 αὐτὴν
1145 1347 1169 1396 ὁ
1211 1346 1378 1413 Σωτὴρ
1418 1347 1656 1409 ἐβούλετο,
1688 1346 1848 1412 ὅτιπερ
1886 1345 1954 1410 ε’ίη

362 1423 438 1473 καὶ
474 1423 695 1488 κρείττων
721 1423 877 1488 αὐτοῦ,
905 1428 980 1477 καὶ
1017 1429 1101 1478 οὐκ
1137 1430 1184 1479 ἐν
1211 1429 1389 1495 ὀλίγοις
1416 1431 1543 1480 τισῖν
1569 1427 1954 1497 ἀξιοπιστότερος
1978 1445 2023 1483 Ι5

139 1497 192 1581 {22
208 1505 256 1536 13,
322 1524 343 1551 e
360 1503 559 1570 μέτροις,
586 1507 659 1557 ε’πὶ
694 1506 780 1571 τὴν
807 1512 902 1558 τῶν
929 1509 1111 1560 ὑδάτων
1136 1511 1312 1577 βαδίζει
1346 1510 1593 1579 διαφορὰν,
1622 1510 1774 1576 λέγων
1801 1517 1827 1539 “
1849 1514 1954 1564 Πᾶς

360 1593 388 1614 “
415 1587 440 1636 ὁ
466 1587 615 1638 πίνων
641 1590 691 1639 ἐκ
718 1595 802 1640 τοῦ
829 1592 997 1645 ὕδατος
1024 1592 1192 1643 τούτου
1219 1592 1416 1662 διψήσει
1442 1591 1604 1656 πάλιν,
1630 1591 1680 1646 ὃς
1715 1593 1757 1643 δ’
1786 1589 1844 1642 ἂν
1868 1591 1952 1660 πίῃ

361 1675 387 1697 “
412 1669 462 1719 ἐκ
504 1675 587 1720 τοῦ
632 1671 799 1725 ὕδατος
843 1672 896 1723 οὗ
947 1672 1038 1738 ἐγὼ
1091 1673 1233 1724 δώσω
1278 1676 1402 1744 αὐτῷ
1442 1674 1690 1740 γενήσεται
1735 1675 1783 1724 ἐν
1828 1675 1953 1741 αὐτῷ

359 1757 387 1780 “
411 1748 543 1815 πηγὴ
590 1753 758 1806 ὕδατος
805 1755 1075 1818 ἁλλομένου
1119 1759 1181 1809 εἰς
1226 1756 1346 1823 ζωὴν
1390 1756 1621 1807 αἱώνιον.”
1691 1757 1766 1806 καὶ
1810 1755 1859 1806 τί
1898 1754 1952 1806 τὸ

359 1832 582 1896 ἐντεῦθεν,
613 1832 642 1897 ἢ
679 1834 869 1889 πάντως
907 1838 1052 1888 ἐκεῖνο
1091 1842 1213 1889 νοεῖν
1245 1840 1504 1900 ἀναπείθει,
1541 1838 1612 1889 ὅτι
1647 1860 1735 1904 περ
1771 1835 1952 1903 ἀνάγκη
1974 1859 2024 1884 20

359 1911 442 1964 τὸν
488 1919 582 1965 τῶν
632 1916 888 1979 ἀμεινόνων
938 1918 1149 1985 χορηγὸν
1200 1924 1385 1971 κεῖσθαι
1436 1920 1491 1984 δὴ
1541 1919 1731 1972 πάντως
1779 1920 1855 1969 καὶ
1904 1920 1952 1969 ἐν

360 1996 615 2060 ἀμείνοσιν,
643 1996 670 2062 ἢ
698 2000 747 2049 ἐν
773 1998 943 2065 οἷσπερ
968 2000 1025 2051 ἂν
1051 2001 1118 2065 εἴη
1146 2000 1290 2069 τυχὸν
1317 2003 1341 2052 ὁ
1367 2002 1487 2068 πρὸς
1519 2000 1571 2052 ὃν
1599 2002 1626 2065 ἡ
1658 2001 1911 2067 σύγκρισις
1933 2022 1946 2062 ;

359 2077 571 2129 τοιοῦτόν
597 2102 702 2130 τινα
727 2079 905 2147 τρόπον
931 2081 1218 2151 ὑφηγήσεώς
1252 2106 1300 2134 τε
1337 2086 1411 2134 καὶ
1447 2083 1756 2136 διδασκαλίας
1786 2084 1944 2146 ἐπιτη-

137 2168 224 2203 324
237 2157 480 2210 Αῇὃδεύει
511 2162 586 2210 καὶ
623 2166 722 2213 νῦν.
776 2163 932 2227 ἐπειδὴ
959 2163 1051 2230 γὰρ
1086 2164 1518 2231 κατεσοβαρεύοντό
1550 2188 1652 2219 πως
1687 2165 1844 2222 αὐτοῦ,
1874 2165 1950 2214 καὶ

358 2246 738 2310 μεγαλοφρονεῖν
772 2245 1058 2309 ἀπετόλμων
1089 2247 1316 2309 Ἰουδαῖοι,
1346 2246 1562 2298 Μωυσεά
1599 2270 1649 2297 τε
1686 2246 1768 2297 τὸν
1803 2268 1942 2309 νομο-
1971 2262 2019 2300 25

359 2322 497 2387 θέτην
537 2324 633 2376 ἅνω
671 2348 721 2376 τε
759 2328 833 2377 καὶ
874 2326 1000 2378 κάτω
1039 2327 1392 2396 προϊσχόμενοι,
1433 2331 1509 2379 καὶ
1547 2334 1644 2382 τοῖς
1683 2329 1737 2379 δι’
1778 2328 1950 2379 ἐκείνου

357 2408 550 2467 μᾶλλον
576 2407 868 2470 ἀκολουθεῖν,
893 2408 1012 2475 ἥπερ
1038 2414 1134 2463 τοῖς
1162 2409 1237 2461 διὰ
1263 2414 1495 2476 Χριστοῦ,
1516 2413 1685 2478 χρῆναι
1711 2409 1949 2465 πολλάκις

359 2487 714 2554 διισχυρίζοντο,
746 2488 832 2554 τὴν
867 2495 949 2541 τοῦ
988 2490 1142 2553 μάννα
1181 2493 1411 2560 χορηγίαν
1450 2495 1526 2543 καὶ
1565 2491 1651 2557 τὴν
1689 2493 1738 2543 ἐκ
1775 2491 1949 2558 πέτρας

357 2572 452 2619 τῶν
479 2569 660 2621 ὑδάτων
690 2571 934 2638 ἐκδρομὴν,
962 2572 1352 2642 ἀξιολογωτάτην
1385 2573 1625 2643 ἀπόδειξιν
1655 2573 1949 2640 λογιζόμενοι

357 2653 439 2714 τῆς
478 2651 597 2703 κατὰ
634 2652 824 2705 πάντων
862 2655 1151 2724 πλεονεξίας,
1193 2659 1267 2707 καὶ
1317 2658 1459 2708 αὐτοῦ
1505 2655 1553 2707 δὲ
1598 2661 1681 2707 τοῦ
1727 2658 1947 2722 Σωτῆρος
1969 2673 2018 2710 30

405 2836 439 2870 3-
464 2828 671 2872 προσάγωσι
691 2829 733 2863 B.
986 2830 1020 2865 6.
1046 2830 1264 2876 ἀσυγκρίτοις
1284 2832 1324 2866 Β.
1344 2825 1562 2878 ἀσυγκρίτόῗς
1581 2833 1627 2867 D.
1647 2832 1860 2879 ἀσυγκρίτως
1878 2832 1945 2868 Ed.

358 2871 392 2905 8.
417 2873 541 2909 παντὸς
559 2876 688 2917 κόμπου
706 2876 843 2910 inverso
862 2876 984 2911 ordine
1003 2877 1045 2911 Β.
1119 2877 1170 2923 ἐν]
1194 2882 1230 2919 —†-
1251 2880 1323 2915 τοῖς
1343 2879 1384 2913 B.
1575 2892 1608 2925 9.
1634 2881 1705 2915 τοῖς
1721 2885 1946 2924 assumptum

358 2929 400 2950 ex
421 2918 462 2952 B.
527 2919 718 2965 ἁρπάζοντα
738 2922 779 2956 Β.
798 2922 1001 2967 ἁρπάζοντες
1020 2923 1087 2958 Ed.
1189 2935 1241 2960 10.
1264 2924 1316 2970 ἐκ]
1342 2930 1378 2967 -Js—
1400 2927 1458 2971 τῆς
1477 2925 1545 2962 Ed.
1563 2926 1673 2962 invito
1693 2925 1735 2961 Β.
1835 2938 1888 2960 ΙΙ,
1907 2926 1946 2960 τὸ

359 2963 439 3010 ζῶν]
460 2966 544 3010 ζωὴν
563 2967 605 3002 Β.
718 2980 773 3014 30.
798 2971 997 3014 πλεονεξίας
1018 2971 1057 3006 Β.
1075 2972 1274 3017 πλεοτιμίας
1295 2972 1360 3006 Ed.
