2084 3317
377 160 459 199 716
777 159 827 201 B.
860 159 1131 200 CYRILLI
1174 158 1551 199 ALEXANDR.
1787 156 1874 197 viii.
1898 168 1962 210 13.

375 266 519 334 τυχὸν
548 269 875 335 ἐπιμαρτυρεῖν
906 270 1055 337 ἑαυτῷ
1087 268 1147 319 τὰ
1181 268 1412 337 ἐξαίρετα.
1469 269 1545 317 καὶ
1581 271 1697 332 γοῦν
1730 267 1754 316 ὁ
1788 264 1958 333 σοφώ·

155 348 256 421 ἓξὲξ·
280 399 306 422 2,
376 370 515 402 τατος
547 349 897 416 παροιμιαστής
923 357 951 379 “
972 348 1331 415 Ἐγκωμιαζέτω
1365 347 1428 399 σέ
1458 353 1609 416 φησιν
1641 349 1666 398 ὁ
1700 346 1852 400 πέλας
1889 347 1966 396 καὶ

378 437 404 459 “
430 429 495 494 μὴ
521 430 576 481 τὸ
604 431 694 482 σὸν
721 429 896 493 στόμα,
922 430 1176 496 ἀλλότριος
1208 432 1282 481 καὶ
1317 428 1382 493 μὴ
1417 428 1477 480 τὰ
1511 428 1579 480 σὰ
1613 428 1796 496 χείλη·”
1836 425 1966 491 πλὴν

339 513 431 563 em}
476 511 663 566 πάντως
715 511 1054 580 διεψευσμένον
1099 513 1263 576 ὁρᾶται
1306 510 1360 562 τὸ
1413 509 1503 562 ὑπό
1547 533 1630 562 του
1672 508 1818 578 τυχὸν
1859 509 1967 573 περὶ

377 596 543 645 ἑαυτοῦ
579 593 882 658 λελεγμένον.
936 593 1083 657 ἡκέτω
1114 592 1208 660 γάρ
1243 615 1313 646 τις
1344 593 1454 656 ἡμῖν
1484 597 1578 644 τῶν
1604 590 1880 659 Φαρισαίων
1903 593 1966 644 εἷς
1986 604 2008 643 5

376 675 540 738 μέσον,
567 672 665 725 εἶτα
700 675 749 725 τί
779 674 1032 741 δράσωμεν
1067 674 1328 725 διδασκέτω
1362 673 1445 725 τὸν
1478 672 1707 740 μακάριον
1736 671 1966 737 Σαμουὴλ

377 757 526 825 ἑαυτῷ
551 761 881 822 μαρτυροῦντα
907 755 966 807 τὰ
997 754 1257 806 κάλλιστα.
1320 756 1580 821 εὑρίσκεται
1614 753 1708 821 γάρ
1743 776 1837 806 που
1870 758 1966 807 τοῖς

156 825 272 908 siff?
377 838 434 906 ἐξ
461 837 666 903 Ἰσραὴλ
704 837 1089 904 ἀπολογούμενος
1128 839 1204 888 καὶ
1243 836 1401 903 λέγων
1428 843 1456 866 “
1477 836 1677 903 Μάρτυς
1709 836 1883 902 Κύριος
1917 837 1967 887 ἐν

377 926 406 948 “
433 920 539 983 ὑμῖν
576 921 651 970 καὶ
689 919 868 985 μάρτυς
908 920 932 970 ὁ
974 917 1171 987 χριστὸς
1210 920 1352 969 αὐτοῦ
1389 917 1601 985 σήμερον
1638 920 1687 969 ἐν
1723 917 1871 986 ταύτῃ
1908 921 1967 986 τῇ

378 1007 406 1031 “
431 1001 594 1070 ἡμέρᾳ,
623 1001 693 1052 ὅτι
728 1002 815 1069 οὐχ
846 1000 1069 1068 εὑρήκατε
1103 1002 1152 1052 ἐν
1186 1006 1287 1054 ταῖς
1323 1001 1466 1068 χερσί
1496 1023 1586 1062 μου
1621 998 1798 1051 οὐδέν.”
1854 1000 1964 1051 ἀλλ’
1990 1017 2039 1043 10

378 1082 504 1180 ε’ίπερ
537 1085 563 1134 ὁ
596 1082 736 1147 νόμος
770 1083 918 1152 ἑαυτῷ
952 1087 1205 1149 μαρτυρεῖν
1231 1105 1335 1133 τινα
1362 1081 1595 1144 διεκώλυε,
1622 1085 1722 1135 πῶς
1756 1080 1860 1133 εἶπέ
1888 1103 1968 1144 μοι

377 1165 488 1231 παρ’
536 1164 668 1215 οὐδὲν
719 1163 861 1216 αὐτον
905 1164 1163 1228 ἐποιήσατο
1215 1162 1461 1227 Σαμουὴλ,
1509 1163 1658 1214 καίτοι
1707 1165 1792 1227 τῆς
1843 1163 1968 1217 θείας

155 1264 312 1299 488A.
341 1249 570 1314 εγραφῆς
621 1246 859 1344 λεγούσης
906 1268 1012 1312 περι
1064 1246 1206 1297 αὑτοῦ
1260 1252 1285 1274 “
1303 1243 1473 1311 Αγιος
1522 1243 1580 1309 ἧν
1626 1247 1844 1308 Μωυσῆς
1892 1247 1969 1295 καὶ

156 1314 265 1389 ξζξω
380 1334 407 1358 “
435 1327 627 1395 Ἀαρὼν
671 1330 720 1379 ἐν
768 1333 863 1381 τοῖς
917 1331 1120 1395 ἱερεῦσιν
1163 1329 1320 1390 αὐτοῦ,
1366 1349 1441 1377 και
1494 1325 1724 1391 Σαμουὴλ
1774 1327 1823 1377 ἐν
1872 1330 1970 1380 τοῖς

158 1408 230 1441 5-7-
378 1409 815 1474 “ἐπικαλουμένοις
851 1409 1009 1461 αὐτόν·
1052 1411 1367 1461 ἐπεκαλοῦντο
1398 1431 1482 1460 τον
1510 1408 1700 1472 Κύριον,
1728 1431 1804 1459 και
1830 1405 1968 1462 αὐτος
1992 1426 2038 1466 15

379 1499 405 1521 ‘⁶
432 1491 655 1557 ἐπήκουεν
682 1493 852 1543 αὐτῶν·
896 1493 944 1542 ἐν
979 1491 1147 1561 στύλῳ
1187 1490 1391 1560 νεφέλης
1428 1490 1588 1542 ἐλάλει
1625 1490 1743 1558 πρὸς
1782 1489 1965 1544 αὐτούς·

378 1574 717 1642 “ἐφύλασσον
769 1572 829 1625 τὰ
884 1572 1118 1640 μαρτύρια
1169 1574 1328 1635 αὐτοῦ,
1382 1574 1456 1624 καὶ
1508 1572 1568 1623 τὰ
1618 1571 1971 1640 προστάγματα

379 1664 405 1686 “
433 1657 577 1707 αὐτοῦ
603 1655 634 1707 ἃ
659 1656 828 1708 έδωκεν
854 1656 1040 1709 αὖτοῖς.’
1045 1656 1207 1724 ’ὁρᾷς
1239 1655 1310 1706 ὅτι
1344 1655 1622 1720 συνεπλάκη
1655 1659 1723 1724 τῷ
1757 1653 1971 1724 μακαρίῳ

383 1743 591 1790 Μωυσεῖ
625 1741 687 1793 ὡς
726 1738 1086 1805 συντρέχουσαν
1120 1737 1241 1805 ἔχων
1276 1738 1433 1807 ἐκείνῳ
1471 1735 1558 1801 τὴν
1592 1736 1774 1804 ἀρετὴν,
1802 1739 1877 1788 καὶ
1908 1739 1972 1790 ὡς

380 1819 578 1887 ἀκριβὴς
617 1819 906 1889 νομοφύλαξ
939 1824 1242 1886 μαρτυρεῖται
1281 1818 1357 1870 διὰ
1395 1825 1478 1870 τοῦ
1520 1819 1825 1884 Πνεύματος;
1870 1823 1970 1872 πῶς
1991 1836 2042 1862 20

336 1908 363 1948 b
382 1903 463 1953 οὖν
489 1903 677 1968 παρέβη
703 1902 786 1954 τὸν
813 1902 957 1966 νόμον
983 1902 1131 1971 ἐαυτῷ
1157 1900 1480 1969 μαρτυρήσας,
1501 1901 1619 1953 ε’ίποι
1646 1924 1715 1956 τις
1740 1901 1828 1961 ἄν;
1858 1898 1969 1952 ἀλλ’

381 1985 435 2035 οῦ
469 1984 673 2051 παρέβη·
729 1988 1030 2050 μαρτυρεῖται
1068 1982 1161 2049 γὰρ
1201 1986 1263 2037 ὡς
1302 1981 1592 2052 φυλάσσων,
1621 1985 1694 2034 καὶ
1729 1982 1970 2049 μεμαρτύ-

381 2089 522 2132 ρηκεν
547 2068 711 2135 ἑαυτῷ.
768 2065 909 2128 νόμος
937 2066 1018 2116 οὖν
1045 2065 1137 2130 ἄρα
1163 2064 1217 2115 τὸ
1243 2069 1493 2132 μαρτυρεῖν
1520 2066 1669 2134 ἑαυτῷ
1703 2069 1798 2116 τῶν
1824 2063 1974 2116 ὅντων

383 2149 548 2199 οὐδένα
594 2148 778 2199 κωλύει.
843 2147 891 2198 τί
931 2145 979 2197 δὲ
1022 2146 1140 2213 πρὸς
1184 2146 1363 2200 τούτοις
1408 2148 1613 2213 ἐροῦμεν,
1653 2146 1766 2198 ὅταν
1804 2145 1975 2211 ’ίδωμεν

161 2224 284 2309 ἰδῇ·
383 2230 590 2296 λέγοντα
617 2228 699 2280 τὸν
725 2229 956 2294 μακάριον
974 2228 1149 2279 Δαυείδ
1169 2236 1195 2258 “
1216 2228 1359 2294 Κύριε
1388 2230 1412 2279 ὁ
1440 2228 1562 2283 Θεός
1587 2252 1692 2292 μου,
1712 2233 1748 2280 εἰ
1774 2228 1975 2293 ἐποίησα
1993 2245 2043 2284 25
2082 2253 2084 2276 :

384 2318 411 2341 ‘⁶
437 2317 592 2375 τοῦτο,
617 2315 655 2361 εἰ
683 2310 990 2362 ἀνταπέδωκα
1016 2315 1113 2364 τοῖς
1138 2312 1511 2361 ἀνταποδιδοῦσί
1530 2334 1609 2374 μοι
1635 2309 1757 2361 κακά
1775 2309 1814 2371 ;”
1843 2310 1976 2360 ἀλλὰ

163 2401 323 2484 {ier-XV·
385 2396 461 2444 καὶ
495 2393 613 2460 πρὸς
647 2391 786 2444 τοῦτό
822 2399 973 2460 φησιν
1003 2392 1028 2442 ὁ
1062 2389 1290 2458 μακάριος
1315 2393 1540 2458 Ἱερεμίας
1568 2400 1594 2422 “
1618 2391 1761 2458 Κύριε
1796 2414 1972 2444 παντο·
2078 2425 2084 2458 3

208 2469 214 2475 ⁶
387 2483 413 2506 “
439 2475 641 2542 κράτωρ,
669 2476 752 2525 οὐκ
791 2472 990 2524 ἐκάθισα
1028 2474 1076 2524 ἐν
1112 2474 1340 2542 συνεδρίῳ
1376 2475 1530 2525 αὐτῶν
1561 2473 1835 2541 παιζόντων,
1862 2474 1973 2524 ἀλλ’
2080 2468 2084 2469 ⁷

386 2564 413 2586 66
485 2557 495 2572 '
647 2556 658 2572 Ι
818 2557 829 2571 ’
876 2553 889 2568 x
1105 2555 1117 2571 t
1385 2555 1396 2570 Ι
1586 2555 1611 2572 '’
1766 2560 1787 2571 '⁸
1965 2553 1977 2573 x

348 2577 369 2604 e
441 2562 753 2621 ηυλαβουμην
803 2578 898 2606 απο
950 2578 1215 2621 προσωπου
1269 2578 1423 2622 χειρος
1473 2575 1581 2606 σου·
1680 2559 1875 2609 Παυλος
1929 2557 1978 2605 δε

165 2640 253 2670 Acta
271 2640 326 2670 SS.
1133 2644 1160 2667 66

165 2682 322 2713 A).xxii.

168 2694 211 2766 3·I
388 2727 415 2750 ‘⁶
441 2719 524 2772 τὸν
564 2723 787 2789 πατρῷον
830 2718 1013 2784 νόμον,”
1056 2717 1268 2785 καθάπερ
1315 2719 1396 2770 οῦν
1442 2721 1516 2770 καὶ
1563 2719 1700 2773 αὑτός
1744 2741 1837 2770 που
1882 2721 1974 2770 διε-

386 2637 535 2690 πάλιν
568 2640 592 2690 ὁ
629 2637 927 2707 σοφώτατος,
956 2637 1106 2688 καίτοι
1180 2637 1544 2702 πεπαιδευμένος
1582 2636 1701 2689 κατὰ
1739 2637 1978 2704 ἀκρίβειαν
1997 2653 2049 2691 30

437 2871 466 2894 Ι.
486 2861 591 2905 ἑαυτῷ
613 2860 687 2895 B.a.
705 2861 794 2906 αὐτῷ
815 2860 881 2894 Ed.
968 2868 1001 2903 5.
1022 2862 1142 2894 ἑαυτοῦ
1159 2858 1341 2894 emendavi
1359 2871 1400 2893 ex
1419 2870 1450 2893 a.
1469 2860 1572 2894 αὐτοῦ
1591 2858 1657 2894 Ed.
1747 2857 1780 2893 6.
1800 2857 1974 2903 Σαμουὴλ]

387 2906 422 2941 ἐν
440 2907 537 2941 addit
559 2907 675 2941 Holst.
695 2907 812 2941 invitis
836 2907 908 2941 ss.a.
980 2918 1033 2941 12.
1052 2906 1236 2950 ἐποιήσατο
1256 2905 1417 2940 emendat
1434 2905 1562 2951 Heyse.
1582 2905 1786 2950 ἐποίησατὸν
1802 2905 1844 2939 Β.
1863 2905 1976 2949 ἐποίη-

388 2968 453 2987 σαν
471 2954 528 2988 τὸν
548 2953 611 2988 Ht.
631 2954 791 2997 ἐποίησεν
808 2955 826 2987 ὁ
844 2954 937 2987 Aub.
1037 2953 1091 2987 26.
1119 2952 1236 2998 τοῦτο]
1262 2957 1297 2994 4—
1320 2953 1348 2987 εἰ
1366 2953 1462 2988 ἔστιν
1478 2953 1590 2987 ἀδικία
1606 2953 1641 2987 ἐν
1657 2952 1761 2998 χερσί
1777 2966 1842 2996 μου
1859 2963 1889 2986 a.
