<?xml version="1.0" encoding="UTF-8"?>
<!DOCTYPE html PUBLIC "-//W3C//DTD XHTML 1.0 Transitional//EN"
    "http://www.w3.org/TR/xhtml1/DTD/xhtml1-transitional.dtd">
<html xmlns="http://www.w3.org/1999/xhtml" xml:lang="en" lang="en">
 <head>
  <title>
</title>
<meta http-equiv="Content-Type" content="text/html;charset=utf-8" />
  <meta name='ocr-system' content='tesseract 3.04.00' />
  <meta name='ocr-capabilities' content='ocr_page ocr_carea ocr_par ocr_line ocrx_word'/>
</head>
<body>
  <div class='ocr_page' id='page_1' title='image "./operacyrilli03cyriuoft_0723.png"; bbox 0 0 2084 3317; ppageno 0'>
   <div class='ocr_carea' id='block_1_1' title="bbox 146 181 1958 637">
    <p class='ocr_par' dir='ltr' id='par_1_1' title="bbox 155 181 1743 390">
     <span class='ocr_line' id='line_1_1' title="bbox 161 181 1743 265; baseline 0.027 -43"><span class='ocrx_word' id='word_1_1' title='bbox 161 181 229 224; x_wconf 78' lang='lat' dir='ltr'>Vii.</span> <span class='ocrx_word' id='word_1_2' title='bbox 249 196 315 237; x_wconf 85' lang='lat'>24.</span> <span class='ocrx_word' id='word_1_3' title='bbox 376 188 450 229; x_wconf 91' lang='lat' dir='ltr'>IN</span> <span class='ocrx_word' id='word_1_4' title='bbox 491 192 533 232; x_wconf 87' lang='lat' dir='ltr'>S.</span> <span class='ocrx_word' id='word_1_5' title='bbox 568 192 905 242; x_wconf 79' lang='lat' dir='ltr'><strong>JOANNEM.</strong></span> <span class='ocrx_word' id='word_1_6' title='bbox 967 205 1092 248; x_wconf 85' lang='lat' dir='ltr'>LIB.</span> <span class='ocrx_word' id='word_1_7' title='bbox 1127 208 1203 250; x_wconf 80' lang='lat' dir='ltr'>IV.</span> <span class='ocrx_word' id='word_1_8' title='bbox 1267 212 1401 256; x_wconf 86' lang='lat' dir='ltr'><strong>CAP.</strong></span> <span class='ocrx_word' id='word_1_9' title='bbox 1425 217 1528 259; x_wconf 67' lang='lat' dir='ltr'><strong>VII.</strong></span> <span class='ocrx_word' id='word_1_10' title='bbox 1661 224 1743 265; x_wconf 83' lang='lat'>633</span> 
     </span>
     <span class='ocr_line' id='line_1_2' title="bbox 155 289 1735 390; baseline 0.028 -50"><span class='ocrx_word' id='word_1_11' title='bbox 155 289 303 355; x_wconf 94' lang='grc' dir='ltr'>δόσις,</span> <span class='ocrx_word' id='word_1_12' title='bbox 329 297 462 349; x_wconf 80' lang='grc' dir='ltr'>ἀλλὰ</span> <span class='ocrx_word' id='word_1_13' title='bbox 483 304 580 363; x_wconf 87' lang='grc' dir='ltr'>μετ’</span> <span class='ocrx_word' id='word_1_14' title='bbox 607 306 782 371; x_wconf 85' lang='grc' dir='ltr'>ἐκείνην</span> <span class='ocrx_word' id='word_1_15' title='bbox 809 310 953 375; x_wconf 76' lang='grc' dir='ltr'>ἐστὶν,</span> <span class='ocrx_word' id='word_1_16' title='bbox 981 314 1082 378; x_wconf 74' lang='grc' dir='ltr'>ἤτοι</span> <span class='ocrx_word' id='word_1_17' title='bbox 1110 321 1208 369; x_wconf 80' lang='grc' dir='ltr'>κατ’</span> <span class='ocrx_word' id='word_1_18' title='bbox 1238 322 1380 374; x_wconf 81' lang='grc' dir='ltr'>αὐτὸν</span> <span class='ocrx_word' id='word_1_19' title='bbox 1408 329 1490 390; x_wconf 88' lang='grc' dir='ltr'>τῆς</span> <span class='ocrx_word' id='word_1_20' title='bbox 1517 330 1735 382; x_wconf 79' lang='grc' dir='ltr'>ἀναστά-</span> 
     </span>
    </p>

    <p class='ocr_par' dir='ltr' id='par_1_2' title="bbox 146 375 1958 623">
     <span class='ocr_line' id='line_1_3' title="bbox 152 375 1738 478; baseline 0.027 -56"><span class='ocrx_word' id='word_1_21' title='bbox 152 394 276 428; x_wconf 88' lang='grc' dir='ltr'>σεως</span> <span class='ocrx_word' id='word_1_22' title='bbox 313 375 396 428; x_wconf 82' lang='grc' dir='ltr'>τὸν</span> <span class='ocrx_word' id='word_1_23' title='bbox 425 382 600 448; x_wconf 84' lang='grc' dir='ltr'>καιρὸν,</span> <span class='ocrx_word' id='word_1_24' title='bbox 636 386 713 438; x_wconf 79' lang='grc' dir='ltr'>ὅτε</span> <span class='ocrx_word' id='word_1_25' title='bbox 751 393 826 441; x_wconf 78' lang='grc' dir='ltr'>καὶ</span> <span class='ocrx_word' id='word_1_26' title='bbox 864 399 961 449; x_wconf 81' lang='grc' dir='ltr'>τοῖς</span> <span class='ocrx_word' id='word_1_27' title='bbox 999 399 1164 451; x_wconf 86' lang='grc' dir='ltr'>ἑαυτοῦ</span> <span class='ocrx_word' id='word_1_28' title='bbox 1202 408 1434 469; x_wconf 77' lang='grc' dir='ltr'>μαθηταῖς</span> <span class='ocrx_word' id='word_1_29' title='bbox 1469 411 1738 478; x_wconf 78' lang='grc' dir='ltr'>ἐνεφύσησε</span> 
     </span>
     <span class='ocr_line' id='line_1_4' title="bbox 149 454 1958 574; baseline 0.029 -72"><span class='ocrx_word' id='word_1_30' title='bbox 149 454 305 520; x_wconf 71' lang='grc' dir='ltr'>λέγων</span> <span class='ocrx_word' id='word_1_31' title='bbox 332 465 359 488; x_wconf 81' lang='grc'><strong>“</strong></span> <span class='ocrx_word' id='word_1_32' title='bbox 380 461 565 522; x_wconf 79' lang='grc' dir='ltr'>Λάβετε</span> <span class='ocrx_word' id='word_1_33' title='bbox 599 471 796 533; x_wconf 82' lang='grc' dir='ltr'>Πνεῦμα</span> <span class='ocrx_word' id='word_1_34' title='bbox 814 473 1036 540; x_wconf 68' lang='grc' dir='ltr'>“Αγιον.”</span> <span class='ocrx_word' id='word_1_35' title='bbox 1087 482 1327 540; x_wconf 78' lang='grc' dir='ltr'>Ἰουδαίοις</span> <span class='ocrx_word' id='word_1_36' title='bbox 1360 488 1446 550; x_wconf 77' lang='grc' dir='ltr'>μὲν</span> <span class='ocrx_word' id='word_1_37' title='bbox 1478 492 1560 542; x_wconf 79' lang='grc' dir='ltr'>οὖν</span> <span class='ocrx_word' id='word_1_38' title='bbox 1595 494 1623 558; x_wconf 82' lang='grc' dir='ltr'>ἡ</span> <span class='ocrx_word' id='word_1_39' title='bbox 1659 496 1735 547; x_wconf 81' lang='grc' dir='ltr'>διὰ</span> <span class='ocrx_word' id='word_1_40' title='bbox 1798 499 1958 574; x_wconf 42' lang='lat' dir='ltr'>{fx-axx.</span> 
     </span>
     <span class='ocr_line' id='line_1_5' title="bbox 146 537 1034 623; baseline 0.03 -39"><span class='ocrx_word' id='word_1_41' title='bbox 146 537 345 605; x_wconf 85' lang='grc' dir='ltr'>σιδήρου</span> <span class='ocrx_word' id='word_1_42' title='bbox 383 551 750 617; x_wconf 76' lang='grc' dir='ltr'>πρεπωδεστέρα</span> <span class='ocrx_word' id='word_1_43' title='bbox 791 557 1034 623; x_wconf 86' lang='grc' dir='ltr'>περιτομὴ,</span> 
     </span>
    </p>

    <p class='ocr_par' dir='ltr' id='par_1_3' title="bbox 186 616 362 637">
     <span class='ocr_line' id='line_1_6' title="bbox 186 616 362 637; baseline 0.028 -5"><span class='ocrx_word' id='word_1_44' title='bbox 186 616 198 632; x_wconf 61' lang='lat'><em>1</em></span> <span class='ocrx_word' id='word_1_45' title='bbox 348 621 362 637; x_wconf 46' lang='lat' dir='ltr'>x</span> 
     </span>
    </p>
   </div>
   <div class='ocr_carea' id='block_1_2' title="bbox 66 1026 934 1116">
    <p class='ocr_par' dir='ltr' id='par_1_4' title="bbox 66 1026 934 1116">
     <span class='ocr_line' id='line_1_7' title="bbox 66 1026 934 1116; baseline 0.036 -48"><span class='ocrx_word' id='word_1_46' title='bbox 66 1043 114 1069; x_wconf 90' lang='lat'>10</span> <span class='ocrx_word' id='word_1_47' title='bbox 199 1026 314 1081; x_wconf 64' lang='lat' dir='ltr'>“Orc</span> <span class='ocrx_word' id='word_1_48' title='bbox 340 1033 435 1100; x_wconf 75' lang='grc' dir='ltr'>γὰρ</span> <span class='ocrx_word' id='word_1_49' title='bbox 461 1036 536 1087; x_wconf 77' lang='grc' dir='ltr'>διὰ</span> <span class='ocrx_word' id='word_1_50' title='bbox 562 1043 644 1103; x_wconf 86' lang='grc' dir='ltr'>τῆς</span> <span class='ocrx_word' id='word_1_51' title='bbox 670 1044 934 1116; x_wconf 77' lang='grc' dir='ltr'>ἂληθεστέρ</span> 
     </span>
    </p>
   </div>
   <div class='ocr_carea' id='block_1_3' title="bbox 128 1057 1719 1171">
    <p class='ocr_par' dir='ltr' id='par_1_5' title="bbox 128 1057 1719 1171">
     <span class='ocr_line' id='line_1_8' title="bbox 937 1057 1719 1134; baseline 0.029 -34"><span class='ocrx_word' id='word_1_52' title='bbox 937 1074 992 1106; x_wconf 88' lang='grc' dir='ltr'>ας</span> <span class='ocrx_word' id='word_1_53' title='bbox 1019 1057 1094 1106; x_wconf 78' lang='grc' dir='ltr'>καὶ</span> <span class='ocrx_word' id='word_1_54' title='bbox 1120 1066 1432 1127; x_wconf 87' lang='grc' dir='ltr'>πνευματικῆς</span> <span class='ocrx_word' id='word_1_55' title='bbox 1453 1073 1719 1134; x_wconf 73' lang='grc' dir='ltr'>περιτομῆς,</span> 
     </span>
     <span class='ocr_line' id='line_1_9' title="bbox 128 1110 345 1171; baseline 0.028 -14"><span class='ocrx_word' id='word_1_56' title='bbox 128 1110 212 1171; x_wconf 88' lang='grc' dir='ltr'>τῆς</span> <span class='ocrx_word' id='word_1_57' title='bbox 246 1115 345 1163; x_wconf 87' lang='grc' dir='ltr'>κατ’</span> 
     </span>
    </p>
   </div>
   <div class='ocr_carea' id='block_1_4' title="bbox 123 1117 1714 1350">
    <p class='ocr_par' dir='ltr' id='par_1_6' title="bbox 123 1117 1714 1350">
     <span class='ocr_line' id='line_1_10' title="bbox 373 1117 1714 1218; baseline 0.029 -53"><span class='ocrx_word' id='word_1_58' title='bbox 373 1117 620 1179; x_wconf 74' lang='grc' dir='ltr'>εὐσέβειαν</span> <span class='ocrx_word' id='word_1_59' title='bbox 651 1128 944 1194; x_wconf 78' lang='grc' dir='ltr'>τελειότητος</span> <span class='ocrx_word' id='word_1_60' title='bbox 985 1136 1346 1206; x_wconf 79' lang='grc' dir='ltr'>ἀποπληροῦται</span> <span class='ocrx_word' id='word_1_61' title='bbox 1385 1146 1438 1197; x_wconf 84' lang='grc' dir='ltr'>τὸ</span> <span class='ocrx_word' id='word_1_62' title='bbox 1478 1150 1714 1218; x_wconf 77' lang='grc' dir='ltr'>καύχημα,</span> 
     </span>
     <span class='ocr_line' id='line_1_11' title="bbox 125 1197 1711 1300; baseline 0.03 -61"><span class='ocrx_word' id='word_1_63' title='bbox 125 1197 529 1264; x_wconf 80' lang='grc' dir='ltr'>περισκεψάμενοι</span> <span class='ocrx_word' id='word_1_64' title='bbox 565 1204 714 1257; x_wconf 87' lang='grc' dir='ltr'>πάλιν</span> <span class='ocrx_word' id='word_1_65' title='bbox 751 1209 810 1261; x_wconf 74' lang='grc' dir='ltr'>τὰ</span> <span class='ocrx_word' id='word_1_66' title='bbox 848 1214 920 1265; x_wconf 76' lang='grc' dir='ltr'>ἐπὶ</span> <span class='ocrx_word' id='word_1_67' title='bbox 960 1221 1027 1287; x_wconf 69' lang='grc' dir='ltr'>τῷ</span> <span class='ocrx_word' id='word_1_68' title='bbox 1065 1222 1332 1293; x_wconf 85' lang='grc' dir='ltr'>πατριάρχῃ</span> <span class='ocrx_word' id='word_1_69' title='bbox 1369 1227 1595 1296; x_wconf 67' lang='grc' dir='ltr'>εΑβραὸιμ</span> <span class='ocrx_word' id='word_1_70' title='bbox 1633 1257 1711 1300; x_wconf 80' lang='grc' dir='ltr'>γε·</span> 
     </span>
     <span class='ocr_line' id='line_1_12' title="bbox 123 1277 742 1350; baseline 0.034 -30"><span class='ocrx_word' id='word_1_71' title='bbox 123 1277 385 1341; x_wconf 77' lang='grc' dir='ltr'>γραμμένα,</span> <span class='ocrx_word' id='word_1_72' title='bbox 425 1284 742 1350; x_wconf 76' lang='grc' dir='ltr'>θεωρήσωμεν,</span> 
     </span>
    </p>
   </div>
   <div class='ocr_carea' id='block_1_5' title="bbox 121 1295 1938 1431">
    <p class='ocr_par' dir='ltr' id='par_1_7' title="bbox 121 1295 1938 1431">
     <span class='ocr_line' id='line_1_13' title="bbox 812 1295 1938 1382; baseline 0.029 -38"><span class='ocrx_word' id='word_1_73' title='bbox 812 1295 1076 1363; x_wconf 78' lang='grc' dir='ltr'>γέγραπται</span> <span class='ocrx_word' id='word_1_74' title='bbox 1122 1306 1279 1356; x_wconf 78' lang='grc' dir='ltr'>τοίνυν</span> <span class='ocrx_word' id='word_1_75' title='bbox 1322 1311 1426 1375; x_wconf 76' lang='grc' dir='ltr'>περὶ</span> <span class='ocrx_word' id='word_1_76' title='bbox 1471 1319 1554 1364; x_wconf 81' lang='grc' dir='ltr'>τοῦ</span> <span class='ocrx_word' id='word_1_77' title='bbox 1596 1339 1751 1382; x_wconf 70' lang='grc' dir='ltr'>προ-ει</span> <span class='ocrx_word' id='word_1_78' title='bbox 1787 1339 1870 1375; x_wconf 82' lang='grc'>433</span> <span class='ocrx_word' id='word_1_79' title='bbox 1887 1340 1938 1376; x_wconf 88' lang='lat' dir='ltr'>A.</span> 
     </span>
     <span class='ocr_line' id='line_1_14' title="bbox 121 1353 685 1431; baseline 0.032 -29"><span class='ocrx_word' id='word_1_80' title='bbox 121 1353 329 1422; x_wconf 86' lang='grc' dir='ltr'>πάτορος</span> <span class='ocrx_word' id='word_1_81' title='bbox 353 1361 594 1431; x_wconf 59' lang='grc' dir='ltr'>εΑβραόιμ,</span> <span class='ocrx_word' id='word_1_82' title='bbox 623 1371 685 1424; x_wconf 84' lang='grc' dir='ltr'>ὡς</span> 
     </span>
    </p>
   </div>
   <div class='ocr_carea' id='block_1_6' title="bbox 52 1371 1909 1876">
    <p class='ocr_par' dir='ltr' id='par_1_8' title="bbox 52 1371 1909 1876">
     <span class='ocr_line' id='line_1_15' title="bbox 710 1371 1909 1492; baseline 0.028 -69"><span class='ocrx_word' id='word_1_83' title='bbox 710 1371 768 1436; x_wconf 76' lang='grc' dir='ltr'>ἦν</span> <span class='ocrx_word' id='word_1_84' title='bbox 792 1375 878 1438; x_wconf 74' lang='grc' dir='ltr'>μὲν</span> <span class='ocrx_word' id='word_1_85' title='bbox 904 1381 1019 1432; x_wconf 81' lang='grc' dir='ltr'>ε’τῶν</span> <span class='ocrx_word' id='word_1_86' title='bbox 1045 1386 1173 1437; x_wconf 81' lang='grc' dir='ltr'>ε’ννέα</span> <span class='ocrx_word' id='word_1_87' title='bbox 1200 1391 1275 1440; x_wconf 76' lang='grc' dir='ltr'>καὶ</span> <span class='ocrx_word' id='word_1_88' title='bbox 1301 1392 1603 1457; x_wconf 76' lang='grc' dir='ltr'>ἐννενήκοντα</span> <span class='ocrx_word' id='word_1_89' title='bbox 1628 1397 1711 1451; x_wconf 76' lang='grc' dir='ltr'>τὸν</span> <span class='ocrx_word' id='word_1_90' title='bbox 1772 1405 1909 1492; x_wconf 32' lang='lat'>{³334</span> 
     </span>
     <span class='ocr_line' id='line_1_16' title="bbox 52 1436 1707 1544; baseline 0.031 -62"><span class='ocrx_word' id='word_1_91' title='bbox 52 1445 99 1482; x_wconf 91' lang='lat'>15</span> <span class='ocrx_word' id='word_1_92' title='bbox 120 1436 333 1504; x_wconf 81' lang='grc' dir='ltr'>ἀριθμὸν,</span> <span class='ocrx_word' id='word_1_93' title='bbox 359 1445 620 1509; x_wconf 78' lang='grc' dir='ltr'>ἐνομοθέτει</span> <span class='ocrx_word' id='word_1_94' title='bbox 648 1453 696 1504; x_wconf 78' lang='grc' dir='ltr'>δὲ</span> <span class='ocrx_word' id='word_1_95' title='bbox 724 1456 829 1509; x_wconf 90' lang='grc' dir='ltr'>τότε</span> <span class='ocrx_word' id='word_1_96' title='bbox 854 1465 1103 1528; x_wconf 83' lang='grc' dir='ltr'>χρησίμως</span> <span class='ocrx_word' id='word_1_97' title='bbox 1130 1469 1256 1540; x_wconf 71' lang='grc' dir='ltr'>αὐτῷ</span> <span class='ocrx_word' id='word_1_98' title='bbox 1289 1471 1376 1536; x_wconf 84' lang='grc' dir='ltr'>τὴν</span> <span class='ocrx_word' id='word_1_99' title='bbox 1400 1479 1656 1544; x_wconf 86' lang='grc' dir='ltr'>περιτομὴν</span> <span class='ocrx_word' id='word_1_100' title='bbox 1683 1484 1707 1533; x_wconf 86' lang='grc' dir='ltr'>ὁ</span> 
     </span>
     <span class='ocr_line' id='line_1_17' title="bbox 117 1518 1701 1628; baseline 0.03 -61"><span class='ocrx_word' id='word_1_101' title='bbox 117 1518 252 1583; x_wconf 79' lang='grc' dir='ltr'>Θεὸς,</span> <span class='ocrx_word' id='word_1_102' title='bbox 280 1531 477 1588; x_wconf 81' lang='grc' dir='ltr'>σημεῖον</span> <span class='ocrx_word' id='word_1_103' title='bbox 507 1529 671 1599; x_wconf 78' lang='grc' dir='ltr'>ὥσπερ</span> <span class='ocrx_word' id='word_1_104' title='bbox 705 1560 750 1588; x_wconf 87' lang='grc' dir='ltr'>τι</span> <span class='ocrx_word' id='word_1_105' title='bbox 785 1543 861 1591; x_wconf 72' lang='grc' dir='ltr'>καὶ</span> <span class='ocrx_word' id='word_1_106' title='bbox 898 1551 1037 1597; x_wconf 87' lang='grc' dir='ltr'>τοῦτο</span> <span class='ocrx_word' id='word_1_107' title='bbox 1073 1552 1213 1605; x_wconf 73' lang='grc' dir='ltr'>τιθεὶς</span> <span class='ocrx_word' id='word_1_108' title='bbox 1248 1554 1449 1621; x_wconf 70' lang='grc' dir='ltr'>ἐναργὲς,</span> <span class='ocrx_word' id='word_1_109' title='bbox 1476 1559 1546 1610; x_wconf 76' lang='grc' dir='ltr'>ὅτι</span> <span class='ocrx_word' id='word_1_110' title='bbox 1582 1562 1701 1628; x_wconf 89' lang='grc' dir='ltr'>πρό-</span> 
     </span>
     <span class='ocr_line' id='line_1_18' title="bbox 114 1601 1705 1710; baseline 0.031 -61"><span class='ocrx_word' id='word_1_111' title='bbox 114 1601 257 1666; x_wconf 86' lang='grc' dir='ltr'>θυρον</span> <span class='ocrx_word' id='word_1_112' title='bbox 302 1605 465 1676; x_wconf 80' lang='grc' dir='ltr'>ὥσπερ</span> <span class='ocrx_word' id='word_1_113' title='bbox 517 1616 592 1665; x_wconf 78' lang='grc' dir='ltr'>καὶ</span> <span class='ocrx_word' id='word_1_114' title='bbox 643 1627 984 1691; x_wconf 80' lang='grc' dir='ltr'>προεισαγωγή</span> <span class='ocrx_word' id='word_1_115' title='bbox 1033 1652 1102 1684; x_wconf 90' lang='grc' dir='ltr'>τις</span> <span class='ocrx_word' id='word_1_116' title='bbox 1154 1635 1257 1685; x_wconf 74' lang='grc' dir='ltr'>ἐστὶ</span> <span class='ocrx_word' id='word_1_117' title='bbox 1303 1640 1385 1702; x_wconf 89' lang='grc' dir='ltr'>τῆς</span> <span class='ocrx_word' id='word_1_118' title='bbox 1430 1644 1492 1695; x_wconf 86' lang='grc' dir='ltr'>εἷς</span> <span class='ocrx_word' id='word_1_119' title='bbox 1535 1645 1705 1710; x_wconf 82' lang='grc' dir='ltr'>ἀρετὴν</span> 
     </span>
     <span class='ocr_line' id='line_1_19' title="bbox 111 1683 1709 1795; baseline 0.031 -64"><span class='ocrx_word' id='word_1_120' title='bbox 111 1683 402 1752; x_wconf 86' lang='grc' dir='ltr'>τελειότητος</span> <span class='ocrx_word' id='word_1_121' title='bbox 446 1693 472 1756; x_wconf 79' lang='grc' dir='ltr'><em>ἦ</em></span> <span class='ocrx_word' id='word_1_122' title='bbox 514 1701 757 1766; x_wconf 84' lang='grc' dir='ltr'>περιτομὴ,</span> <span class='ocrx_word' id='word_1_123' title='bbox 795 1710 989 1767; x_wconf 79' lang='grc' dir='ltr'>μᾶλλον</span> <span class='ocrx_word' id='word_1_124' title='bbox 1031 1711 1080 1762; x_wconf 71' lang='grc' dir='ltr'>δὲ</span> <span class='ocrx_word' id='word_1_125' title='bbox 1126 1716 1231 1767; x_wconf 73' lang='grc' dir='ltr'>οὐδὲ</span> <span class='ocrx_word' id='word_1_126' title='bbox 1276 1718 1403 1787; x_wconf 27' lang='grc' dir='ltr'>ὅλως,</span> <span class='ocrx_word' id='word_1_127' title='bbox 1442 1726 1709 1795; x_wconf 72' lang='grc' dir='ltr'>ἀφίξεσθαί</span> 
     </span>
     <span class='ocr_line' id='line_1_20' title="bbox 108 1771 1699 1876; baseline 0.031 -63"><span class='ocrx_word' id='word_1_128' title='bbox 108 1785 224 1816; x_wconf 88' lang='grc' dir='ltr'>ποτε</span> <span class='ocrx_word' id='word_1_129' title='bbox 267 1771 387 1836; x_wconf 85' lang='grc' dir='ltr'>πρὸς</span> <span class='ocrx_word' id='word_1_130' title='bbox 431 1778 571 1829; x_wconf 86' lang='grc' dir='ltr'>τοῦτό</span> <span class='ocrx_word' id='word_1_131' title='bbox 618 1804 722 1833; x_wconf 91' lang='grc' dir='ltr'>τινα</span> <span class='ocrx_word' id='word_1_132' title='bbox 764 1792 939 1855; x_wconf 82' lang='grc' dir='ltr'>σαφῶς</span> <span class='ocrx_word' id='word_1_133' title='bbox 981 1794 1247 1862; x_wconf 80' lang='grc' dir='ltr'>ὑποδηλῶν,</span> <span class='ocrx_word' id='word_1_134' title='bbox 1287 1801 1353 1866; x_wconf 77' lang='grc' dir='ltr'>μὴ</span> <span class='ocrx_word' id='word_1_135' title='bbox 1396 1804 1482 1869; x_wconf 81' lang='grc' dir='ltr'>τὴν</span> <span class='ocrx_word' id='word_1_136' title='bbox 1521 1810 1571 1859; x_wconf 82' lang='grc' dir='ltr'>ἐκ</span> <span class='ocrx_word' id='word_1_137' title='bbox 1616 1815 1699 1876; x_wconf 87' lang='grc' dir='ltr'>τῆς</span> 
     </span>
    </p>
   </div>
   <div class='ocr_carea' id='block_1_7' title="bbox 40 1855 1698 1956">
    <p class='ocr_par' dir='ltr' id='par_1_9' title="bbox 40 1855 1698 1956">
     <span class='ocr_line' id='line_1_21' title="bbox 40 1855 1698 1956; baseline 0.032 -64"><span class='ocrx_word' id='word_1_138' title='bbox 40 1866 90 1892; x_wconf 90' lang='lat'>20</span> <span class='ocrx_word' id='word_1_139' title='bbox 109 1855 360 1916; x_wconf 84' lang='grc' dir='ltr'>περιτομῆς</span> <span class='ocrx_word' id='word_1_140' title='bbox 400 1863 852 1933; x_wconf 76' lang='grc' dir='ltr'>σκιαγραφουμένην</span> <span class='ocrx_word' id='word_1_141' title='bbox 892 1871 1063 1940; x_wconf 74' lang='grc' dir='ltr'>ἔχοντα</span> <span class='ocrx_word' id='word_1_142' title='bbox 1104 1879 1355 1948; x_wconf 81' lang='grc' dir='ltr'>κάθαρσιν·</span> <span class='ocrx_word' id='word_1_143' title='bbox 1405 1889 1698 1956; x_wconf 88' lang='grc' dir='ltr'>τελειότητος</span> 
     </span>
    </p>
   </div>
   <div class='ocr_carea' id='block_1_8' title="bbox 16 2184 1888 2853">
    <p class='ocr_par' dir='ltr' id='par_1_10' title="bbox 16 2184 1888 2853">
     <span class='ocr_line' id='line_1_22' title="bbox 98 2184 1691 2283; baseline 0.032 -59"><span class='ocrx_word' id='word_1_144' title='bbox 98 2184 351 2246; x_wconf 82' lang='grc' dir='ltr'>περιτομῆς</span> <span class='ocrx_word' id='word_1_145' title='bbox 383 2190 687 2256; x_wconf 71' lang='grc' dir='ltr'>περιορίζεται</span> <span class='ocrx_word' id='word_1_146' title='bbox 723 2196 953 2264; x_wconf 86' lang='grc' dir='ltr'>χρήσιμα,</span> <span class='ocrx_word' id='word_1_147' title='bbox 980 2212 1235 2273; x_wconf 84' lang='grc' dir='ltr'>περιτομῆς</span> <span class='ocrx_word' id='word_1_148' title='bbox 1270 2214 1326 2262; x_wconf 79' lang='grc' dir='ltr'>δέ</span> <span class='ocrx_word' id='word_1_149' title='bbox 1358 2219 1480 2282; x_wconf 84' lang='grc' dir='ltr'>φημι</span> <span class='ocrx_word' id='word_1_150' title='bbox 1520 2223 1604 2283; x_wconf 90' lang='grc' dir='ltr'>τῆς</span> <span class='ocrx_word' id='word_1_151' title='bbox 1642 2225 1691 2273; x_wconf 84' lang='grc' dir='ltr'>ἐν</span> 
     </span>
     <span class='ocr_line' id='line_1_23' title="bbox 27 2258 1688 2367; baseline 0.031 -63"><span class='ocrx_word' id='word_1_152' title='bbox 27 2268 78 2307; x_wconf 87' lang='lat'>25</span> <span class='ocrx_word' id='word_1_153' title='bbox 97 2258 341 2321; x_wconf 85' lang='grc' dir='ltr'>πνεύματι·</span> <span class='ocrx_word' id='word_1_154' title='bbox 395 2268 507 2319; x_wconf 80' lang='grc' dir='ltr'>ἀλλ’</span> <span class='ocrx_word' id='word_1_155' title='bbox 547 2272 636 2338; x_wconf 73' lang='grc' dir='ltr'>ἤδη</span> <span class='ocrx_word' id='word_1_156' title='bbox 675 2279 750 2327; x_wconf 79' lang='grc' dir='ltr'>καὶ</span> <span class='ocrx_word' id='word_1_157' title='bbox 787 2279 948 2341; x_wconf 91' lang='grc' dir='ltr'>μόνοις</span> <span class='ocrx_word' id='word_1_158' title='bbox 993 2287 1139 2353; x_wconf 82' lang='grc' dir='ltr'>αὐτὴν</span> <span class='ocrx_word' id='word_1_159' title='bbox 1176 2297 1272 2346; x_wconf 80' lang='grc' dir='ltr'>τοῖς</span> <span class='ocrx_word' id='word_1_160' title='bbox 1311 2296 1431 2347; x_wconf 76' lang='grc' dir='ltr'>κατὰ</span> <span class='ocrx_word' id='word_1_161' title='bbox 1470 2302 1688 2367; x_wconf 73' lang='grc' dir='ltr'>Χριστὸν</span> 
     </span>
     <span class='ocr_line' id='line_1_24' title="bbox 94 2338 1685 2449; baseline 0.032 -62"><span class='ocrx_word' id='word_1_162' title='bbox 94 2338 352 2410; x_wconf 71' lang='grc' dir='ltr'>ἐλευθέροις</span> <span class='ocrx_word' id='word_1_163' title='bbox 390 2357 782 2424; x_wconf 78' lang='grc' dir='ltr'>χρεωστουμένην</span> <span class='ocrx_word' id='word_1_164' title='bbox 819 2364 1090 2430; x_wconf 84' lang='grc' dir='ltr'>εὑρήσομεν.</span> <span class='ocrx_word' id='word_1_165' title='bbox 1162 2374 1406 2443; x_wconf 83' lang='grc' dir='ltr'>ἐλεύθερος</span> <span class='ocrx_word' id='word_1_166' title='bbox 1446 2381 1495 2432; x_wconf 74' lang='grc' dir='ltr'>δὲ</span> <span class='ocrx_word' id='word_1_167' title='bbox 1533 2384 1685 2449; x_wconf 81' lang='grc' dir='ltr'>δήπου</span> 
     </span>
     <span class='ocr_line' id='line_1_25' title="bbox 537 2438 1683 2531; baseline 0.031 -46"><span class='ocrx_word' id='word_1_168' title='bbox 537 2438 750 2510; x_wconf 72' lang='grc' dir='ltr'>Χριστῷ,</span> <span class='ocrx_word' id='word_1_169' title='bbox 777 2442 863 2508; x_wconf 85' lang='grc' dir='ltr'>τὴν</span> <span class='ocrx_word' id='word_1_170' title='bbox 885 2448 971 2510; x_wconf 71' lang='grc' dir='ltr'>μὲν</span> <span class='ocrx_word' id='word_1_171' title='bbox 999 2451 1088 2503; x_wconf 79' lang='grc' dir='ltr'>ὑπὸ</span> <span class='ocrx_word' id='word_1_172' title='bbox 1123 2459 1190 2524; x_wconf 75' lang='grc' dir='ltr'>τῷ</span> <span class='ocrx_word' id='word_1_173' title='bbox 1226 2459 1438 2531; x_wconf 78' lang='grc' dir='ltr'>διαβόλῳ</span> <span class='ocrx_word' id='word_1_174' title='bbox 1466 2466 1683 2520; x_wconf 81' lang='grc' dir='ltr'>δουλείαν</span> 
     </span>
     <span class='ocr_line' id='line_1_26' title="bbox 90 2505 1677 2609; baseline 0.033 -58"><span class='ocrx_word' id='word_1_175' title='bbox 90 2505 166 2553; x_wconf 79' lang='grc' dir='ltr'>καὶ</span> <span class='ocrx_word' id='word_1_176' title='bbox 201 2505 284 2557; x_wconf 85' lang='grc' dir='ltr'>τὸν</span> <span class='ocrx_word' id='word_1_177' title='bbox 310 2513 390 2574; x_wconf 89' lang='grc' dir='ltr'>τῆς</span> <span class='ocrx_word' id='word_1_178' title='bbox 418 2514 646 2582; x_wconf 80' lang='grc' dir='ltr'>ἁμαρτίας</span> <span class='ocrx_word' id='word_1_179' title='bbox 672 2521 812 2588; x_wconf 72' lang='grc' dir='ltr'>ζυγὸν</span> <span class='ocrx_word' id='word_1_180' title='bbox 838 2529 1218 2597; x_wconf 80' lang='grc' dir='ltr'>ἀποσεισάμενος</span> <span class='ocrx_word' id='word_1_181' title='bbox 1253 2541 1277 2590; x_wconf 87' lang='grc' dir='ltr'>ὁ</span> <span class='ocrx_word' id='word_1_182' title='bbox 1312 2542 1572 2609; x_wconf 75' lang='grc' dir='ltr'>ἅνθρωπος,</span> <span class='ocrx_word' id='word_1_183' title='bbox 1601 2554 1677 2603; x_wconf 79' lang='grc' dir='ltr'>καὶ</span> 
     </span>
     <span class='ocr_line' id='line_1_27' title="bbox 88 2585 1888 2706; baseline 0.032 -73"><span class='ocrx_word' id='word_1_184' title='bbox 88 2585 344 2658; x_wconf 76' lang='grc' dir='ltr'>διαῤῥήξας</span> <span class='ocrx_word' id='word_1_185' title='bbox 373 2594 459 2655; x_wconf 76' lang='grc' dir='ltr'>μὲν</span> <span class='ocrx_word' id='word_1_186' title='bbox 484 2597 590 2653; x_wconf 76' lang='grc' dir='ltr'>τοὺς</span> <span class='ocrx_word' id='word_1_187' title='bbox 625 2603 809 2658; x_wconf 85' lang='grc' dir='ltr'>ἐκείνων</span> <span class='ocrx_word' id='word_1_188' title='bbox 834 2611 1048 2676; x_wconf 75' lang='grc' dir='ltr'>δεσμοὺς,</span> <span class='ocrx_word' id='word_1_189' title='bbox 1077 2618 1201 2669; x_wconf 78' lang='grc' dir='ltr'>καθὰ</span> <span class='ocrx_word' id='word_1_190' title='bbox 1234 2621 1508 2690; x_wconf 80' lang='grc' dir='ltr'>γέγραπται,</span> <span class='ocrx_word' id='word_1_191' title='bbox 1536 2630 1590 2681; x_wconf 81' lang='grc' dir='ltr'>τὸ</span> <span class='ocrx_word' id='word_1_192' title='bbox 1625 2633 1675 2685; x_wconf 76' lang='grc' dir='ltr'>δὲ</span> <span class='ocrx_word' id='word_1_193' title='bbox 1736 2664 1789 2696; x_wconf 65' lang='lat' dir='ltr'>pg,</span> <span class='ocrx_word' id='word_1_194' title='bbox 1807 2666 1840 2697; x_wconf 79' lang='lat' dir='ltr'>ii</span> <span class='ocrx_word' id='word_1_195' title='bbox 1860 2676 1888 2706; x_wconf 68' lang='lat'>3,</span> 
     </span>
     <span class='ocr_line' id='line_1_28' title="bbox 16 2672 1710 2776; baseline 0.032 -62"><span class='ocrx_word' id='word_1_196' title='bbox 16 2683 69 2719; x_wconf 87' lang='lat'>30</span> <span class='ocrx_word' id='word_1_197' title='bbox 87 2672 312 2737; x_wconf 86' lang='grc' dir='ltr'>λαμπρόν</span> <span class='ocrx_word' id='word_1_198' title='bbox 336 2697 386 2725; x_wconf 92' lang='grc' dir='ltr'>τε</span> <span class='ocrx_word' id='word_1_199' title='bbox 412 2680 487 2729; x_wconf 83' lang='grc' dir='ltr'>καὶ</span> <span class='ocrx_word' id='word_1_200' title='bbox 515 2682 855 2748; x_wconf 82' lang='grc' dir='ltr'>ἀτυράννευτον</span> <span class='ocrx_word' id='word_1_201' title='bbox 881 2696 964 2757; x_wconf 86' lang='grc' dir='ltr'>τῆς</span> <span class='ocrx_word' id='word_1_202' title='bbox 991 2698 1289 2766; x_wconf 86' lang='grc' dir='ltr'>δικαιοσύνης</span> <span class='ocrx_word' id='word_1_203' title='bbox 1314 2707 1671 2776; x_wconf 84' lang='grc' dir='ltr'>ἀναδησάμενος</span> <span class='ocrx_word' id='word_1_204' title='bbox 1689 2741 1710 2768; x_wconf 81' lang='lat' dir='ltr'><strong>e</strong></span> 
     </span>
     <span class='ocr_line' id='line_1_29' title="bbox 84 2750 1488 2853; baseline 0.031 -55"><span class='ocrx_word' id='word_1_205' title='bbox 84 2750 318 2819; x_wconf 84' lang='grc' dir='ltr'>καύχημα,</span> <span class='ocrx_word' id='word_1_206' title='bbox 346 2758 644 2829; x_wconf 84' lang='grc' dir='ltr'>δικαιοσύνης</span> <span class='ocrx_word' id='word_1_207' title='bbox 670 2768 727 2818; x_wconf 77' lang='grc' dir='ltr'>δέ</span> <span class='ocrx_word' id='word_1_208' title='bbox 744 2774 866 2839; x_wconf 87' lang='grc' dir='ltr'>φημι</span> <span class='ocrx_word' id='word_1_209' title='bbox 892 2779 976 2839; x_wconf 90' lang='grc' dir='ltr'>τῆς</span> <span class='ocrx_word' id='word_1_210' title='bbox 997 2779 1046 2828; x_wconf 85' lang='grc' dir='ltr'>ἐν</span> <span class='ocrx_word' id='word_1_211' title='bbox 1071 2782 1229 2833; x_wconf 85' lang='grc' dir='ltr'>πίστει</span> <span class='ocrx_word' id='word_1_212' title='bbox 1257 2788 1488 2853; x_wconf 83' lang='grc' dir='ltr'>Χριστοῦ.</span> 
     </span>
    </p>
   </div>
   <div class='ocr_carea' id='block_1_9' title="bbox 91 2419 510 2483">
    <p class='ocr_par' dir='ltr' id='par_1_11' title="bbox 91 2419 510 2483">
     <span class='ocr_line' id='line_1_30' title="bbox 91 2419 510 2483; baseline 0.033 -14"><span class='ocrx_word' id='word_1_213' title='bbox 91 2419 281 2479; x_wconf 81' lang='grc' dir='ltr'>πάντως</span> <span class='ocrx_word' id='word_1_214' title='bbox 306 2429 437 2480; x_wconf 79' lang='grc' dir='ltr'>ἐστὶν</span> <span class='ocrx_word' id='word_1_215' title='bbox 462 2434 510 2483; x_wconf 84' lang='grc' dir='ltr'>ἐν</span> 
     </span>
    </p>
   </div>
   <div class='ocr_carea' id='block_1_10' title="bbox 77 2892 1666 3082">
    <p class='ocr_par' dir='ltr' id='par_1_12' title="bbox 77 2892 1666 3027">
     <span class='ocr_line' id='line_1_31' title="bbox 128 2892 1666 2980; baseline 0.032 -58"><span class='ocrx_word' id='word_1_216' title='bbox 128 2897 162 2932; x_wconf 89' lang='lat'>5.</span> <span class='ocrx_word' id='word_1_217' title='bbox 189 2892 207 2924; x_wconf 88' lang='grc' dir='ltr'>ὁ</span> <span class='ocrx_word' id='word_1_218' title='bbox 224 2903 294 2928; x_wconf 90' lang='lat' dir='ltr'>om.</span> <span class='ocrx_word' id='word_1_219' title='bbox 314 2895 357 2930; x_wconf 92' lang='lat' dir='ltr'>B.</span> <span class='ocrx_word' id='word_1_220' title='bbox 576 2914 629 2940; x_wconf 86' lang='lat'>12.</span> <span class='ocrx_word' id='word_1_221' title='bbox 654 2904 810 2955; x_wconf 77' lang='grc' dir='ltr'>Ἀβραὰμ</span> <span class='ocrx_word' id='word_1_222' title='bbox 827 2922 1048 2960; x_wconf 85' lang='lat' dir='ltr'><strong>assumptum</strong></span> <span class='ocrx_word' id='word_1_223' title='bbox 1069 2931 1109 2953; x_wconf 88' lang='lat' dir='ltr'>ex</span> <span class='ocrx_word' id='word_1_224' title='bbox 1130 2920 1172 2955; x_wconf 91' lang='lat' dir='ltr'>B.</span> <span class='ocrx_word' id='word_1_225' title='bbox 1392 2929 1446 2964; x_wconf 87' lang='lat'>16.</span> <span class='ocrx_word' id='word_1_226' title='bbox 1471 2931 1605 2980; x_wconf 79' lang='grc' dir='ltr'>ἐυεργὲς</span> <span class='ocrx_word' id='word_1_227' title='bbox 1625 2937 1666 2972; x_wconf 93' lang='grc' dir='ltr'>Β.</span> 
     </span>
     <span class='ocr_line' id='line_1_32' title="bbox 82 2939 1665 3027; baseline 0.032 -59"><span class='ocrx_word' id='word_1_228' title='bbox 82 2945 137 2980; x_wconf 91' lang='lat'>19.</span> <span class='ocrx_word' id='word_1_229' title='bbox 162 2939 221 2981; x_wconf 82' lang='grc' dir='ltr'>τῆς</span> <span class='ocrx_word' id='word_1_230' title='bbox 238 2951 308 2976; x_wconf 90' lang='lat' dir='ltr'>om.</span> <span class='ocrx_word' id='word_1_231' title='bbox 329 2942 372 2978; x_wconf 92' lang='lat' dir='ltr'>B.</span> <span class='ocrx_word' id='word_1_232' title='bbox 510 2948 564 2983; x_wconf 83' lang='lat'>28.</span> <span class='ocrx_word' id='word_1_233' title='bbox 592 2953 609 2984; x_wconf 89' lang='grc' dir='ltr'>ὁ</span> <span class='ocrx_word' id='word_1_234' title='bbox 627 2964 698 2989; x_wconf 91' lang='lat' dir='ltr'>om.</span> <span class='ocrx_word' id='word_1_235' title='bbox 718 2956 760 2991; x_wconf 90' lang='lat' dir='ltr'>B.</span> <span class='ocrx_word' id='word_1_236' title='bbox 898 2972 953 3007; x_wconf 88' lang='lat'>29.</span> <span class='ocrx_word' id='word_1_237' title='bbox 978 2964 1056 3011; x_wconf 77' lang='grc' dir='ltr'>μὲν]</span> <span class='ocrx_word' id='word_1_238' title='bbox 1077 2966 1112 3000; x_wconf 80' lang='grc' dir='ltr'>δέ</span> <span class='ocrx_word' id='word_1_239' title='bbox 1133 2968 1173 3001; x_wconf 89' lang='grc' dir='ltr'>Β.</span> <span class='ocrx_word' id='word_1_240' title='bbox 1303 2983 1361 3018; x_wconf 86' lang='lat'>31.</span> <span class='ocrx_word' id='word_1_241' title='bbox 1388 2976 1427 3009; x_wconf 79' lang='grc' dir='ltr'>δέ</span> <span class='ocrx_word' id='word_1_242' title='bbox 1442 2989 1665 3027; x_wconf 82' lang='lat' dir='ltr'>assumptum</span> 
     </span>
     <span class='ocr_line' id='line_1_33' title="bbox 77 2983 233 3019; baseline 0.026 -4"><span class='ocrx_word' id='word_1_243' title='bbox 77 2992 119 3015; x_wconf 85' lang='lat' dir='ltr'>ex</span> <span class='ocrx_word' id='word_1_244' title='bbox 138 2983 233 3019; x_wconf 91' lang='grc' dir='ltr'>Β.Ι).</span> 
     </span>
    </p>

    <p class='ocr_par' dir='ltr' id='par_1_13' title="bbox 132 3050 278 3082">
     <span class='ocr_line' id='line_1_34' title="bbox 132 3050 278 3082; baseline 0.034 -5"><span class='ocrx_word' id='word_1_245' title='bbox 132 3050 224 3080; x_wconf 87' lang='lat' dir='ltr'><strong>VOL.</strong></span> <span class='ocrx_word' id='word_1_246' title='bbox 248 3054 278 3082; x_wconf 90' lang='lat'>1.</span> 
     </span>
    </p>
   </div>
   <div class='ocr_carea' id='block_1_11' title="bbox 822 3075 903 3113">
    <p class='ocr_par' dir='ltr' id='par_1_14' title="bbox 822 3075 903 3113">
     <span class='ocr_line' id='line_1_35' title="bbox 822 3075 903 3113; baseline 0.025 -14"><span class='ocrx_word' id='word_1_247' title='bbox 822 3075 903 3113; x_wconf 61' lang='lat'>411</span> 
     </span>
    </p>
   </div>
  </div>
 </body>
</html>
