2084 3317
165 179 203 204 v.
227 179 290 220 19.
419 169 493 210 IN
536 170 577 211 S.
613 172 949 214 JOANNEM.
1014 176 1135 217 LIB.
1172 178 1232 218 II.
1296 179 1430 219 CAP.
1456 180 1533 220 VI.
1664 182 1746 222 323

160 275 416 340 περιμένειν
442 277 535 344 γὰρ
562 279 703 331 αὐτὸν
726 284 989 348 ἀναγκαίως
1016 287 1294 351 ἐνεργοῦντα
1321 290 1748 350 διαβεβαιώσονται

158 355 242 406 τὸν
269 357 461 423 Πατέρα
484 358 602 426 πρὸς
628 361 682 413 τὸ
709 363 1017 430 θεωρήσαντα
1052 372 1231 430 μαθεῖν.
1287 373 1388 423 πῶς
1414 371 1495 422 οῦν
1521 369 1615 423 οἶδε
1641 379 1668 402 “
1687 372 1746 424 τὰ
1810 386 1901 463 gist-

159 438 368 490 “πάντα
407 463 518 507 πριν
559 465 787 508 γενεσεως
828 447 1008 497 αὐτῶν·
999 489 1011 510 ,
1031 447 1110 514 ’ἢ
1151 455 1251 505 πῶς
1292 451 1547 516 ἀληθεύσει
1590 453 1746 520 λεγων
1835 441 1872 462 us
1895 440 1949 470 4²

160 519 298 575 αὐτὸς
323 524 429 588 περὶ
457 525 620 576 ἑαυτοῦ
640 532 667 555 “
684 526 806 581 Θεὸς
830 527 1073 595 ἐγγιζων
1050 531 1143 597 εγώ
1170 537 1274 597 εἶμι,
1296 533 1421 600 λέγει
1454 534 1640 601 Κύριος,
1669 559 1744 587 και
1806 545 1902 621 ἓξὲξ
1912 600 1969 631 23·

1732 617 1743 635 x
1963 616 1970 626 ,

115 615 137 651 5
159 607 185 630 “
211 603 313 671 οὐχὶ
340 602 460 659 Θεὸς
486 606 741 675 πόῤῥωθεν
771 610 837 675 μὴ
863 613 941 662 ἀπ’
969 615 1082 677 ἐμοῦ
1107 614 1401 681 κρυβήσεταί
1420 640 1499 680 τι;
1506 617 1529 633 ”
1570 623 1670 673 πῶς
1697 621 1744 669 δε
1764 647 1785 673 e
1805 634 1919 716 ξξΧῑΧ-

156 684 239 735 οὐκ
265 686 443 738 ἄτοπόν
461 711 511 739 τε
536 691 611 741 καὶ
638 692 813 755 ἀμαθες
831 692 885 744 τὸ
911 694 996 757 μὲν
1013 699 1210 760 Πνεῦμα
1230 698 1467 750 πιστεύειν
1487 702 1674 767 ἐρευνᾶν
1693 725 1744 753 τε
1809 721 1912 770 geor.

156 789 232 817 και
258 769 421 820 ειδέναι
449 770 506 820 τὰ
531 771 660 837 βάθη
687 780 768 825 τοῦ
789 778 928 838 Θεοῦ,
948 775 1031 828 τὸν
1056 777 1104 829 δε
1130 785 1212 830 τοῦ
1235 781 1510 845 Πνεύματος
1534 783 1744 851 χορηγὸν
1807 773 1903 796 Π”ΙΟ’

154 850 202 900 ἐν
240 853 407 920 ἀγνοια
445 854 728 906 καθεστάναι
768 858 965 924 νομίζειν
1003 864 1097 911 τῶν
1137 885 1287 928 εργων
1325 870 1409 915 τοῦ
1437 865 1628 931 Πατρὸς
1666 869 1742 917 καὶ

153 937 236 982 τοῦ
283 935 399 984 ἰδίου
445 937 734 1001 Πνεῦματος,
781 939 899 991 ὅσον
942 944 1004 995 εἷς
1054 948 1236 1008 γνῶσιν
1281 946 1734 1009 ἀπολιμπάνεσθαι·
1723 990 1736 1010 ,

85 1036 132 1061 10
151 1011 242 1080 ἀρα
278 1014 372 1082 γὰρ
413 1019 495 1068 οὐκ
537 1020 779 1081 ἀποβαλεῖ
815 1045 890 1074 και
928 1023 983 1074 τὸ
1021 1022 1135 1076 εἶναι
1170 1028 1324 1095 σοφια
1359 1027 1526 1080 λοιπον
1560 1031 1584 1081 ὁ
1611 1030 1739 1091 Υἱὸς,

149 1097 334 1164 ἔπειπερ
370 1099 492 1153 ὅλως
526 1103 690 1167 ἀγνοεῖ
721 1106 795 1155 καὶ
836 1106 1071 1168 λαμβάνει
1110 1107 1186 1159 δια
1224 1110 1509 1174 μαθήσεως·
1498 1153 1510 1173 ,
1562 1114 1740 1182 σοφίας

147 1178 240 1245 γὰρ
277 1185 468 1243 μᾶλλον
502 1184 635 1235 ἐσται
675 1187 878 1241 δεκτικὸς
916 1188 1036 1256 ἠπερ
1069 1190 1182 1243 αὐτὸ
1222 1215 1342 1244 κατα
1382 1195 1532 1262 φύσιν
1564 1198 1734 1264 σοφία.

148 1263 300 1331 σοφια
326 1263 419 1331 γὰρ
446 1265 500 1316 τὸ
527 1273 727 1335 σοφοῦν,
749 1269 803 1320 οὐ
829 1269 882 1321 τὸ
909 1277 1186 1339 σοφοῦσθαι
1211 1275 1435 1344 πεφυκὸς,
1462 1275 1628 1345 ὡσπερ
1655 1280 1737 1331 οῦν

145 1344 310 1407 ἀμέλει
354 1349 430 1398 καὶ
475 1354 577 1417 φῶς
621 1350 676 1401 τὸ
721 1351 939 1420 φωτίζον,
982 1356 1035 1406 οὐ
1078 1354 1132 1407 τὸ
1174 1358 1462 1456 φωτιζεσθαι
1505 1362 1731 1429 πεφυκός.
1754 1384 1776 1409 a
1811 1376 1889 1412 219
1908 1376 1959 1412 A·

79 1448 125 1486 15
146 1428 312 1479 οὐκοῦν
338 1429 494 1529 ἕτερόν
520 1455 562 1483 τι
588 1432 736 1485 πάλιν
763 1434 902 1490 αὐτὸς
937 1437 1067 1536 παρὰ
1100 1439 1186 1504 τὴν
1211 1442 1259 1491 ἐν
1285 1443 1411 1511 αὐτῷ
1437 1444 1631 1513 σοφίαν,
1658 1447 1735 1497 καὶ

142 1516 331 1577 πρῶτον
371 1513 454 1576 μὲν
493 1538 579 1583 ουχ
618 1518 814 1581 ἁπλοῦς,
846 1521 956 1571 ἀλλ’
993 1523 1043 1571 ἐκ
1082 1522 1164 1573 δύο
1202 1524 1373 1575 λοιπὸν
1408 1548 1730 1591 συγκειμενος·

141 1616 241 1644 ειτα
274 1595 393 1661 πρὸς
428 1598 592 1668 τούτω,
621 1622 695 1650 και
730 1600 784 1651 τὸ
820 1599 932 1654 εἶναι
961 1603 1082 1658 Θεὸς
1113 1606 1354 1670 ἀπολεσει,
1383 1607 1508 1659 Θεὸν
1534 1610 1590 1659 δέ
1611 1614 1734 1678 φημι

141 1675 261 1727 κατὰ
303 1678 452 1747 φύσιν
493 1703 568 1731 και
613 1683 868 1739 οὐσιωδῶς·
908 1687 1160 1751 μαθήσεως
1203 1687 1296 1755 γὰρ
1340 1692 1424 1753 τῆς
1469 1689 1564 1741 ἀπό
1608 1714 1732 1747 τινος

140 1757 266 1814 ολως
291 1762 366 1811 καὶ
394 1762 592 1827 διπλόης
617 1767 698 1828 τῆς
726 1765 844 1817 κατὰ
863 1767 1139 1820 σύνθεσιν
1114 1794 1142 1835 η
1164 1771 1264 1821 θεία
1290 1772 1436 1841 φύσις
1461 1774 1544 1823 οὐκ
1570 1775 1728 1842 ἀνέχε-

71 1860 120 1885 20
140 1863 227 1903 ται,
279 1845 355 1893 καὶ
408 1844 461 1894 τὸ
513 1847 700 1897 ἁπλοῦν
742 1850 804 1903 ὡς
849 1849 965 1901 ἴδιον
1009 1852 1192 1918 ἀγαθὸν
1233 1856 1308 1904 καὶ
1354 1854 1408 1905 τὸ
1454 1855 1730 1908 παντέλειον

137 1923 328 1991 ε”χο.υσα
384 1930 460 1978 καὶ
499 1932 536 1978 εἱ
576 1927 642 1993 μὴ
682 1930 784 1982 ἐστι
818 1931 940 1987 Θεὸς
978 1934 1098 1985 κατὰ
1140 1936 1340 2003 φύσιν
1320 1959 1345 1987 ο
1375 1936 1502 2000 Υιὸς,
1528 1943 1630 1993 πῶς
1668 1940 1728 1991 τὰ

133 2006 264 2077 μόνω
307 2009 549 2075 πρέποντα
594 2016 660 2062 τῶ
699 2017 808 2083 Θεῷ
846 2039 921 2066 και
965 2017 1142 2084 ἐνεργεῖ
1181 2020 1256 2084 καὶ
1301 2019 1573 2086 ἐργάζεται·
1561 2062 1573 2083 ,
1633 2019 1727 2088 ἆρα

134 2087 228 2154 γὰρ
249 2090 560 2159 ἐξαρκέσειν’
538 2101 725 2193 εροῦσιν
753 2098 878 2167 αὐτῷ
903 2121 977 2149 και
1003 2098 1123 2166 πρὸς
1149 2101 1346 2165 δύναμιν
1366 2102 1451 2167 τὴν
1472 2107 1723 2170 θεοπρεπῆ,
1743 2111 1769 2152 b

132 2170 186 2221 τὸ
220 2173 367 2236 μόνον
406 2177 569 2227 ἷδεῖν’
547 2184 825 2245 ενεργοῦντα
860 2206 927 2233 τον
969 2181 1164 2251 How-epa,
1191 2188 1265 2235 καὶ
1302 2184 1379 2236 διὰ
1410 2189 1561 2254 ψιλῆς
1596 2188 1721 2238 ἀπο-

64 2263 111 2302 25
133 2257 356 2320 κερδαίνει
391 2261 474 2322 τῆς
498 2259 605 2314 θέας
642 2261 697 2312 τὸ
736 2260 850 2313 εἶναι
889 2264 1008 2315 κατὰ
1048 2265 1198 2334 φύσιν
1233 2267 1369 2330 Θεὸς,
1402 2270 1477 2319 καὶ
1509 2274 1723 2320 τοσαῦτα

130 2336 364 2390 δύνασθαι
407 2346 569 2405 ποιεῖν,
609 2343 793 2410 ὅσαπερ
835 2343 894 2396 ἂν
936 2348 1012 2398 καὶ
1052 2347 1076 2397 ὁ
1115 2349 1335 2400 δεικνύων
1373 2351 1529 2420 αὐτῷ;
1589 2352 1720 2402 οὐδὲν

0 2444 1 2461 ι
129 2420 211 2470 οῦν
236 2420 328 2487 ἄρα
363 2421 416 2473 τὸ
453 2424 639 2475 κωλύον
663 2427 780 2489 ἐστὶ,
807 2429 882 2478 καὶ
915 2429 1128 2484 πολλοῦς
1168 2432 1277 2496 ἡμῖν
1311 2433 1491 2499 ἑτέρους
1530 2434 1716 2485 ἀναδει-

0 2464 3 2573 >
126 2505 295 2569 χθῆναι
328 2505 475 2564 θεοὺς,
504 2507 821 2572 ἐθελήσαντος
856 2513 931 2562 καὶ
966 2513 1122 2567 αὐτοῖς
1159 2514 1382 2583 ἐπιδεῖξαι
1418 2521 1500 2566 τοῦ
1529 2517 1719 2583 Πατρὸς

127 2589 222 2637 τῶν
249 2588 427 2639 οἰκείων
461 2589 613 2656 ἔργων
649 2590 734 2656 τὴν
769 2593 891 2656 ὁδὸν,
918 2596 993 2644 καὶ
1031 2596 1080 2645 ἐν
1113 2597 1180 2665 τῷ
1216 2601 1382 2660 μαθεῖν
1419 2620 1461 2648 τι
1499 2598 1718 2665 περιττὸν

171 2787 205 2821 3
230 2776 386 2820 ἀληθεύει
407 2778 448 2813 Β.
629 2791 663 2828 5.
690 2784 776 2820 Θεὸς
784 2791 1014 2844 'assumptum
1033 2798 1074 2820 ex
1095 2786 1137 2821 B.
1320 2787 1353 2822 6.
1379 2789 1417 2822 τὸ
1435 2804 1496 2829 μεν
1513 2792 1650 2834 Πνεῦμα
1671 2791 1712 2826 Β.

123 2825 170 2868 τῷ
187 2824 248 2866 μὲν
263 2824 425 2867 πνεύματι
446 2825 510 2860 Ed.
699 2841 751 2865 10.
777 2834 842 2876 ἀρα
859 2831 982 2877 γιιρ]”
963 2847 1026 2877 ορα
1043 2832 1102 2867 οῦν
1120 2834 1162 2868 Β.
1358 2845 1410 2880 17.
1437 2837 1522 2877 πρὸς
1538 2837 1646 2884 τούτῳ
1666 2839 1712 2875 D

123 2916 216 2951 edidi
241 2930 282 2952 ex
313 2918 355 2953 B.
382 2919 441 2964 qui
467 2912 698 2965 ἅποκερδιιίνει
728 2925 786 2968 τῆς
811 2925 902 2960 θείας
931 2925 1360 2972 exhibet.d⁷r01<ep8m‘vav
1382 2929 1447 2964 Ed.
1474 2930 1529 2963 cui
1555 2943 1605 2976 pra
1597 2933 1712 2968 1efixit

123 2980 233 3026 ὅψεως
254 2983 307 3026 (-
317 2982 448 3028 ὄψεως)
469 2985 531 3018 Mis
519 2997 599 3030 stne.
698 2989 752 3023 28.
779 2989 891 3025 αὐτοῖς
912 2990 951 3024 Β.
971 2991 1073 3025 αὐτου
1094 2991 1157 3025 Ε(].
1211 2992 1336 3028 Statim
1355 2986 1586 3039 ἐπιδείξασθαι
1611 2999 1650 3034 Β

0 2795 6 2888 Ι
123 2872 208 2914 πρὸς
225 2873 326 2905 τοῦτο
347 2871 412 2906 Ed.
573 2885 627 2908 22.
654 2878 701 2922 τῷ
719 2885 939 2923 assumptum
959 2891 1000 2913 ex
1023 2880 1062 2914 B.
1232 2892 1287 2923 24.
1312 2882 1544 2927 ἀποκερδαίνει
1561 2886 1618 2927 τῆς
1636 2886 1713 2921 θέας

0 2887 12 3317 ι
869 3058 891 3085 'r
914 3049 928 3084 t
956 3059 975 3087 2
