2073 3296
340 185 397 223 44
740 184 790 224 B.
825 184 1098 226 CYRILLI
1140 186 1515 228 ALEXANDR.
1835 182 1920 222 i·1·

342 289 370 353 ἢ
397 295 562 344 σκεῦος
589 292 636 341 ἐν
660 291 828 355 σκεύει,
857 295 1001 347 οὕτως
1029 292 1142 344 εἶναι
1167 294 1381 361 χωρητὸν
1407 296 1455 344 ἐν
1475 296 1576 361 Υἰῲ
1601 292 1683 343 τὸν
1712 292 1919 356 Πατέρα,

340 370 370 435 ἢ
422 372 480 421 αὖ
528 371 675 423 πάλιν
719 372 801 424 τὸν
842 373 958 424 Υὶὸν
1002 375 1427 441 ἀντεμβιβάζεσθαι
1478 374 1654 440 τρόπον
1703 371 1806 423 τινὰ
1856 374 1923 440 τῷ

345 453 516 518 Πατρί·
560 453 693 508 οὗτος
732 453 780 505 δὲ
817 456 866 505 ἐν
895 456 1065 525 ἐκείνῳ,
1101 457 1306 509 κάκεῖνος
1345 457 1393 506 ἐν
1422 455 1572 524 τούτῳ
1610 455 1822 523 φαίνεται
1860 454 1923 506 ὡς·

302 552 324 579 e
342 534 390 584 ἐν
419 533 666 599 ταυτότητι
701 538 783 599 τῆς
817 536 980 590 οὐσίας
1014 535 1383 606 ἀπαραλλάκτῳ,
1416 539 1491 587 καὶ
1525 539 1583 603 τῇ
1617 534 1736 586 κατὰ
1774 534 1924 603 φύσιν

341 614 526 680 ἑνότητί
555 638 606 667 τε
640 618 714 667 καὶ
750 616 1001 681 ὁμοιότητι.
1051 617 1214 683 ὥσπερ
1241 617 1298 668 ἂν
1321 617 1363 668 εἵ
1391 640 1460 671 τις
1494 620 1569 667 καὶ
1600 617 1648 667 ἐν
1674 614 1811 667 εἰκόνι
1837 613 1962 678 τὴν5

341 698 510 747 οἰκείαν
535 696 884 760 καταθεώμενος
916 697 1106 766 μορφὴν
1131 698 1318 763 λέγοιτο
1348 696 1466 764 πρός
1499 720 1627 751 τινας
1660 695 1919 760 ἀληθεύων,

340 778 417 828 καὶ
455 776 541 842 τὴν
571 781 632 831 εἰς
667 778 811 845 ι’ίκρον
839 778 1164 848 ἐξησκημένην
1194 779 1440 847 ἐμφέρειαν
1469 784 1552 829 τοῦ
1592 779 1757 829 οἰκείου
1791 776 1917 844 σχή-

339 879 488 920 ματος·
525 858 846 925 ἀποθαυμάζοι
890 863 1019 921 βοῶν
1056 859 1186 924 Ἐγὼ
1230 861 1278 910 ἐν
1318 861 1427 927 τῇδε
1469 863 1528 927 τῇ
1570 862 1734 927 γραφῇ
1780 860 1857 909 καὶ
1893 858 1922 922 ἡ

339 938 504 1005 γραφὴ
538 938 588 990 δὲ
621 940 671 990 ἐν
703 940 817 1003 ἐμοί.
884 940 913 1005 ἢ
953 943 1028 991 καὶ
1062 940 1169 992 καθ’
1197 940 1353 1007 ἕτερον
1384 940 1573 1007 τρόπον,
1600 939 1762 1006 ὥσπερ
1798 938 1855 990 ἂν
1885 942 1924 989 εἰ

339 1021 416 1070 καὶ
450 1020 478 1083 ἡ
516 1025 600 1071 τοῦ
633 1020 822 1084 μέλιτος
855 1026 1049 1088 γλυκεῖα
1086 1021 1275 1087 ποιότης
1310 1023 1549 1073 ἐντεθεῖσα
1586 1022 1779 1089 γλώττῃ
1818 1023 1924 1086 περὶ
1945 1042 1994 1068 10

340 1102 505 1165 ἑαυτῆς
538 1102 671 1168 λέγοι
696 1101 826 1168 Ἐγὼ
860 1105 908 1154 ἐν
933 1106 999 1172 τῷ
1032 1101 1186 1166 με’λιτι
1225 1105 1300 1154 καὶ
1334 1103 1388 1154 τὸ
1424 1102 1532 1167 μέλι
1568 1101 1616 1153 δὲ
1649 1104 1698 1152 ἐν
1727 1102 1844 1165 ἐμοί·
1892 1100 1922 1166 ἢ
2066 1168 2068 1170 -

118 1197 175 1231 29
193 1196 242 1231 A.
300 1205 323 1231 a
340 1185 415 1233 καὶ
440 1182 604 1249 ὥσπερ
629 1182 777 1235 πάλιν
802 1188 840 1235 εἰ
872 1184 900 1248 ἡ
935 1186 985 1235 ἐκ
1019 1183 1165 1250 πυρὸς
1197 1188 1411 1253 φυσικῶς
1436 1189 1672 1250 προϊοῦσα
1697 1182 1925 1249 θερμότης
2064 1192 2068 1226 4

340 1261 505 1331 φωνὴν
543 1265 736 1332 ἀφιεῖσα
774 1265 905 1331 λέγοι
942 1265 1071 1332 Ἐγὼ
1110 1267 1158 1316 ἐν
1195 1270 1261 1335 τῷ
1298 1269 1410 1332 πυρὶ
1451 1267 1526 1317 καὶ
1563 1263 1618 1316 τὸ
1656 1270 1751 1331 πῦρ
1789 1263 1839 1315 δὲ
1876 1265 1925 1315 ἐν

339 1345 457 1408 ἐμοί.
515 1344 619 1396 ἔστι
661 1344 748 1409 μὲν
790 1345 883 1412 γάρ
926 1370 1027 1401 πως
1070 1351 1164 1398 τῶν
1207 1348 1457 1413 εἰρημένων
1501 1347 1703 1397 ἕκαστον
1745 1346 1924 1414 ἐπινοίᾳ

337 1424 577 1489 μεριστὸν,
605 1424 653 1476 ἓν
680 1426 728 1477 δὲ
763 1431 821 1494 τῇ
858 1428 1014 1496 φύσει,
1043 1430 1117 1479 καὶ
1152 1428 1200 1479 ἓν
1226 1429 1284 1497 ἐξ
1315 1427 1429 1492 ἑνὸς,
1455 1429 1694 1497 ἀμερίστῳ
1727 1428 1815 1478 τινὶ
1849 1428 1924 1477 καὶ
1946 1449 1993 1488 15

337 1504 609 1576 ἀδιαστάτῳ
634 1506 823 1577 προόδῳ
850 1509 1135 1574 προκύπτον,
1162 1508 1325 1575 ὥσπερ
1352 1511 1427 1560 καὶ
1452 1509 1732 1577 χωρίζεσθαι
1758 1512 1924 1559 δοκοῦν

337 1592 421 1638 τοῦ
446 1588 494 1638 ἐν
518 1584 645 1656 ᾧπέρ
671 1590 815 1642 ἐστιν.
866 1589 990 1653 ὅμως
1017 1591 1058 1641 δ’
1089 1591 1170 1642 οῦν
1195 1595 1232 1642 εἰ
1258 1593 1334 1642 καὶ
1359 1597 1525 1642 τοῦτον
1551 1591 1643 1658 ἔχει
1668 1589 1751 1642 τὸν
1776 1589 1925 1644 τύπον

337 1672 433 1719 τῶν
464 1669 532 1720 ἐπ’
567 1670 722 1724 αὐτοῖς
757 1671 1003 1735 νοημάτων
1035 1672 1064 1736 ἡ
1101 1672 1306 1737 δύναμις,
1333 1671 1444 1723 ἀλλ’
1473 1671 1522 1723 ἓν
1554 1674 1602 1723 ἐν
1633 1672 1772 1742 ἑτέρῳ
1807 1671 1919 1741 φαί-

339 1772 478 1812 νεται,
505 1752 581 1800 καὶ
605 1751 776 1803 ταύτόν
801 1755 920 1803 εἰσιν
946 1753 1063 1804 ὅσον
1089 1757 1151 1807 εἰς
1177 1755 1343 1805 οὐσίαν
1369 1754 1630 1822 ἀμφότερα.
1685 1753 1810 1820 ε’ίπερ
1843 1753 1925 1804 οῦν

294 1829 415 1881 ὃδιά
451 1828 506 1882 τὸ
543 1834 626 1896 τῆς
664 1833 828 1887 οὐσίας
862 1834 1235 1900 ἀπαράλλακτον
1273 1839 1350 1887 καὶ
1387 1834 1442 1887 τὸ
1480 1838 1528 1887 ἐν
1566 1840 1632 1904 τῷ
1669 1837 1926 1903 χαρακτῆρι
1945 1860 1994 1886 20
2066 1846 2069 1868 ⁵

336 1916 584 1966 παντελῶς
628 1914 997 1980 ἀπαραποίητον,
1041 1916 1066 1966 ὁ
1111 1916 1281 1982 Πατήρ
1325 1918 1456 1968 ἐστιν
1500 1919 1548 1968 ἐν
1589 1921 1704 1987 Υὶῷ,
1748 1920 1849 1971 πῶς
1898 1917 1925 1967 ὃ

335 1992 503 2058 μείζων
532 1994 581 2043 ἐν
611 1994 824 2046 ἐλάττονι
858 1997 957 2046 κατ’
988 1997 1183 2051 ἐκείνους
1223 1997 1322 2048 ὄντι
1361 2001 1428 2068 τῷ
1458 2002 1560 2069 Υὶῴ
1600 1996 1808 2066 χωρήσει
1849 2000 1926 2049 καὶ

338 2072 638 2142 ὀφθήσεται;
697 2075 852 2140 ἐπειδὴ
900 2076 950 2127 δὲ
999 2077 1110 2132 ὅλος
1161 2080 1292 2129 ἐστὶν
1335 2080 1383 2130 ἐν
1427 2081 1566 2149 αὐτῷ,
1609 2079 1785 2133 τέλειος
1834 2079 1925 2146 ἄρα

337 2152 527 2209 πάντως
550 2157 680 2207 ἐστὶν
707 2158 732 2208 ὁ
758 2156 885 2220 Υἱὸς,
911 2158 936 2208 ὁ
962 2164 1044 2210 τοῦ
1070 2160 1249 2211 τελείου
1284 2160 1541 2228 χωρητικὸς
1574 2163 1650 2212 καὶ
1683 2160 1925 2229 χαρακτὴρ

338 2239 422 2286 τοῦ
451 2236 665 2302 μεγάλου
691 2237 897 2304 Πατρός.
1946 2262 1994 2301 25
2066 2259 2070 2340 ἐ

390 2383 420 2406 1.
447 2371 530 2408 εἶναι
546 2385 616 2409 om.
634 2374 743 2410 Euth.
927 2387 959 2411 2.
985 2377 1043 2412 τὸν
1059 2378 1138 2412 Υἱὸν
1154 2384 1375 2424 assumptum
1393 2391 1435 2414 ex
1453 2379 1495 2414 B.
1515 2380 1624 2415 Euth.
1809 2392 1843 2426 3.
1869 2380 1926 2416 οὗ·

338 2433 397 2454 τος
415 2419 522 2454 Euth.
542 2420 634 2455 D.E.
654 2421 789 2466 Migne.
812 2421 917 2458 οὕτως
934 2423 1029 2458 Aub.
1124 2424 1272 2460 κάκεῖνος
1290 2426 1397 2460 Euth.
1418 2426 1506 2462 B.E.
1526 2427 1661 2472 Migne.
1684 2426 1813 2462 κάκεῖνο
1830 2428 1926 2462 Aub.

339 2477 373 2507 4.
399 2467 458 2509 τῆς
475 2473 698 2511 assumptum
716 2480 757 2502 ex
777 2468 884 2504 Euth.
904 2469 991 2504 BE.
1123 2482 1227 2515 9—11.
1254 2471 1272 2515 ἢ
1291 2473 1468 2516 καὶ-ἐμοί
1485 2485 1554 2507 om.
1574 2473 1683 2508 Euth.
1816 2485 1871 2509 12.
1897 2474 1927 2508 εἶ

339 2518 563 2557 assumptum
580 2524 622 2547 ex
640 2513 749 2549 Euth.
942 2526 996 2558 14.
1021 2516 1087 2560 γάρ
1104 2531 1175 2551 πως
1191 2516 1257 2551 hoc
1275 2518 1396 2552 ordine
1417 2519 1457 2553 B.
1476 2519 1588 2555 Euth.
1792 2529 1846 2564 15.
1871 2521 1926 2554 καὶ

339 2557 532 2604 ἀδιαστάτῳ
550 2570 621 2593 om.
640 2559 749 2595 Euth.
920 2562 973 2595 18.
1001 2561 1035 2595 ἓν
1051 2569 1274 2608 assumptum
1291 2576 1333 2599 ex
1351 2565 1460 2599 Euth.
1629 2576 1685 2600 21.
1711 2565 1747 2600 ἐν
1763 2566 1830 2599 Υἷῶ
1848 2566 1925 2601 ἐστι

338 2603 476 2639 inverso
493 2604 615 2640 ordine
633 2605 742 2642 Euth.
887 2617 943 2652 23.
969 2607 1058 2644 ὅλως
1075 2608 1183 2644 Euth.
1328 2621 1384 2653 24.
1409 2611 1461 2645 καὶ
1479 2623 1549 2646 om.
1569 2611 1611 2647 Β.
1630 2611 1735 2647 habet
1751 2601 1861 2648 Euih.
