2084 3317
149 162 376 221 vi.32,33.
429 165 501 207 IN
547 168 589 209 s,
624 170 960 214 JOANNEM.
1025 174 1148 215 ΜΒ.
1183 176 1269 217 111.
1332 178 1566 222 CARVI.
1655 185 1738 223 463

147 272 361 338 οὐρανοῦ,
395 275 477 327 τὸν
510 280 794 346 στηρίζοντα
832 284 1026 349 καρδίαν
1059 286 1326 352 ἀνθρώπου,
1358 291 1738 341 καταπίπτουσιν
1799 304 1852 376 {²³
1872 306 1936 337 ciii-

145 352 332 410 εἰκότως
365 360 428 410 εἷς
464 360 707 424 ἐπιθυμιάς
740 364 984 429 σαρκικάς,
1022 365 1170 418 διάτοι
1203 374 1344 420 τοῦτο
1379 393 1454 421 και
1489 372 1733 438 συγγινώ-
1822 357 1850 387 δ’

143 456 358 488 σκονται·
419 442 461 490 οἱ
507 440 557 491 δὲ
599 441 689 508 ἠδη
739 450 823 495 τοῦ
870 447 1049 512 Κυρίου
1099 450 1565 519 κατατρυφήσαντες,
1614 453 1736 505 καθὰ
1796 454 1959 538 ΞΫΜΜ·

143 516 420 583 γέγραπται,
452 525 548 572 τῶν
577 530 903 589 πνευματικῶν
934 530 1126 593 ἀγαθῶν
1156 529 1217 581 τὰ
1254 533 1460 598 σαρκικὰ
1498 534 1732 600 προτιμή-

98 615 122 653 5
143 620 329 663 σαντες,
356 603 654 670 δικαιοτάτην
681 606 770 672 ἠδη
797 607 882 672 τὴν
909 611 1091 675 δίκην
1069 635 1312 680 υπεχουσι,
1339 637 1416 665 και
1442 638 1643 681 προσετι
1667 621 1734 668 τῶ

140 684 308 732 παθεῖν
357 685 591 749 ἐπισημον
634 691 718 752 τῆς
768 695 1024 759 συμφορᾶς
1074 693 1160 758 τὴν
1204 695 1395 760 μνήμην
1441 698 1729 764 ἀποκληρώ-

141 784 324 815 σονται.
384 767 607 863 μνήματα
645 769 739 837 γὰρ
778 774 860 836 τῆς
898 775 1197 838 ἐπιθυμίας’
1179 799 1328 841 ονομα
1363 782 1508 830 κεῖται
1543 783 1611 849 τῷ
1649 783 1732 844 τῆς

139 843 385 900 κολάσεως
423 847 570 900 τόπω.
1747 886 1770 911 a
1809 879 1887 913 316
1901 879 1952 914 A.

213 933 240 955 ‘⁶
267 929 362 977 Καὶ
389 929 734 997 ἐξελεύσεται
714 956 739 984 ο
766 934 884 989 λαὸς
919 939 994 988 καὶ
1030 938 1328 1009 συλλεξουσι
1362 941 1417 993 τὸ
1448 945 1532 1007 τῆς
1558 943 1730 1011 ἡμερας
1792 955 1909 1038 {2022-

137 1008 303 1060 “‘629
279 1009 486 1076 ημερανῖ
555 1016 618 1067 εἰς
643 1014 793 1066 τύπον
818 1023 902 1068 τοῦ
927 1017 1082 1082 μάννα
1109 1027 1193 1072 τοῦ
1221 1029 1391 1087 νοητοῦ
1417 1022 1472 1075 τὸ
1499 1026 1730 1089 αἰσθητὸν

67 1027 439 1153 ῙΟλογιούμεθα.
493 1095 570 1144 καὶ
603 1095 657 1147 τὸ
691 1120 778 1161 μεν
801 1097 957 1161 μάννα
990 1100 1045 1152 τὸ
1081 1103 1250 1166 νοητὸν
1276 1104 1419 1156 αὑτὸν
1446 1106 1555 1170 ἡμῖν
1579 1130 1726 1161 κατα-

133 1171 353 1233 σημαίνει
396 1173 480 1225 τὸν
522 1177 754 1242 Χριστὸν,
800 1180 886 1244 τὴν
930 1183 986 1233 δε
1031 1206 1086 1249 γε
1135 1208 1407 1253 παχυτεραν
1452 1194 1535 1240 τοῦ
1584 1188 1730 1253 νόμου

132 1252 381 1306 παίδευσιν
405 1255 459 1306 τὸ
494 1259 774 1324 αἱσθητὸν’
752 1263 1078 1316 υπαινίττεται.
1136 1267 1370 1335 ἐφήμερος
1406 1271 1487 1321 οὖν
1520 1270 1729 1337 εὐλόγως

134 1334 161 1396 ἡ
207 1337 525 1402 συγκομιδὴ,
531 1363 606 1392 και
651 1344 917 1397 ἀποκωλύει
962 1353 1119 1445 τηρεῖν
1163 1351 1188 1400 ὁ
1235 1352 1489 1416 νομοθέτης
1535 1357 1598 1407 εἷς
1642 1354 1728 1418 τὴν

64 1430 110 1468 15
133 1416 306 1481 αὔριον,
341 1421 404 1473 ὡς
442 1422 497 1471 δι
533 1424 821 1490 αἰνιγμάτων
856 1432 951 1482 τοῖς
991 1431 1310 1498 ἀρχαιοτεροις
1349 1435 1618 1499 ὖποδηλῶν,
1656 1436 1727 1488 ὅτι

130 1503 215 1548 τοῦ
266 1503 503 1568 σωτηρίου
552 1506 723 1558 λοιπὸν
768 1509 1148 1579 ἀναλάμψαντος
1192 1514 1380 1581 χρόνου,
1425 1517 1532 1568 καθ’
1580 1516 1634 1569 6v
1678 1521 1726 1569 ἐν

128 1577 297 1650 κόσμω
323 1605 442 1646 μετα
467 1585 646 1652 σαρκὸς
673 1589 927 1658 πεφηνεν
908 1615 932 1642 ο
962 1595 1254 1694 Μονογενὴς,
1276 1597 1722 1665 καταργηθήσονται
1741 1611 1767 1652 b

126 1661 318 1717 πάντως
344 1688 386 1716 οι
412 1667 488 1717 διὰ
513 1674 597 1719 τοῦ
623 1669 769 1734 νόμου
795 1672 947 1736 τύποι,
974 1698 1050 1726 και
1076 1676 1129 1727 τὸ
1156 1679 1460 1745 συλλέγειν’
1441 1704 1507 1731 ετι
1538 1682 1722 1748 τροφὰς·

126 1744 299 1796 ἐκεῖθεν
333 1751 517 1812 εικαῖον,
551 1752 694 1816 αὐτῆς
729 1753 819 1818 ἠδη
854 1778 1195 1824 παρακειμενης
1230 1763 1313 1825 τῆς
1352 1763 1576 1825 ἀληθείας
1612 1764 1722 1828 ἡμῖν

57 1845 107 1870 20
126 1829 188 1880 εἱς
213 1827 399 1896 τρυφήν
425 1853 500 1882 και
526 1832 814 1888 ἀπόλαυσιν.

198 1912 349 1960 “Kal
386 1935 522 1964 εσται
559 1920 618 1983 τῇ
657 1916 806 2015 ἦμερα
843 1923 902 1987 τῇ
940 1921 1049 1988 ε’κτῃ
1088 1945 1164 1974 και
1203 1924 1542 1988 ἑτοιμάσουσιν
1575 1926 1600 1978 6
1638 1927 1718 1979 εὰν
1780 1947 1831 1979 Ib.
1848 1956 1878 1987 5·

123 1992 498 2058 “εἷσενε’γκωσι,
553 1999 630 2048 καὶ
678 1997 812 2050 ἐσται
864 2005 1066 2054 διπλουν
1117 2004 1142 2055 6
1192 2005 1272 2057 ἐὰν
1323 2008 1714 2074 συναγάγωσινΪ

120 2072 324 2139 επιτήρει
351 2076 407 2140 δὴ
433 2075 644 2141 πάλιν,’
624 2103 698 2131 ινα
723 2085 847 2150 νοῇς,
875 2082 946 2135 ὅτι
981 2086 1064 2137 οὐκ
1100 2088 1154 2155 ἐᾷ
1188 2089 1449 2154 συλλεγειν
1475 2095 1533 2158 τῇ
1568 2092 1717 2161 ἡμερα

118 2156 177 2220 τῇ
215 2155 393 2224 ἑβδόμῃ
431 2157 485 2210 τὸ
523 2160 678 2221 μάννα
716 2186 771 2214 το
805 2165 1049 2230 αἰσθητὸν,
1082 2167 1136 2219 τὸ
1173 2168 1220 2220 δε
1254 2171 1343 2235 ἤδη
1378 2172 1608 2238 πορισθεν
1639 2197 1715 2225 και

50 2252 98 2290 25
118 2240 482 2303 συνειλεγμενον
503 2242 623 2293 κατὰ
650 2243 736 2309 τὴν
757 2245 850 2312 πρὸ
876 2249 1020 2313 αὐτῆς
1042 2256 1281 2303 ποιεῖσθαι
1308 2253 1484 2305 κελεύει
1509 2255 1708 2325 τροφήν.
1732 2278 1753 2304 e

118 2317 147 2380 ἡ
184 2340 270 2381 μεν
296 2319 387 2386 γὰρ
422 2322 602 2389 ἑβδόμη
637 2328 856 2390 σημαίνει
891 2333 975 2394 τῆς
1008 2354 1091 2383 του
1127 2336 1350 2401 Σωτῆρος
1386 2336 1519 2400 ἡμῶν
1545 2338 1709 2401 ἐπιδη-

117 2422 226 2463 μιας
263 2400 346 2452 τὸν
387 2404 573 2470 χρόνον,
611 2409 720 2459 καθ’
763 2408 817 2460 ὃν
855 2435 903 2463 εν
941 2413 1169 2485 ἁγιασμῷ
1209 2418 1578 2484 σαββατίῷμεν,
1617 2424 1712 2470 τῶν

116 2484 199 2545 τῆς
237 2483 467 2547 ἁμαρτίας
505 2487 658 2553 ἐργων
688 2492 1094 2559 ἀποπαυσάμενοι,
1132 2499 1209 2548 καὶ
1247 2499 1490 2566 δεχόμενοι
1527 2523 1614 2564 μεν
1647 2524 1710 2555 εις

115 2562 312 2631 τροφὴν,
341 2588 416 2616 και
453 2571 788 2640 πληροφορίαν
819 2577 902 2639 τῆς
935 2577 1143 2633 πίστεως
1169 2602 1245 2630 και
1279 2580 1366 2644 τὴν
1403 2581 1492 2645 ἠδη
1530 2605 1705 2649 συγκε-

166 2696 195 2719 1.
223 2687 372 2731 οὐρανῶν
391 2688 433 2722 Β.
587 2702 620 2738 5.
647 2697 694 2740 τῷ
711 2696 848 2754 παθεῖν]
868 2701 934 2733 τῶν
950 2700 1067 2734 παθῶν
1085 2701 1128 2735 Β.
1283 2703 1314 2736 6.
1342 2703 1644 2747 ἀποκληρώσονται
1667 2706 1707 2741 Β.

114 2731 424 2777 ἀποπληρώσονται
443 2736 509 2771 Ed.
626 2751 679 2775 10.
705 2742 807 2776 καθ’
793 2744 918 2788 ημέραν
937 2745 1216 2792 B.13—-20
1233 2755 1266 2782 et
1286 2751 1509 2794 23—1).464‚
1532 2762 1584 2785 10.
1613 2752 1706 2787 Citat

114 2778 270 2823 Nikeph.
289 2781 310 2814 i.
330 2792 370 2825 72
376 2794 408 2826 9,
430 2792 508 2839 730.
771 2799 825 2834 17.
851 2793 870 2825 ὁ
888 2794 1083 2838 Μονογενὴς
1100 2795 1257 2839 πέφηνε
1250 2808 1308 2830 mv
1311 2808 1388 2830 erso
1407 2797 1529 2831 oldine
1548 2798 1704 2843 Nikeph.

117 2826 170 2858 18.
197 2827 319 2862 πάντες
342 2828 380 2862 Β.
399 2831 531 2866 πάντως
549 2831 653 2867 habet
672 2834 777 2879 Nike}
782 2837 827 2871 ›h.
982 2850 1037 2885 23.
1063 2840 1115 2875 ὅτι
1133 2853 1202 2875 om.
1224 2842 1266 2875 B.
1330 2845 1370 2885 τῇ
1391 2842 1496 2888 ἡμέρᾳ
1514 2847 1553 2888 τῇ
1574 2846 1703 2889 ἑβδόμῃ

114 2875 196 2915 post
213 2872 377 2917 αισθητὸν
395 2882 436 2910 tr.
458 2876 498 2910 Β.
520 2877 630 2913 invito
650 2880 804 2926 Nikeph.
1036 2897 1091 2944 25.
1117 2888 1200 2921 κατὰ
1217 2889 1278 2931 τὴν
1294 2890 1428 2933 τροφὴν
1443 2890 1503 2933 τὴν
1519 2905 1585 2935 προ
1602 2892 1703 2937 αὐτῆς

115 2919 244 2952 κελεύει
261 2922 421 2964 γενέσθαι
443 2922 483 2956 Β.
723 2930 776 2962 28.
804 2930 964 2976 ἔργων]
950 2936 1042 2975 ημῶν
1058 2935 1166 2978 ἔργων
1186 2933 1227 2968 Β.
1311 2935 1473 2969 Statim’
1453 2940 1702 2983 αποπαυόμενοι

114 2963 269 3010 Nikeph.
414 2980 469 3013 29.
498 2985 819 3019 συγκεκοσμημενην
841 2977 880 3011 Β.
902 2979 1055 3023 Nikeph.
1076 2995 1389 3025 συγκεκομισμενην
1410 2983 1453 3017 D.
1474 2983 1541 3018 Ed.
