2084 3317
349 164 432 203 680
749 164 798 204 B.
832 163 1110 205 CYRILLI
1151 163 1531 205 ALEXANDR.
1776 161 1846 201 vii.
1867 172 1934 214 34.

351 275 521 339 ληψιν,
573 272 723 323 ὠδίνει
775 275 830 324 δέ
881 296 926 324 τι
982 272 1149 339 πικρὸν
1198 274 1246 323 ἐν
1296 271 1597 339 παραβύστῳ
1653 268 1931 334 μυστήριον.

350 353 505 417 ἐπειδὴ
557 353 650 420 γὰρ
702 355 1040 419 ἀναβήσεσθαί
1093 359 1217 422 φησι
1274 352 1394 419 πρὸς
1449 352 1534 403 τὸν
1583 351 1937 403 ἀποστείλαντα

350 434 507 497 αὐτὸν,
541 435 773 498 τουτέστι,
808 435 927 501 πρὸς
967 435 1051 486 τὸν
1084 435 1209 486 Θεὸν
1249 437 1324 486 καὶ
1365 434 1572 499 Πατέρα,
1613 431 1701 483 κᾶν
1739 434 1933 492 ἐπιβου-

351 516 503 567 λεύειν
554 519 854 585 ἐπιχειρῶσιν
905 517 985 579 ἔτι,
1033 517 1119 568 κᾶν
1169 523 1252 568 τοῦ
1303 515 1482 566 διώκειν
1533 515 1587 565 οὐ
1636 513 1932 574 παύσωνται,

351 596 612 662 οὐδαμόθεν
653 600 809 653 αὐτοῖς
851 599 1102 662 ἁλώσιμον
1141 598 1338 649 ἔσεσθαι
1380 598 1508 662 λε’γει
1549 595 1632 647 τὸν
1670 601 1732 649 εἰς
1772 594 1980 658 αὐτοὺς5

353 679 592 744 δραμόντα
618 680 724 734 τοὺς
751 680 990 747 οὐρανούς.
1034 679 1088 731 τὸ
1116 679 1164 730 δὲ
1192 678 1516 744 ἀληθέστερόν
1541 701 1590 729 τε
1618 680 1693 728 καὶ
1718 681 1935 742 αἰνιγμα-

130 778 284 816 464A.
315 763 513 816 ειτωδῶς
558 762 956 826 ὑποδηλούμενον,
1001 760 1213 813 τοιοῦτόν
1254 763 1387 812 ἐστιν
1429 759 1573 826 Ἐγὼ,
1617 762 1754 829 φησὶ,
1793 782 1937 826 χορη-

353 843 520 909 γήσων
556 845 663 906 ὑμῖν
699 844 982 908 ἀπεστάλην
1017 843 1104 908 τὴν
1142 843 1276 910 ζωὴν,
1305 845 1512 911 ἀφῖγμαι
1551 841 1599 892 δὲ
1638 844 1720 901 τῆς
1759 842 1941 907 ἀνθρω-

352 927 484 979 πείας
537 925 730 994 φύσεως
777 927 954 995 ἐξελεῖν
998 925 1081 977 τὸν
1132 928 1181 976 ἐκ
1231 924 1552 992 παραβάσεως
1604 922 1941 990 ἐπισκήψαντα

354 1006 572 1070 θάνατον,
613 1010 688 1058 καὶ
732 1007 1019 1077 ἀνεξικάκως
1060 1008 1364 1071 ἀνακομίσων
1404 1006 1523 1073 πρὸς
1566 1005 1689 1057 Θεὸν
1730 1004 1838 1058 τοὺς
1883 1002 1939 1054 δι’
1965 1022 2013 1047 10

354 1089 583 1156 ἁμαρτίας
625 1089 1055 1158 ἐξολισθήσαντας·
1114 1088 1421 1156 παραγέγονα
1460 1093 1555 1142 τοῖς
1596 1089 1645 1138 ἐν
1684 1087 1845 1138 σκότει
1887 1085 1942 1136 τὸ

354 1175 478 1222 θεῖον
527 1171 740 1236 ἐνθήσων
791 1175 865 1222 καὶ
917 1171 1132 1239 οὐράνιον
1186 1175 1303 1239 φῶς,
1353 1172 1428 1221 καὶ
1478 1169 1597 1236 πρὸς
1647 1168 1826 1221 τούτοις
1877 1166 1943 1218 ε’(τι

130 1271 290 1309 Es.1xi.1,
354 1260 381 1282 ‘⁶
406 1259 613 1320 πτωχοῖς
664 1253 748 1316 μὲν
800 1254 1230 1319 εὐαγγελίσασθαι,
1285 1252 1516 1320 τυφλοῖς”
1571 1251 1805 1302 ἐπιδοῦναι
1857 1249 1943 1313 τὴν

355 1342 381 1364 ‘4
425 1336 434 1350 ἱ
486 1333 498 1348 Ι
820 1341 839 1350 Α
982 1340 991 1353 ³
1153 1335 1166 1351 Ι
1306 1334 1329 1353 ³!
1615 1333 1628 1350 Ι
1746 1333 1756 1349 ³
1893 1331 1906 1345 Χ

409 1339 696 1404 αναβλεψιν,
724 1335 920 1404 κηρυξαι
947 1341 1267 1403 αιχμαλωτοις
1295 1339 1483 1402 αφεσιν,
1505 1340 1709 1384 καλεσαι
1734 1354 1944 1383 ενιαυτον

828 1417 838 1433 2

355 1426 382 1448 ‘⁶
413 1419 589 1484 Κυρίου
631 1417 824 1469 δεκτόν.’
894 1419 1004 1469 ἀλλ’
1046 1417 1231 1483 ἐπείπερ
1272 1418 1378 1480 ὑμῖν
1416 1420 1517 1470 ταῖς
1558 1416 1799 1468 ἀπονοίαις
1839 1413 1941 1482 ἐξε-
1967 1433 2014 1472 15

309 1500 545 1551 ὒλαύνειν
589 1503 718 1552 δοκεῖ
757 1499 839 1551 τὸν
887 1502 1009 1551 οὕτω
1053 1501 1296 1552 πλουσίαν
1337 1502 1433 1550 τῶν
1478 1499 1706 1564 οὐρανίων
1748 1498 1943 1563 ἀγαθῶν

352 1583 625 1648 παραθέντα
649 1582 735 1647 τὴν
761 1582 1049 1641 ἀπόλαυσιν,
1077 1581 1195 1646 μετὰ
1230 1579 1389 1649 βραχὺ
1423 1580 1509 1645 μὲν
1534 1579 1673 1634 αὐτὸς
1712 1581 1938 1642 ἀνακομι-

355 1666 601 1731 σθήσομαι
637 1665 757 1732 πρὸς
793 1664 875 1717 τὸν
900 1663 957 1732 ἐξ
991 1664 1135 1730 οὗπέρ
1174 1669 1279 1728 εἰμι,
1306 1662 1678 1729 μεταγνώσεσθε
1712 1660 1759 1713 δὲ
1796 1660 1942 1725 ὑμεῖς,

355 1751 431 1800 καὶ
486 1747 742 1816 ἀπράκτοις
800 1747 1192 1813 ὑστεροβουλίαις
1248 1745 1576 1809 δαπανώμενοι
1632 1748 1810 1811 πικρῶς
1868 1743 1943 1810 ἐφ’

355 1833 534 1885 ἑαυτοῖς
569 1829 843 1898 θρηνήσετε,
871 1829 958 1880 κᾶν
982 1830 1215 1896 εὑρίσκειν
1243 1828 1308 1880 ε”τι
1333 1827 1417 1880 τὸν
1442 1830 1525 1892 τῆς
1552 1826 1669 1893 ζωῆς
1696 1826 1946 1890 βούλησθε
1967 1851 2017 1877 20
2068 1845 2072 1852 ·

354 1913 584 1980 χορηγὸν,
639 1914 722 1964 οὐκ
773 1911 963 1980 ἐξέσται
1013 1910 1118 1962 τότε
1169 1910 1252 1962 τὸν
1303 1909 1596 1973 ποθούμενον
1647 1910 1940 1960 ἀπολαῦσαι.

355 1994 672 2059 ἀποπηδήσας
715 1992 809 2060 γὰρ
851 1992 986 2061 ἅπαξ
1024 1996 1102 2043 καὶ
1141 1995 1224 2056 τῆς
1267 1995 1330 2045 εἷς
1379 1993 1496 2055 ὑμᾶς
1543 1989 1731 2056 ἀγάπης
1770 1992 1942 2041 ἀπονε-

317 2101 338 2127 ο
357 2075 544 2139 νευκὼς,
569 2079 820 2143 ἀποτειχιῶ
846 2075 1034 2127 πάντως
1062 2075 1168 2137 ὑμῖν
1195 2075 1271 2124 καὶ
1297 2073 1351 2124 τὸ
1379 2074 1427 2123 ἐν
1454 2072 1643 2139 ζητήσει
1669 2071 1922 2140 χρήσιμον.

430 2163 659 2210 Τοιοῦτον
686 2158 741 2208 δέ
759 2180 803 2208 τι
828 2161 903 2207 καὶ
931 2157 979 2207 ἐν
1006 2161 1101 2209 τοῖς
1129 2161 1223 2206 τῶν
1251 2159 1514 2224 προφητῶν
1541 2154 1815 2221 κηρύγμασι
1841 2154 1947 2219 περὶ

356 2243 511 2293 αὐτῶν
552 2239 828 2307 εὑρήσομεν.
905 2239 1033 2304 λε’γει
1084 2236 1177 2304 γάρ
1229 2261 1298 2291 τις
1347 2239 1454 2303 περὶ
1503 2241 1599 2287 τῶν
1641 2236 1699 2305 ἐξ
1742 2235 1948 2302 Ἰσραήλ
1969 2253 2017 2291 25

133 2335 293 2366 Hos.v.(›.
357 2332 385 2354 ‘⁶
414 2323 552 2375 Μετὰ
586 2321 845 2389 προβάτων
882 2323 957 2372 καὶ
993 2319 1194 2387 μόσχων
1227 2319 1544 2386 πορεύσονται
1578 2324 1662 2369 τοῦ
1698 2318 1947 2384 ἐκζητῆσαι

357 2415 382 2436 “
411 2405 493 2457 τὸν
522 2406 713 2470 Κύριον,
747 2406 822 2455 καὶ
861 2405 914 2455 οὐ
953 2401 1017 2467 μὴ
1058 2403 1260 2468 εὕρωσιν
1295 2401 1450 2464 αὐτὸν,
1484 2400 1555 2452 ὅτι
1590 2400 1830 2470 ἐξέκλινον
1866 2400 1946 2451 ἀπ’

357 2497 385 2518 “
411 2488 610 2539 αὐτῶν.”
665 2490 707 2537 οἱ
739 2485 832 2552 γὰρ
863 2487 1061 2536 ἑλέσθαι
1086 2482 1285 2550 παρόντι
1312 2483 1432 2550 ζωὴν
1459 2484 1511 2534 οὐ
1539 2483 1845 2547 θελήσαντες,
1871 2485 1949 2533 καὶ

356 2569 411 2621 τὸ
447 2572 495 2621 ἐν
520 2571 687 2637 χερσὶν
713 2566 896 2634 ἀγαθὸν
924 2571 1178 2632 λογισμοῖς
1216 2566 1460 2619 ἀσυνέτοις
1496 2564 1822 2635 ἐξωθούμενοι,
1847 2567 1948 2618 πῶς

403 2748 437 2783 5.
465 2737 618 2781 οὐδαμῶς
635 2749 666 2771 a.
814 2747 867 2770 10.
893 2732 1111 2780 ἀνεξικάκως]
1131 2733 1366 2777 ἀμνησικάκως
1384 2745 1413 2767 a.
1566 2733 1620 2767 18.
1647 2732 1685 2776 ἐξ
1703 2731 1742 2766 οὗ
1759 2733 1898 2776 πάρειμι
1915 2744 1947 2766 a.

359 2796 414 2819 21.
441 2788 507 2818 τῶν
523 2783 740 2826 ποθουμένων
757 2794 788 2816 a.
949 2793 1004 2816 22.
1031 2779 1256 2824 ἀποπηδήσας
1276 2780 1351 2814 B.a.
1375 2780 1492 2814 Holst.
1509 2779 1729 2823 ἁποπηὸῆσαι
1748 2779 1841 2813 Aub.
1860 2789 1944 2823 apo·

357 2831 516 2876 graphon
534 2837 573 2865 ut
591 2830 661 2864 vid.
683 2830 741 2863 vix
758 2830 878 2873 legens
896 2837 928 2862 et
946 2827 1203 2872 ἀποπηδήσαιμι
1220 2827 1311 2861 inter
1329 2833 1428 2861 notas
1447 2827 1646 2872 conjiciens.
1757 2835 1812 2869 25.
1839 2825 1948 2859 αὐτῶν

361 2879 400 2911 B.
421 2878 522 2911 αὐτὸν
542 2877 606 2911 Ht.
625 2877 726 2910 αὐτοῦ
747 2876 840 2910 Aub.
910 2874 1053 2919 Ἰσραήλ
1076 2875 1115 2908 Β.
1133 2873 1360 2918 Ἰερουσαλήμ
1382 2873 1444 2907 Ht.
1465 2873 1531 2907 Ed.
1692 2882 1748 2917 27.
1775 2871 1948 2915 ἐξέκλινον

359 2925 422 2965 (sic
449 2935 598 2968 persona
624 2922 751 2968 prima)
771 2922 825 2956 ἀπ’
845 2923 954 2956 αὐτῶν
974 2922 1015 2956 Β.
1035 2921 1208 2964 ἐξέκλιναν
1231 2919 1286 2954 ἀπ’
1306 2921 1408 2954 αὐτοῦ
1432 2919 1631 2954 emendavit
1656 2919 1720 2953 Ht.
1739 2918 1833 2953 unde
1851 2918 1946 2952 Aub.

358 2971 413 3004 28.
441 2972 581 3015 παρόντι
601 2970 643 3005 Β.
661 2971 829 3014 παρόντος
849 2969 911 3003 Ht.
933 2968 999 3004 Ed.
1018 2969 1126 3013 πάρον
1144 2967 1203 3011 τὴν
1221 2978 1250 3000 a.
