2084 3317
150 165 173 205 i.
195 168 347 221 38—40.
404 168 475 208 IN
521 170 563 210 S.
597 170 933 212 JOANNEM.
999 172 1121 213 LIB.
1155 174 1215 214 II.
1278 175 1409 217 CAP.
1445 178 1478 219 Ι.
1655 183 1735 222 193

164 344 379 401 Στραφείο
418 347 464 389 δὲ
502 350 524 390 ὁ
557 349 724 391 ἸΗσοῡε
763 353 831 392 καὶ
870 353 1135 402 θεασάμενος
1173 356 1327 396 αὐτοὺς
1365 356 1709 401 ἀκολουθοῦντας
1751 359 1799 403 38

634 445 745 492 λέγει
784 446 926 488 αὐτοῖς
963 447 1014 488 Τί
1051 446 1236 505 ςΗτεῖτε;
1751 465 1799 500 39

216 570 584 640 Ἐπιστρέφεται
633 577 880 642 χρησίμως
934 578 1052 644 πρὸς
1106 579 1213 634 τοὺς
1270 582 1647 636 ἀκολουθοῦντας
1705 585 1730 634 ὁ

147 649 321 716 Κύριος
346 653 421 703 ἵνα
447 654 569 724 ἔργῳ
603 657 770 719 μάθοις
805 658 859 709 τὸ
895 660 1254 730 μελῳδούμενον
1282 670 1308 691 “
1327 662 1623 732 Ἐξεζήτησα
1649 665 1731 716 τὸν
1791 669 1904 743 {Zmi-
1924 721 1951 749 ἦ.

98 739 121 776 5
144 737 169 759 “
198 732 374 799 Κύριον
401 738 475 786 καὶ
501 738 746 806 προσέσχε
772 741 892 800 μοι.”
935 742 1019 795 ἕως
1044 742 1130 805 μὲν
1154 743 1246 810 γὰρ
1274 746 1403 795 οὔπω
1437 745 1511 797 διὰ
1541 745 1730 811 τρόπων
1923 743 1930 751 “

142 814 335 877 ἀγαθῶν
366 819 441 867 καὶ
475 821 557 882 τῆς
587 821 635 870 ἐν
660 825 726 889 τῷ
761 822 999 873 πιστεύειν
1026 824 1277 890 ὀρθότητος
1314 827 1614 893 ἐπιζητοῦμεν
1647 826 1731 878 τὸν

141 894 282 958 Θεὸν,
319 898 369 947 ἐκ
401 900 664 964 προσώπου
699 903 877 969 τρόπον
909 904 1012 955 τινὰ
1051 906 1247 957 κατόπιν
1282 909 1484 972 κείμεθα·
1531 908 1648 960 ἐπὰν
1681 910 1729 960 δὲ

139 975 223 1026 τὸν
248 982 370 1029 θεῖον
395 982 537 1032 αὐτοῦ
573 983 867 1052 διψήσαντες
903 987 1060 1050 νόμον,
1086 988 1173 1052 τὴν
1207 991 1346 1054 ἁγίαν
1381 993 1456 1041 καὶ
1491 992 1772 1060 ἐξαίρετονᾶ

139 1060 221 1121 τῆς
267 1062 564 1128 δικαιοσύνης
610 1069 937 1133 ἶχνηλατῶμεν
977 1068 1102 1132 ὁδὸν,
1144 1071 1248 1121 τότε
1288 1071 1344 1135 δὴ
1381 1071 1569 1126 πάντως
1608 1074 1727 1137 ἡμᾶς

66 1159 115 1183 10
137 1140 443 1209 ἐπισκέψεται
493 1145 548 1196 τὸ
598 1150 925 1214 γεγραμμένον
966 1153 1109 1203 ἐκεῖνο
1153 1157 1281 1213 βοῶν
1321 1160 1348 1182 “
1369 1155 1726 1224 Ἐπιστρέψατε
1786 1177 1949 1218 Zach.i.3.

0 1222 3 1234 '
137 1229 164 1250 ‘⁴
188 1222 307 1289 πρὸς
348 1225 405 1287 μὲ
447 1229 522 1277 καὶ
567 1231 990 1299 ἐπιστραφήσομαι
1035 1233 1152 1300 πρὸς
1199 1236 1334 1298 ὑμᾶς,
1380 1236 1507 1302 λέγει
1556 1238 1725 1304 Κύριος

136 1310 163 1332 “
189 1306 568 1375 παντοκράτωρ.”
636 1314 679 1362 τί
730 1312 780 1364 δὲ
832 1314 1001 1384 ζητεῖτέ
1051 1321 1176 1384 φησι
1226 1317 1345 1384 πρὸς
1394 1318 1577 1372 αὐτούς·
1643 1320 1727 1371 οὐκ

135 1386 392 1451 ἀγνοήσας,
417 1390 591 1454 πόθεν;
635 1392 789 1445 πάντα
824 1395 917 1461 γὰρ
954 1394 1075 1448 οἶδεν
1109 1399 1172 1451 ὡς
1204 1399 1339 1453 Θεός·
1383 1400 1534 1468 ἀρχὴν
1566 1400 1614 1451 δὲ
1650 1406 1724 1453 καὶ

133 1468 264 1534 ῥίζαν
289 1476 388 1525 ταῖς
415 1473 656 1542 διαλέξεσι
683 1479 820 1530 τιθεὶς
847 1476 932 1541 τὴν
959 1479 1204 1544 ἐρώτησιν.

62 1658 107 1696 15
443 1654 493 1697 Οἱ
532 1657 577 1699 δὲ
617 1655 737 1701 εἶπον
776 1661 892 1714 αὐτῷ
923 1661 1085 1713 Ῥαββί,
1123 1667 1203 1704 Ποῦ
1242 1664 1407 1717 μὲνειε;
1739 1686 1760 1712 e

204 1783 532 1841 Εὐπαιδεύτως
558 1789 830 1841 ὑπαντῶσιν
855 1795 897 1842 οἱ
925 1792 1273 1858 διερωτώμενοι·
1307 1794 1600 1847 διδάσκαλον
1626 1797 1720 1863 γὰρ

130 1862 218 1926 ἤδη
260 1872 477 1930 καλοῦσι,
522 1868 574 1920 τὸ
619 1871 889 1931 βούλεσθαί
930 1897 973 1925 τι
1018 1880 1184 1938 μαθεῖν
1226 1875 1301 1927 διὰ
1339 1877 1506 1928 τούτου
1546 1884 1719 1948 σαφῶς

129 1947 517 2011 διερμηνεύοντες·
580 1950 678 2002 εἶτα
735 1954 820 2018 τὴν
871 1957 1034 2007 ἑστίαν
1084 1956 1274 2025 ἀξιοῦσι
1327 1964 1506 2022 μαθεῖν,
1558 1963 1619 2014 ὡς
1670 1964 1718 2012 ἐν

126 2028 244 2096 αὐτῇ
279 2028 365 2093 τὴν
391 2032 551 2098 χρείαν
577 2036 787 2101 ἐροῦντες
824 2038 1060 2105 εὐκαίρως·
1107 2041 1159 2090 οὐ
1194 2039 1287 2106 γὰρ
1323 2040 1485 2105 δήπου,
1511 2042 1630 2094 κατὰ
1663 2044 1716 2094 τὸ

57 2127 105 2152 20
126 2109 258 2173 εἰκὸς,
298 2110 381 2163 τὸν
419 2115 491 2165 ἐπὶ
531 2121 627 2169 τοῖς
667 2119 937 2184 ἀναγκαίοις
978 2120 1140 2186 λόγον,
1181 2123 1291 2173 ὁδοῦ
1329 2122 1569 2191 πάρεργον
1607 2149 1712 2177 ποι-

125 2195 278 2243 εῖσθαι
331 2196 426 2245 δεῖν
469 2197 755 2264 ἐδοκίμαζον·
817 2201 951 2252 ε”σται
1003 2201 1053 2252 δὲ
1105 2202 1254 2255 πάλιν
1297 2206 1408 2269 ἡμῖν
1453 2211 1515 2261 εἷς
1567 2209 1716 2260 τύπον

124 2274 347 2343 ἐπωφελῆ
386 2276 440 2328 τὸ
480 2280 750 2345 λεγόμενον.

1728 2411 1749 2435 a
1784 2403 1865 2438 130
1882 2404 1934 2438 Α.

487 2457 605 2504 ΛὲΓει
643 2459 786 2502 αὐτοῖς
817 2460 1024 2517 Ἔρχεσθε
1062 2464 1131 2505 καὶ
1168 2465 1340 2515 ὄψεσθε.
1728 2488 1779 2521 40

193 2585 269 2634 Οὐ
296 2586 516 2649 σημαίνει
541 2586 628 2650 τὴν
655 2589 818 2648 οὶκίαν,
847 2592 996 2642 καίτοι
1026 2598 1165 2644 τοῦτο
1191 2600 1338 2645 ποιεῖν
1363 2594 1704 2663 ἐξαιτούμενος,

164 2744 198 2778 3.
223 2732 491 2781 Ἐπιστρέφεται
511 2737 585 2772 B.a.
606 2737 712 2773 Cord.
730 2738 956 2786 Ἐπεστράφη
977 2743 1043 2777 Ed.
1142 2758 1175 2787 4.
1201 2745 1321 2789 μάθοις
1339 2757 1368 2779 a.
1390 2746 1496 2780 Cord.
1515 2748 1623 2792 μάθῃς
1641 2749 1708 2784 Ed.

117 2789 150 2824 5.
176 2780 242 2825 γὰρ
261 2792 330 2814 orn.
351 2781 392 2815 B.
564 2795 615 2819 10.
643 2786 877 2832 ἐπιστράφητε
898 2788 939 2823 B.
1103 2802 1156 2825 12.
1186 2793 1310 2835 ζητεῖτε
1329 2793 1364 2826 δέ
1382 2793 1521 2827 inverso
1539 2795 1660 2830 ordine
1677 2809 1707 2831 a.

121 2836 174 2870 15.
201 2826 337 2872 Ῥαββὶ]
362 2832 398 2868 -ἧ-
421 2827 438 2861 ὃ
455 2829 591 2874 λέγεται
609 2833 870 2877 ἑρμηνευόμενον
887 2836 1084 2870 Διδάσκαλε
1104 2837 1169 2871 Ed.
1189 2838 1298 2872 invito
1318 2838 1360 2873 B.
1493 2841 1544 2874 18.
1573 2843 1707 2887 διερμη-

118 2872 268 2908 νεύοντες
287 2873 328 2907 Β.
349 2875 584 2918 ἑρμηνεύοντες
601 2889 631 2911 a.
652 2878 758 2914 Cord.
778 2880 843 2914 Ed.
909 2882 1043 2928 ἑστίαν]
1064 2884 1169 2917 οἰκίαν
1186 2896 1216 2917 a.
1238 2883 1345 2918 Cord.
1415 2886 1533 2929 μαθεῖν
1550 2900 1580 2922 a.
1601 2888 1707 2925 Cord.

119 2919 223 2953 εἰπεῖν
243 2920 308 2954 Ed.
664 2936 718 2959 21.
746 2927 941 2970 ἐδοκίμαζον
962 2929 1036 2962 B.a.
1058 2929 1163 2964 Cord.
1185 2930 1249 2964 Ed.
1269 2943 1340 2976 mg.
1361 2932 1553 2976 ἐδοκίμαζεν
1576 2935 1617 2969 D.
1640 2937 1704 2970 Ed.

120 2976 175 3009 23.
201 2966 336 3010 ὄψεσθε
357 2967 396 3001 Β.
416 2966 503 3002 ’ἴδετε
524 2969 588 3003 Ed.

174 3033 265 3061 VOL.
290 3034 318 3061 Ι.
882 3044 903 3067 C
927 3045 946 3068 ί·
