2084 3317
125 283 211 317 432
225 281 275 316 A.

128 607 222 638 Hier.
242 606 285 637 iv.

141 1579 211 1612 Col.
229 1579 272 1611 iii.

144 1633 175 1664 3›
194 1633 222 1663 4-

146 2067 220 2100 Gal.
239 2067 282 2098 vi.

153 2121 202 2153 14.

347 157 429 195 632
745 151 794 191 Β.
828 147 1105 190 CYRILLI
1148 141 1523 186 ALEXANDR.
1771 136 1842 176 vii.
1862 148 1927 186 24.

307 264 476 316 a26t'0t9
517 260 773 325 θελήμασι,
812 257 899 309 κᾶν
933 258 1132 321 ἡδίστην
1167 254 1285 320 ἔχειν
1322 250 1658 316 ὑποκρίνωνται
1696 244 1782 310 τὴν
1816 243 1933 295 ἀπό-

348 352 550 416 λαυσιν,
585 341 730 406 μόνον
774 339 823 392 δὲ
867 338 922 390 τὸ
968 341 1135 388 δοκοῦν
1175 340 1242 404 τῷ
1283 337 1391 402 Θεῷ
1437 331 1654 397 στέργειν
1700 329 1774 377 καὶ
1818 328 1935 391 δρᾶν

348 424 717 486 ἀναπειθόμενοι.
790 419 1010 483 τοιαύτην
1060 419 1171 482 ἡμῖν
1222 412 1581 478 εἷσκομιζούσης
1631 412 1714 473 τῆς
1763 410 1936 472 ἀληθε-

349 507 522 574 στέρας
547 506 801 572 περιτομῆς
828 501 914 564 τὴν
941 500 1152 562 δύναμιν,
1177 497 1296 564 πρὸς
1321 494 1429 549 τοὺς
1457 496 1531 546 ἐπὶ
1557 491 1677 559 μόνῃ
1704 494 1762 558 τῇ
1793 511 1935 554 σαρκι

350 591 729 656 μεγαλοφρονεῖν
768 583 989 635 ειωθότας
1028 580 1215 633 εἰκότως
1253 577 1311 629 ἂν
1350 577 1536 642 λέγοιτο
1564 582 1590 604 “
1613 569 1978 638 Περιτμήθητε5

351 679 380 702 “
404 675 472 740 τῷ
497 672 621 738 Θεῷ,
642 690 716 719 και
742 667 1067 732 περιτεμεῖσθε
1093 660 1178 725 τὴν
1205 658 1586 753 σκληροκαρδίαν
1613 656 1756 718 ὑμῶν,
1776 651 1939 717 ἄνδρες

352 761 379 783 “
406 722 563 803 Ἰούδα
589 752 665 800 καὶ
691 751 732 799 οἱ
763 750 1085 798 κατοικοῦντες
1105 740 1464 808 ‘Iepovoasbfi'uf'
1503 740 1528 789 6
1553 736 1646 803 γὰρ
1672 734 1758 798 τὴν
1783 731 1942 799 σάρκα

353 832 754 902 περιτεμνόμενος,
793 828 915 896 μόνῃ
958 826 1289 893 περιτέτμηται
1327 825 1385 890 τῇ
1425 843 1581 887 σαρκι,
1623 819 1648 869 ὁ
1688 815 1736 868 δὲ
1772 813 1858 879 τὴν
1895 814 1943 864 ἐν

354 917 584 980 πνεύματι
621 934 879 979 περιτομην
914 908 991 960 διὰ
1027 907 1234 960 πίστεως
1271 907 1354 968 τῆς
1394 908 1456 957 εἷς
1491 898 1709 968 Χριστὸν
1743 894 1942 960 κομισά-
2075 958 2077 962 .

311 1012 338 1052 b
357 1021 509 1064 μενος,
534 996 664 1065 μόνω
690 995 767 1045 καὶ
794 995 985 1057 ἀληθῶς
1010 988 1331 1057 περιτέμνεται
1355 989 1422 1055 τῷ
1448 988 1572 1053 Θεῷ.
1968 999 2015 1023 10

433 1077 685 1147 Δεχόμεθα
723 1075 771 1127 δὲ
809 1073 896 1139 τὴν
929 1075 977 1124 ἐν
1012 1071 1242 1135 πνεύματι
1279 1064 1536 1135 περιτομὴν
1570 1059 1946 1126 ἀνακομίζουσαν

358 1163 479 1227 ἡμᾶς
517 1184 580 1215 εις
618 1158 876 1222 οἰκειότητα
913 1154 999 1220 τὴν
1038 1157 1100 1208 ὡς
1137 1151 1256 1219 πρὸς
1295 1148 1433 1212 Θεὸν,
1469 1147 1588 1200 κατὰ
1626 1144 1711 1209 τὴν
1749 1142 1943 1210 ὀγδόην,

359 1242 576 1295 τουτέστι
621 1241 707 1305 τὴν
747 1238 1082 1300 ἀναστάσιμον
1125 1239 1209 1286 τοῦ
1255 1234 1477 1298 Σωτῆρος
1517 1229 1709 1294 ἡμέραν,
1751 1228 1949 1290 σημεῖον

360 1331 501 1377 τοῦτο
541 1322 769 1387 τιθέμενοι
809 1326 893 1372 τοῦ
935 1316 1168 1387 πρόξενον
1205 1313 1319 1366 εἶναι
1358 1312 1474 1379 ζωῆς
1512 1309 1598 1374 τὴν
1636 1311 1684 1360 ἐν
1721 1306 1950 1372 πνεύματι

361 1405 638 1474 περιτομὴν,
688 1405 765 1455 καὶ
815 1405 1146 1453 συναινοῦντες
1195 1396 1373 1464 τρόπον
1416 1392 1520 1445 τινὰ
1571 1393 1626 1443 δι’
1677 1392 1819 1442 αὑτοῦ
1867 1392 1951 1439 τοῦ
1974 1405 2021 1442 15
2075 1384 2078 1452 ξ

363 1489 658 1558 πράγματος,
686 1486 758 1538 ὅτι
793 1482 1101 1551 συζησόμεθα
1136 1484 1203 1549 τῷ
1238 1481 1439 1547 Χριστῷ
1473 1474 1593 1527 κατὰ
1628 1473 1681 1525 τὸ
1715 1470 1953 1538 εἰρημένον

367 1573 444 1625 διὰ
469 1577 552 1623 τοῦ
580 1569 793 1622 Παύλου·
836 1573 862 1596 “
881 1563 1168 1617 Ἀπεθάνετε
1197 1560 1305 1628 γὰρ,
1332 1583 1407 1611 και
1440 1559 1467 1623 ἡ
1504 1555 1595 1624 ζωὴ
1632 1557 1761 1619 ὑμῶν
1788 1574 1950 1619 κεκρυ-

327 1662 395 1706 ο“
420 1677 535 1707 πται
570 1652 662 1704 σὺν
688 1655 754 1720 τῷ
785 1651 987 1717 Χριστῷ
1022 1670 1070 1697 εν
1096 1649 1162 1696 τῶ
1189 1647 1313 1713 Θεῷ
1358 1641 1471 1692 ὅταν
1498 1641 1523 1691 6
1558 1636 1771 1705 Χριστὸς
1806 1639 1952 1704 φανε-

368 1741 564 1804 “ρωθῇ,
598 1735 625 1799 ἡ
665 1732 756 1801 ζωὴ
796 1733 941 1795 ὑμῶν,
969 1727 1073 1780 τότε
1113 1728 1188 1778 καὶ
1228 1727 1355 1790 ὑμεῖς
1393 1722 1485 1775 σὺν
1520 1722 1646 1790 αὐτῶ
1681 1715 1956 1789 φανερωθή-

368 1827 395 1850 “
422 1822 572 1870 σεσθε
610 1819 658 1868 ἐν
694 1815 852 1884 δόξῃῗ
907 1811 935 1877 ἢ
975 1811 1070 1877 γὰρ
1110 1811 1214 1877 οὐχι
1253 1831 1328 1859 και
1368 1803 1612 1870 ἀληθεύων
1642 1804 1736 1868 ἐρεῖ
1769 1823 1854 1858 τις,
1886 1797 1957 1849 ὅτι
1979 1820 2029 1845 20
2075 1815 2079 1842 ἑ

369 1905 436 1972 τῷ
474 1899 642 1969 κόσμῳ
680 1896 956 1965 τεθνήξεταί
990 1917 1074 1955 τις,
1108 1891 1192 1945 τὰς
1230 1892 1278 1941 ἐν
1314 1888 1480 1957 κόσμω
1519 1885 1594 1938 διὰ
1631 1883 1756 1937 Θεὸν
1790 1879 1959 1947 ἡδονὰς

370 1980 769 2051 παραιτούμενος;
817 1977 1005 2028 τοιόσδε
1044 1997 1113 2028 τις
1152 1975 1228 2024 καὶ
1266 1973 1291 2022 ὁ
1331 1970 1588 2022 θεσπέσιος
1620 1970 1817 2019 Παῦλος
1851 1963 1960 2027 ἡμῖν

372 2064 650 2134 ἀνεφαίνετο
678 2060 834 2127 λεγων
862 2066 888 2088 “
907 2058 1047 2121 Ἐμοὶ
1073 2054 1121 2107 δε
1146 2053 1212 2119 μὴ
1239 2054 1420 2119 γε’νοιτο
1447 2053 1733 2117 καυχᾶσθαι,
1760 2071 1797 2098 ει
1822 2045 1886 2110 μὴ
1914 2046 1962 2095 ἐν

374 2157 401 2180 “
427 2152 494 2217 τῷ
531 2147 725 2212 σταυρῷ
762 2147 845 2193 τοῦ
879 2143 1111 2206 Χριστοῦ,
1144 2137 1199 2187 δι’
1235 2136 1288 2186 οῦ
1323 2136 1423 2198 ἐμοὶ
1458 2133 1637 2195 κόσμος
1670 2128 1962 2194 ἐσταύρωται

375 2238 402 2262 “
429 2227 561 2295 κάγὼ
594 2231 661 2295 τῷ
697 2224 894 2293 κόσμῳῖ
952 2220 1141 2287 με’τοχοι
1179 2219 1273 2284 γὰρ
1312 2213 1558 2283 γεγονότες
1593 2213 1735 2263 αὑτοῦ
1771 2208 1846 2261 διὰ
1879 2215 1963 2260 τοῦ
1987 2229 2035 2267 25

378 2311 671 2374 Πνεύματος,
714 2311 797 2358 τοῦ
844 2308 1010 2356 πᾶσαν
1053 2300 1139 2365 τὴν
1185 2302 1233 2350 ἐν
1278 2299 1388 2363 ἡμῖν
1433 2293 1732 2362 ἀκαθαρσίαν
1774 2294 1961 2359 ἀχειρο-

333 2392 582 2457 ἀποιήτως
624 2388 993 2457 περιτέμνοντος,
1033 2382 1352 2448 ἐνεκρώθημεν
1391 2382 1457 2447 τῷ
1503 2375 1684 2445 κόσμω,
1725 2374 1872 2441 ζῶμεν
1917 2371 1966 2423 δὲ

379 2474 466 2540 τὴν
507 2474 708 2540 ἀρίστην
748 2468 868 2536 ζωὴν
909 2470 976 2536 τῶ
1023 2466 1147 2534 Θεῶ.
1220 2464 1387 2514 οὐκοῦν
1429 2458 1549 2511 κατὰ
1595 2457 1682 2522 τὴν
1723 2455 1898 2522 ὀγδόην
1938 2454 1967 2518 ἡ

380 2553 610 2623 περιτομὴ
650 2552 725 2604 διὰ
763 2551 848 2615 τὴν
880 2547 1149 2600 ἀνάστασιν
1181 2551 1263 2596 τοῦ
1296 2547 1528 2610 Χριστοῦ,
1553 2563 1628 2591 και
1664 2539 1718 2589 οὐ
1755 2535 1848 2604 πρὸ
1887 2539 1970 2599 τῆς

383 2637 572 2705 ὀγδόης·
633 2637 687 2687 06
732 2633 827 2700 γὰρ
871 2630 964 2698 πρὸ
1008 2628 1091 2693 τῆς
1136 2624 1447 2678 ἀναστασεως
1493 2646 1519 2686 η
1565 2626 1647 2672 τοῦ
1697 2617 1970 2682 Πνεύματος
1993 2635 2075 2673 302

437 2812 466 2836 1.
493 2800 597 2836 ἰδίους
614 2797 709 2833 Aub.
728 2807 862 2831 correXI
880 2800 960 2840 post
979 2793 1113 2838 Migne.
1273 2799 1306 2831 5.
1333 2788 1420 2833 μέγα
1437 2786 1577 2831 φρονεῖν
1596 2783 1638 2817 Β.
1719 2778 1970 2826 Περιτμήθητε]

391 2854 426 2888 4
449 2848 509 2892 τὴν
526 2847 637 2891 σάρκα
656 2844 722 2879 Ed.
740 2843 850 2878 invito
872 2842 913 2875 B.
1092 2839 1126 2872 8.
1153 2835 1282 2881 ,μόνῃ]
1301 2837 1417 2879 μόνην,
1438 2834 1479 2867 Β.
1546 2831 1672 2889 Statim
1689 2828 1906 2874 περιτέμηται
1925 2826 1972 2860 D.

387 2895 438 2940 ε’ν]
466 2900 500 2936 0}—
520 2896 566 2940 τῷ
587 2892 629 2927 Β.
745 2901 798 2925 12.
826 2889 910 2960 ἡμνᾶς
928 2892 1152 2931 assumptum
1170 2895 1210 2917 ex
1232 2883 1273 2916 B.
1384 2893 1436 2923 14.
1463 2880 1523 2923 τὴν
1541 2878 1575 2912 ἐν
1592 2890 1754 2920 πνευματι
1771 2872 1971 2919 περιτομὴν]

387 2957 481 3002 τῆς
465 2972 499 2992 εν
515 2954 678 3000 πνεύματι
695 2945 880 2999 περιτομῆς
899 2952 940 2986 Β.
1086 2959 1140 2983 22.
1166 2946 1303 2981 τοιόσδε
1320 2943 1386 2990 τις]
1407 2946 1558 2978 τοιοῦτος
1575 2933 1614 2988 δῆ
1632 2933 1658 2949 ⁷
1661 2932 1673 2950 ς
1694 2938 1735 2972 Β.
