2084 3317
348 184 427 226 176
747 185 796 225 B.
831 184 1105 225 CYRILLI
1146 184 1526 225 ALEXANDR.
1730 184 1755 223 i.
1775 196 1843 238 32,
1862 196 1928 238 33.

345 290 521 360 φόρους
560 297 928 358 καταμεριοῦμεν
960 291 1147 357 λόγους,
1180 294 1241 345 ὡς
1280 290 1394 343 εἶναι
1432 291 1517 354 μὲν
1549 294 1598 342 ἐν
1631 293 1748 361 τῷδε
1788 290 1932 357 τυχὸν
1988 296 1993 300 “

344 375 502 437 ἀτελῆ,
530 375 713 424 τελείαν
742 374 789 425 δὲ
816 374 875 424 αὖ
901 373 1049 425 πάλιν
1074 376 1122 424 ἐν
1148 375 1319 443 ἐκείνῳ·
1364 376 1459 425 ἐπεὶ
1485 376 1561 424 καὶ
1588 374 1612 424 ὁ
1639 376 1721 437 τῆς
1751 374 1932 438 ἀνθρω-

343 455 547 520 πότητος
581 455 689 520 ὅρος
724 454 786 509 εἷς
821 455 941 506 κατὰ
974 454 1166 506 πάντων
1192 457 1294 506 ἐστὶ
1321 458 1395 506 καὶ
1422 456 1527 509 ’ίσος
1554 456 1602 506 ἐν
1626 459 1776 506 πᾶσιν
1801 454 1928 518 ἡμῖν·

343 534 543 587 ἐ’λαττον
564 537 612 588 δὲ
631 538 699 591 τίς
719 538 981 604 ἅνθρωπος,
1001 535 1118 588 καθό
1143 537 1352 607 πέφυκεν
1373 537 1617 604 ἅνθρωπος
1641 559 1651 596 ;
1688 535 1799 587 ἀλλ’
1826 535 1933 586 οὐδὲ

341 618 491 669 πλεόν
516 618 673 684 ἑτέρου
701 618 1141 687 καταληφθήσεται,
1171 619 1385 685 ἀγγέλου
1412 618 1460 669 δὲ
1487 617 1612 681 οἶμαι
1640 619 1805 669 διοίσει
1831 618 1929 668 κατ’
1953 632 1974 669 5

343 698 474 750 οὐδὲν
517 700 669 765 ἕτερος
714 700 934 766 ἄγγελος,
976 699 1096 750 κατά
1137 724 1189 766 γε
1236 700 1290 751 τὸ
1331 698 1445 751 εἶναι
1486 701 1615 751 τοῦθ’
1660 699 1774 766 ὅπερ
1813 700 1933 750 εἰσὶν

343 781 556 846 ἄγγελοι,
585 780 768 846 δηλαδὴ
802 781 879 833 διὰ
912 784 995 846 τῆς
1029 781 1148 848 πρὸς
1182 782 1428 847 ἀλλήλους
1461 782 1707 846 ὁμοειδίας,
1734 785 1796 836 εἰς
1821 781 1933 845 μίαν

298 874 325 914 (1
343 861 546 917 ἅπαντες
590 863 991 928 ἀναδεσμούμενοι
1036 864 1203 933 φύσιν.
1269 869 1369 918 πῶς
1416 862 1474 914 ἂν
1515 864 1596 914 οὖν
1636 863 1664 927 ἡ
1711 863 1813 914 θεία
1858 864 1933 914 καὶ

343 944 566 995 ἁπάντων
594 947 982 1013 ὑπερανίσχουσα
1014 946 1161 1015 φύσις
1199 949 1247 997 ἐν
1273 946 1499 997 ἐλάττοσι
1530 949 1625 996 τῶν
1649 949 1858 1011 γενητῶν
1884 946 1934 995 ἐν

341 1032 437 1080 τοῖς
475 1029 584 1078 καθ’
618 1026 786 1092 ἑαυτὴν
816 1030 1010 1094 ἀγαθοῖς
1049 1028 1332 1097 ὀφθήσεται,
1367 1029 1591 1091 ὑπομενεῖ
1625 1026 1673 1078 δὲ
1711 1026 1877 1090 πάθος,
1903 1025 1933 1077 ὃ
1957 1048 2004 1073 10

340 1113 508 1160 παθεῖν
535 1110 618 1160 οὐκ
645 1107 767 1160 οἶδεν
793 1109 820 1174 ἡ
849 1110 1030 1172 κτίσις;
1073 1114 1174 1164 πῶς
1201 1109 1248 1160 δὲ
1277 1110 1401 1164 ὅλως
1427 1110 1562 1160 ἔσται
1590 1111 1665 1160 καὶ
1691 1110 1823 1172 ἁπλῆ
1859 1111 1934 1159 καὶ

341 1190 614 1253 ἀσύνθετος,
655 1190 781 1258 ε’ίπερ
826 1189 879 1242 ὃν
918 1193 965 1242 ἐν
1004 1191 1122 1259 αὐτῇ
1169 1195 1385 1259 φανεῖται
1434 1191 1488 1242 τὸ
1535 1190 1717 1242 τέλειον
1759 1192 1834 1241 καὶ
1878 1189 1933 1241 τὸ

341 1273 533 1334 ἀτελές,
584 1273 886 1338 συγκείσεται
925 1272 1018 1339 γὰρ
1059 1274 1114 1323 δι’
1150 1275 1342 1343 ἀμφοῖν,
1378 1273 1506 1340 ε’ίπερ
1546 1274 1633 1340 οὐχ
1668 1272 1831 1336 ὅμοιον
1866 1276 1934 1342 τῷ

339 1356 502 1422 τελείῳ
530 1353 583 1405 τὸ
611 1354 790 1408 ἀτελές.
843 1358 881 1405 εἷ
908 1353 991 1417 μὲν
1017 1353 1110 1420 γὰρ
1138 1353 1297 1418 ὅμοιόν
1324 1356 1427 1406 ἐστι
1454 1356 1530 1405 καὶ
1556 1353 1610 1405 τὸ
1643 1353 1934 1405 διαλλάττον

341 1436 473 1487 οὐδὲν
505 1437 553 1486 ἐν
585 1437 755 1498 αὐτοῖς,
786 1440 882 1487 πᾶν
918 1435 1034 1502 ὅπερ
1073 1435 1133 1486 ἀν
1165 1436 1233 1501 εἰἠ
1272 1435 1454 1488 τέλειον
1490 1436 1760 1506 ἀδιαφόρως
1799 1436 1934 1487 ἔσται
1956 1454 2003 1494 15

300 1543 322 1569 e
342 1520 417 1569 καὶ
452 1517 629 1571 ἀτελές·
671 1519 746 1568 καὶ
786 1517 828 1569 εἴ
861 1541 905 1569 τι
944 1516 1092 1569 πάλιν
1128 1518 1305 1581 ἀτελὲς,
1338 1524 1477 1570 τοῦτο
1516 1520 1592 1570 καὶ
1630 1518 1824 1581 τέλειον,
1858 1521 1933 1569 καὶ

340 1599 474 1651 οὐδὲν
501 1601 550 1650 ἐν
569 1603 671 1669 Υἱῴ
697 1599 751 1651 τὸ
777 1599 1100 1667 κατηγόρημα,
1127 1599 1214 1651 κᾶν
1239 1605 1339 1654 ταῖς
1367 1601 1606 1668 ὑμετέραις
1632 1601 1853 1654 διανοίαις
1879 1599 1933 1651 τὸ
2082 1646 2084 1662 ,

339 1681 518 1733 τέλειον
542 1682 662 1749 ἔχων
696 1683 749 1732 οὐ
785 1683 1023 1749 φαίνηται·
1067 1684 1177 1733 ἀλλ’
1207 1683 1312 1734 οὐδὲ
1348 1682 1487 1737 αὐτὸς
1523 1684 1548 1733 ὁ
1586 1681 1757 1749 Πατὴρ
1794 1683 1934 1749 ὑπερ-
2082 1668 2084 1734 ἰ

340 1768 521 1814 αλεῖται
553 1763 636 1814 τὸν
662 1763 781 1814 Υίὸν
808 1765 880 1815 ἐπὶ
917 1762 1175 1828 τελειότητι
1210 1764 1604 1831 μαρτυρούμενος,
1633 1768 1709 1815 καὶ
1735 1762 1934 1815 λέλυται
2081 1750 2084 1842 ἶ

340 1844 488 1895 πάλιν
528 1845 636 1909 ἡμῖν
674 1844 728 1896 τὸ
768 1844 1064 1911 ζητούμενον·
1117 1850 1154 1896 εὶ
1194 1845 1243 1897 δὲ
1280 1844 1431 1900 πολὺς
1470 1844 1747 1914 ἀποτειχίζει
1786 1846 1934 1912 λόγος
1956 1870 2005 1894 20
2080 1862 2084 1910 ξ

341 1932 424 1977 τοῦ
464 1928 642 1978 τελείου
681 1927 734 1977 τὸ
774 1926 950 1991 ἀτελὲς,
991 1926 1172 1994 δέχεται
1211 1927 1259 1978 δὲ
1298 1929 1374 1979 καὶ
1413 1928 1440 1992 ἡ
1483 1929 1584 1979 θεία
1625 1927 1774 1997 φύσις
1814 1928 1934 1979 κατὰ

341 2007 512 2059 ταύτὸν
539 2007 801 2076 ἀμφότερα,
829 2008 1056 2062 σύνθετος
1083 2009 1175 2074 ἄρα
1203 2012 1278 2060 καὶ
1304 2011 1391 2078 οὐχ
1418 2011 1566 2074 ἁπλῆ.

415 2089 557 2141 Ἀλλ’
598 2092 692 2156 ἐρεῖ
724 2113 794 2144 τις
837 2089 997 2158 τυχὸν,
1037 2093 1098 2145 ὡς
1139 2095 1372 2160 ἀσυμφυῆ
1411 2093 1471 2143 ‘se‘
1499 2094 1603 2143 ἐστι
1641 2094 1719 2144 καὶ
1757 2091 1934 2144 ἀσυνύ-

343 2195 531 2238 παρκτα
558 2171 678 2224 κατὰ
702 2171 873 2224 ταύτὸν
898 2176 946 2224 ἐν
976 2173 1041 2223 ἑνὶ
1074 2176 1140 2242 τῷ
1174 2174 1456 2244 ὑποκειμένῳ
1489 2173 1548 2225 τὰ
1573 2175 1771 2238 ἐναντία,
1798 2177 1860 2229 ὡς
1886 2176 1935 2226 ἐν

120 2269 194 2302 118
211 2267 263 2304 A.
305 2278 326 2301 a
344 2254 533 2317 σώματι
559 2254 702 2322 τυχὸν
730 2255 848 2317 ὁμοῦ
875 2259 1044 2322 χρῶμα
1070 2254 1239 2306 λευκὸν
1265 2260 1341 2306 καὶ
1374 2255 1542 2319 μέλαν.
1601 2261 1760 2311 καλῶς
1796 2279 1867 2322 γε,
1896 2255 1934 2308 ὦ
1955 2278 2004 2317 25

345 2336 500 2404 φίλος,
529 2339 604 2387 καὶ
637 2336 771 2400 μάλα
806 2341 993 2403 γοργῶς
1030 2342 1126 2392 τοῖς
1160 2337 1396 2404 ἡμετέροις
1430 2339 1714 2404 ἐπηγωνίσω
1750 2337 1929 2404 λόγοις.

345 2422 382 2469 εἰ
410 2418 502 2484 γὰρ
527 2420 612 2482 μία
636 2442 706 2473 τις
732 2420 862 2469 ἐστὶν
888 2419 915 2482 ἡ
944 2419 1044 2469 θεία
1075 2419 1235 2487 φύσις,
1263 2421 1337 2470 καὶ
1364 2420 1474 2486 παρ’
1503 2419 1648 2484 αὐτὴν
1674 2421 1761 2488 οὐχ
1787 2421 1933 2488 ἑτέρα,

343 2504 444 2554 πῶς
471 2499 528 2551 ἂν
555 2499 658 2551 εἶπέ
675 2523 756 2564 μοι
781 2504 876 2551 τῶν
902 2502 1122 2552 ἐναντίων
1148 2500 1331 2566 γε’νοιτο
1358 2501 1540 2566 δεκτική
1565 2524 1576 2564 3
1620 2506 1721 2557 πῶς
1748 2501 1798 2553 δὲ
1825 2504 1932 2555 καθ’

344 2581 394 2631 ἕν
437 2604 480 2632 τι
526 2582 580 2633 τὸ
626 2582 926 2646 ὑποκείμενον
969 2581 1028 2632 τὰ
1073 2581 1307 2647 ἀλλήλοις
1352 2582 1549 2648 ἀνόμοια
1593 2584 1929 2649 συμβήσεται;

395 2726 426 2748 2.
453 2714 481 2749 δ’
500 2715 650 2750 Veccus.
795 2729 825 2758 4*
855 2716 952 2750 οὐδὲν
971 2716 1012 2750 Β,
1032 2717 1141 2751 invito
1160 2716 1287 2751 Vecco.
1432 2719 1465 2752 8.
1492 2718 1636 2754 ἅπαντες
1649 2718 1798 2753 Veccus.
1817 2718 1885 2753 Ed.
1902 2720 1934 2752 οἱ

345 2761 466 2796 πάντες
487 2762 525 2795 B.
594 2762 635 2796 ἂν
651 2774 721 2797 om.
742 2762 784 2797 B.
803 2762 909 2797 habet
927 2762 1076 2797 Veccus.
1270 2774 1322 2797 12.
1349 2764 1387 2798 τὸ
1405 2765 1464 2799 alt.
1483 2776 1554 2799 om.
1574 2765 1616 2799 B.
1635 2765 1767 2799 habent
1783 2765 1934 2800 Veccus.

348 2807 471 2842 Const.
492 2808 649 2843 Meliten.
818 2809 871 2844 16.
897 2808 974 2844 εἴτι
993 2810 1142 2844 Veccus.
1163 2809 1229 2844 Ed.
1246 2810 1298 2843 ἔτι
1318 2810 1360 2844 Β.
1523 2820 1576 2857 17.
1602 2811 1777 2857 ὑμετέραις
1795 2811 1838 2846 Β.
1855 2811 1934 2856 ἡμε-

345 2886 456 2931 τέραις
474 2887 611 2922 Veccus
631 2888 697 2922 Ed.
858 2889 910 2923 18.
928 2888 1059 2923 τέλειον
1077 2889 1118 2923 Β.
1140 2889 1289 2924 Veccus.
1307 2860 1352 2925 r}
1373 2890 1419 2924 D.
1437 2891 1537 2927 τέλος
1554 2891 1621 2926 Ed.
1782 2903 1838 2926 20.
1856 2891 1935 2935 ἡμῖν

345 2933 484 2968 Veccus
504 2934 570 2968 Ed.
590 2935 667 2979 ὑμῖν
686 2935 727 2970 Β.
889 2947 944 2981 23.
969 2935 1154 2981 ἀσυμφυὴς
1173 2936 1214 2970 Β.
1235 2937 1344 2972 invito
1362 2937 1491 2973 Vecco.
1651 2938 1706 2973 26.
1733 2938 1934 2984 ἐπηγωνίσω

347 2978 438 3013 B.D.
460 2980 607 3015 Veccus.
625 2981 829 3027 ἀπηγωνίσω
850 2982 914 3017 Ed.
