2073 3296
362 165 418 203 40
764 164 813 204 B.
847 163 1123 205 CYRILLI
1166 163 1544 205 ALEXANDR.
1866 165 1893 205 i.
1916 178 1951 205 1.

360 292 513 336 μενος·
556 272 585 338 ἢ
613 273 740 340 ε’ίπερ
767 272 936 327 ἐκεῖνός
963 274 1161 324 ἐστινέν
1182 272 1535 337 ἀκαταλήπτοις
1561 275 1636 324 καὶ
1662 272 1947 339 ἀνεκμετρή-

360 377 457 407 τοις
495 357 519 405 ὁ
554 354 722 421 Πατὴρ
758 357 967 420 ἀγαθοῖς,
1002 356 1077 404 καὶ
1115 353 1242 404 πολὺ
1280 353 1333 404 τὸ
1372 357 1456 418 τῆς
1491 354 1714 420 ἡμετέρας
1749 357 1953 408 διανοίας·

362 436 674 504 ἀνατρέχουσι
719 436 900 503 μέτρον,
939 436 1085 487 πόθεν
1123 434 1357 486 ἐλάττονα
1398 436 1597 502 λε’γουσι
1635 436 1718 488 τὸν
1756 436 1874 487 Υἱὸν
1912 441 1953 487 οἱ

361 517 517 569 πάντα
559 523 827 582 τολμῶντες
872 519 1065 581 ἑτοίμως
1102 517 1357 583 Ἀρειανοῖ,
1399 517 1517 584 πρὸς
1562 516 1832 584 ἀνατροπὴν
1871 523 1954 568 τοῦ

360 599 625 665 προσόντος
672 601 796 669 αὐτῷ
840 598 959 650 κατὰ
1009 598 1159 667 φύσιν
1206 599 1504 667 ἀξιώματοςς
1564 599 1810 667 ἐλέγχεται
1855 599 1951 666 γὰρ

137 698 193 732 26
214 697 265 733 Α.
320 707 343 731 a
361 682 723 749 ἀντιπαραθέσει
754 685 812 750 τῇ
840 680 959 748 πρὸς
994 680 1047 732 τὸ
1083 681 1236 747 μεῖζον
1261 680 1314 732 τὸ
1342 680 1559 740 ἐ’λαττον,
1588 683 1671 732 οὐκ
1697 684 1946 746 ἐκμετρου-

360 764 500 829 μένης
544 762 591 815 δὲ
634 768 717 829 τῆς
761 765 898 834 ἀξίας
941 769 1025 814 τοῦ
1068 763 1272 830 Πατρὸς,
1310 764 1423 815 ποία
1462 765 1604 832 δεῖξις
1641 766 1690 815 ἐν
1723 767 1825 833 Υὶῴ
1869 768 1953 814 τοῦ

360 845 753 911 μειονεκτήματος
773 868 785 910 3

433 950 566 979 AAAo.
616 931 727 981 Ἐπὶ
762 930 820 996 τῇ
855 929 1083 997 βδελυρίᾳ
1117 931 1212 978 τῶν
1245 928 1452 978 ἀνοσίων
1482 930 1738 993 αἱρετικῶν,
1765 927 1953 996 ἔξεστιν

132 1020 236 1096 ἓξὲξ-
270 1073 283 1095 1
359 1009 505 1065 ὅντως
549 1016 691 1063 εἰπεῖν
730 1010 1050 1076 ἀληθεύοντας
1089 1013 1202 1060 “Oi
1248 1008 1296 1060 δὲ
1341 1010 1501 1076 ἐχθροὶ
1541 1009 1674 1072 ἡμῶν
1714 1008 1951 1073 ἀνόητοι.”

157 1090 166 1095 ⁴
229 1073 296 1105 -3·
359 1097 459 1147 πῶς
496 1093 590 1160 γὰρ
629 1095 710 1145 οὐκ
748 1091 806 1145 ἀν
844 1091 932 1144 εἶεν
969 1091 1131 1156 πάσης
1170 1091 1373 1155 ἀμαθίας
1412 1090 1649 1160 ἀνάπλεῳ,
1681 1090 1746 1156 μὴ
1785 1090 1955 1145 εἰδότες

137 1191 149 1213 ¹
169 1181 254 1214 Tim.
272 1181 296 1214 i.
361 1182 388 1205 ‘⁴
413 1175 530 1240 μήτε
557 1175 587 1226 ἃ
612 1176 824 1242 λέγουσι,
851 1174 966 1239 μήτε
991 1177 1096 1241 περὶ
1122 1174 1262 1225 τίνων
1288 1174 1711 1236 διαβεβαιοῦνται,”
1740 1172 1955 1240 καθάπερ

360 1258 385 1307 ὁ
432 1257 628 1312 Παῦλός
676 1262 862 1327 φησιν,
928 1256 1038 1307 ὅτου
1078 1255 1126 1307 δὲ
1171 1256 1227 1320 δὴ
1269 1255 1408 1323 χάριν
1448 1254 1755 1319 ἐπισκήπτειν
1799 1257 1955 1309 αὐτοῖς

312 1350 340 1392 b
361 1339 551 1403 οἰόμεθα
588 1344 696 1402 δεῖν,
723 1339 865 1391 ἐκεῖνό
900 1341 1046 1390 ε’στιν.
1099 1342 1136 1389 εἰ
1171 1337 1292 1389 κατὰ
1327 1337 1553 1401 ἀλήθειαν
1582 1337 1707 1388 Θεὸν
1742 1339 1793 1388 ἐκ
1828 1342 1955 1389 Θεοῦ

359 1428 443 1473 τοῦ
472 1421 662 1489 Πατρὸς
689 1423 1002 1488 γεγεννῆσθαι
1029 1420 1228 1484 λέγουσι
1254 1419 1336 1470 τὸν
1357 1419 1487 1482 Υὶὸν,
1510 1421 1584 1469 καὶ
1612 1421 1733 1470 οὕτω
1758 1419 1954 1470 πιστεύ-

360 1526 483 1567 ουσι,
509 1508 610 1558 πῶς
644 1502 855 1554 ἐλάττων
886 1504 988 1554 ἐστὶ
1023 1508 1106 1553 τοῦ
1139 1501 1331 1568 Πατρός
1350 1523 1362 1563 3
1412 1500 1576 1565 πολλὴ
1614 1500 1706 1567 γὰρ
1743 1502 1955 1552 ἐντεῦθεν

360 1586 737 1655 ἀποτεχθήσεται
787 1588 1041 1650 λογισμῶν
1091 1584 1277 1647 ἀτοπία,
1321 1585 1541 1651 πανταχῆ
1592 1583 1647 1634 τὸ
1700 1583 1956 1651 δύσφημον

359 1669 548 1736 ἔχουσα,
577 1670 652 1719 καὶ
679 1668 862 1735 ὅσαπερ
895 1667 952 1717 ἄν
978 1690 1046 1721 τις
1080 1668 1155 1717 καὶ
1183 1665 1329 1731 μόνον
1356 1667 1557 1716 ἀκοῦσαι
1589 1665 1950 1732 παραιτήσεται.

357 1754 395 1801 εἰ
435 1750 528 1816 γὰρ
568 1750 693 1804 ὅλως
726 1748 847 1804 Θεὸς
886 1748 1006 1800 κατὰ
1045 1749 1195 1817 φύσιν
1228 1747 1453 1815 ὑπάρχων
1487 1749 1512 1798 ὁ
1545 1745 1660 1800 Υἱὸς
1697 1747 1955 1817 ἐπιδεξεται

357 1832 478 1883 κατά
510 1856 554 1884 τι
592 1838 708 1898 γοῦν
732 1833 803 1901 ἐφ’
834 1832 982 1900 ἑαυτῷ
1017 1830 1070 1882 τὸ
1109 1829 1323 1892 ἐ’λαττον,
1351 1828 1533 1896 ἀνάγκη
1569 1828 1739 1880 λοιπὸν
1769 1831 1953 1893 ἐννοεῖν,

358 1917 420 1968 ὡς
446 1915 618 1966 ἔστιτι
643 1912 697 1965 τὸ
724 1914 878 1980 μεῖζον
905 1918 1046 1965 Θεοῦ.
1091 1913 1256 1964 οὐκοῦν
1281 1913 1365 1963 οὐκ
1392 1914 1440 1963 ἐν
1466 1911 1723 1976 τελειότητι
1748 1916 1806 1980 τῇ
1834 1912 1954 1963 κατὰ

317 2002 453 2048 οπᾶν
481 1996 690 2060 ὁτιοῦνὴ
725 2002 807 2047 τοῦ
842 1994 1033 2062 Πατρός
1068 1995 1208 2045 οὐσία
1243 1998 1427 2057 νοεῖται,
1458 1992 1546 2045 κᾶν
1582 1993 1771 2062 ὑπάρχῃ
1807 1993 1953 2063 φύσει

358 2079 498 2133 Θεός·
538 2078 774 2148 προκόψει
802 2078 858 2129 δέ
875 2101 957 2129 ποι
985 2080 1060 2128 καὶ
1087 2075 1226 2131 αὐτὸς
1252 2078 1326 2128 ἐπὶ
1353 2076 1406 2127 τὸ
1433 2076 1602 2142 μεῖζον,
1629 2074 1954 2143 ἐλεγχόμενος,

355 2160 519 2227 ὥσπερ
558 2163 606 2212 ἐν
644 2160 783 2212 εἰκόνι
822 2165 888 2229 τῷ
928 2163 1045 2228 Υἱῷ,
1085 2158 1157 2210 ὅτι
1199 2159 1288 2225 πέρ
1328 2160 1432 2209 ἐστι
1473 2161 1548 2209 καὶ
1591 2157 1730 2212 αὐτὸς
1775 2161 1858 2222 τῆς
1900 2157 1953 2209 τὸ

356 2242 558 2295 ἐ’λαττον
585 2243 911 2311 ἐπιδεχομένης
944 2243 1122 2295 οὐσίας.
1175 2240 1370 2310 φορέσει
1407 2239 1456 2291 δὲ
1493 2238 1606 2291 αὐτὸ
1644 2239 1848 2304 δυνάμει,
1877 2242 1952 2291 καὶ

356 2330 394 2377 εἰ
421 2326 562 2390 μήπω
587 2324 860 2395 πεφόρεκεν·
915 2325 1016 2375 ἐπεί
1037 2347 1127 2389 περ
1161 2322 1219 2373 τὰ
1255 2321 1442 2373 δεκτικά
1468 2345 1591 2375 τινος
1617 2321 1744 2384 ὅντα,
1772 2321 1953 2390 δέξεται

355 2407 543 2462 πάντως
569 2410 644 2460 καὶ
667 2407 727 2459 τά
751 2406 815 2458 ὧν
839 2409 942 2458 ἐστι
968 2405 1169 2467 δεκτικὰ,
1196 2407 1272 2456 καὶ
1307 2410 1470 2471 καιροῦ
1508 2410 1767 2458 καλοῦντος
1799 2408 1860 2457 εἷς
1897 2403 1952 2456 τὸ

355 2495 522 2542 παθεῖν
567 2491 620 2541 οὐ
664 2491 1024 2556 παραιτήσεται.
1090 2487 1222 2538 ἀλλὰ
1270 2486 1433 2550 πολλή
1486 2509 1554 2539 τις
1605 2488 1653 2536 ἐν
1698 2485 1879 2539 τούτοις
1922 2488 1951 2551 ἡ

356 2573 606 2641 δυσφημία
651 2571 879 2640 φαίνεται.
957 2571 1062 2621 οὔτε
1108 2568 1202 2635 γὰρ
1246 2566 1550 2635 προβήσεταί
1595 2591 1676 2619 ποι
1725 2567 1844 2634 πρὸς
1895 2567 1951 2619 τὸ

355 2655 508 2721 μεῖζον
547 2655 572 2705 ὁ
614 2652 798 2719 Πατὴρ,
838 2653 949 2704 ἀλλ’
992 2650 1095 2703 οὐδὲ
1134 2650 1188 2702 τὸ
1228 2649 1430 2701 ἔλαττον
1469 2649 1741 2719 ἐπιδέξεται,
1783 2648 1858 2701 διὰ
1895 2648 1950 2701 τὸ

410 2851 438 2873 1.
466 2839 587 2874 ἐκεῖνός
604 2845 827 2883 assumptum
844 2850 884 2872 ex
906 2838 947 2873 Β.
1222 2846 1252 2869 2.
1280 2834 1419 2879 ἀγαθοῖς
1437 2835 1454 2866 ὁ
1473 2833 1591 2878 Πατὴρ
1610 2834 1748 2868 inverso
1765 2833 1886 2867 ordine
1906 2833 1947 2868 B.

363 2897 415 2920 10.
441 2885 666 2928 ἀληθεύοντας
684 2887 788 2920 εἰπεῖν
804 2886 944 2920 inverso
961 2884 1083 2918 ordine
1104 2883 1145 2917 Β.
1271 2893 1321 2915 11.
1348 2881 1483 2924 ἁπάσης
1503 2880 1543 2915 Ε.
1677 2891 1730 2925 13.
1757 2880 1792 2913 δὲ
1814 2892 1883 2913 om.
1905 2879 1946 2915 B.

365 2934 414 2966 18.
439 2932 687 2977 παραιτήσητιιι
706 2933 745 2967 Ε.
878 2943 933 2966 21.
959 2933 997 2966 τὸ
1016 2936 1237 2976 assumptum
1256 2941 1296 2963 ex
1317 2928 1456 2962 13.D.1⁴;.
1589 2938 1643 2969 24.
1671 2927 1705 2962 ἐν
1722 2930 1946 2971 assmnptum

358 2992 399 3013 ex
420 2979 460 3013 B.
607 2989 661 3021 25.
689 2978 786 3024 αὐτὸ]
806 2979 894 3023 αὐτῷ
914 2979 955 3014 Ε.

1974 620 1996 658 0'1

1978 1035 2025 1060 10

1977 1441 2023 1478 15

1969 2669 2020 2706 30
