2084 3317
133 156 204 197 vii.
223 172 290 214 30.
398 162 473 203 IN
515 164 557 206 S.
591 166 927 209 JOANNEM.
991 170 1116 210 LIB.
1141 171 1194 211 V.
1257 172 1389 213 CAP.
1425 174 1459 214 I.
1637 177 1714 216 671

131 267 326 334 σφόδρα
351 272 517 339 ῥαδιάν
543 274 664 326 ἑλεῖν
689 281 755 326 τῶ
786 300 840 342 γε
869 278 993 332 ὅλως
1019 285 1214 348 συνετῷ,
1241 285 1315 332 καὶ
1347 282 1405 332 τὰ
1437 283 1720 349 αἰσθητήρια
1781 286 1942 368 ξῩ·ΙξῙΘῙ)·

128 351 212 411 τῆς
237 353 497 406 διανοίας’
467 377 620 421 εχοντι
648 380 1014 423 γεγυμνασμενα
1041 361 1160 426 πρὸς
1193 361 1428 430 διάκρισιν
1456 366 1636 430 ἀγαθοῦ
1669 389 1717 416 τε
1738 386 1759 412 e

127 432 204 480 καὶ
244 439 403 483 κακοῦ.
478 437 528 487 τί
563 437 619 502 δὴ
664 441 746 490 οὖν
784 441 876 507 ἄρα
915 444 1098 494 κάκεῖνό
1141 445 1287 508 ἐστιν,
1326 448 1432 512 περὶ
1472 447 1525 497 οὗ
1565 446 1621 510 δὴ
1660 446 1719 497 τὰ

125 512 319 564 τοιαῦτά
344 519 525 583 φαμεν;
559 519 714 585 γάμον
741 522 991 575 ἐπετέλουν
1016 529 1058 576 οἱ
1088 527 1352 578 Καναναῖοί
1372 550 1484 579 ποτε
1512 527 1598 591 τὴν
1624 532 1720 578 τῶν

83 609 105 648 5
125 592 362 647 Ἰουδαίων
389 600 575 663 γείτονα
600 610 966 669 προσοικοῦντες
992 606 1168 674 χώραν’
1213 609 1453 660 Γαλιλαία
1479 610 1526 660 δὲ
1559 608 1634 674 ἦν·
1675 613 1717 661 οὶ

124 676 163 725 τ’
191 677 266 727 ε’πὶ
291 682 579 733 πανδαισίαν
603 686 899 737 συνεκάλουν
925 686 1008 738 τὸν
1036 688 1270 756 Κύριον“
1239 714 1337 754 αμα
1369 695 1427 759 τῇ
1462 694 1604 758 μητρὶ
1641 695 1717 743 καὶ

123 762 219 811 τοῖς
257 760 405 825 ἁγίοις
438 769 682 862 μαθηταῖς,
711 791 786 818 και
822 768 1068 865 πρόφασις
1103 773 1258 827 αὐτοῖς
1293 776 1376 837 τῆς
1410 797 1717 840 πανηγυρεως

121 836 180 902 ἠν
205 840 233 904 ἡ
259 842 492 907 γαμήλιος
518 846 638 911 εὐνή·
680 851 742 902 ὡς
769 849 863 900 δε
844 851 1068 914 ομόσιτος
1094 858 1189 907 τοῖς
1219 858 1281 908 εἷς
1306 861 1444 907 τοῦτο
1471 865 1708 923 συνειλεγ-

119 943 274 983 μενοις
311 925 335 974 6
371 926 545 992 Κυριος
579 933 736 995 παρῆν
767 933 1100 998 ευλογήσων
1081 942 1135 986 ὃν
1167 939 1499 1002 νενομοθέτηκε
1534 961 1708 1004 γαμον,

51 1025 99 1050 10
120 1000 242 1057 οἶνος
267 1004 482 1059 ἐπέλειπε
510 1032 616 1064 τους
643 1013 970 1076 ἑστιωμενους·
1014 1039 1079 1066 ετι
1106 1016 1207 1068 δε
1180 1041 1241 1072 ως
1269 1022 1368 1070 υιοῦ
1395 1020 1707 1089 κατεξουσιά-
1729 1043 1751 1066 a
1779 1034 1866 1068 458
1882 1034 1937 1070 A·

118 1082 265 1149 ζουσα
317 1088 392 1139 δια
443 1090 529 1155 τὴν
573 1093 766 1158 πολλὴν
811 1096 934 1161 ἄγαν
983 1098 1228 1164 ὑποταγὴν
1270 1107 1353 1152 τοῦ
1406 1105 1628 1168 Σωτῆρος
1680 1105 1706 1168 ἡ

116 1165 285 1234 μήτηρ,
325 1172 441 1234 ὁμοῦ
479 1196 527 1224 τε
566 1177 641 1226 καὶ
680 1176 763 1226 τὸν
802 1178 850 1228 ἐν
889 1178 1080 1242 δυναμει
1121 1185 1372 1249 θεοπρεπεῖ
1405 1183 1481 1234 διὰ
1518 1189 1709 1250 πολλῆς

115 1248 205 1312 ἠδη
243 1253 326 1314 τῆς
363 1255 526 1320 πείρας
564 1261 787 1318 μαθοῦσα
814 1266 840 1289 “
862 1258 1010 1312 Οἶνον
1046 1263 1129 1313 οὐκ
1166 1263 1354 1331 ἐχουσι,’
1358 1267 1563 1333 ’φησιν
1606 1266 1706 1335 ῄδει
1769 1288 1878 1329 Supra

114 1329 208 1397 γὰρ
242 1333 537 1402 ἐξανύσοντα
571 1340 647 1389 καὶ
681 1339 815 1403 μαλα
849 1343 1081 1411 ῥαδίως,
1067 1344 1180 1411 όπερ
1216 1345 1381 1413 ἀπῄτει
1415 1352 1509 1398 τῶν
1540 1372 1697 1415 πραγ-
1768 1342 1800 1362 ¹¹
1821 1342 1850 1372 ‘⁷’

47 1426 94 1462 15
112 1435 276 1476 ματων
301 1416 329 1480 ἡ
363 1416 526 1485 φύσις.
581 1419 701 1487 πρὸς
725 1423 872 1487 αὐτὴν
899 1424 993 1475 δε
975 1449 998 1475 ο
1030 1428 1205 1493 Κύριος
1235 1434 1262 1457 “
1283 1429 1394 1479 Τι”
1372 1452 1470 1493 εμοι
1498 1453 1572 1481 και
1599 1454 1700 1494 σοι,
1767 1450 1818 1481 Ib.
1839 1463 1870 1490 4.

113 1495 333 1560 “γυναι;
376 1501 505 1551 οὔπω
540 1503 635 1566 ἥκει
673 1504 700 1568 ἡ
737 1503 836 1570 ὥρα
869 1506 1000 1567 μου.”
1054 1509 1079 1559 6
1113 1509 1198 1572 μὲν
1225 1511 1307 1561 οὖν
1335 1510 1560 1579 φιλόθεος
1596 1519 1703 1569 νοῦς

114 1578 189 1627 καὶ
215 1583 310 1629 τῶν
335 1582 614 1635 ἀλλοκότων
640 1587 1012 1654 ἀπηλλαγμενος
1037 1590 1303 1656 δογματων,
1329 1594 1619 1659 Ἑλληνικῆς
1653 1619 1702 1647 τε

114 1660 176 1712 ὡς
213 1663 502 1729 ποῤῥωτατω
542 1669 903 1733 δεισιδαιμονιας
942 1673 1216 1741 ἀναφυγὼν,
1255 1673 1309 1726 τὸ
1351 1699 1590 1741 ειρημενον
1629 1681 1701 1730 εὖ·
1719 1691 1745 1732 b

112 1746 271 1801 σεβῶς
309 1746 555 1814 ἐκδεξεται.
609 1751 736 1801 οὔπω
775 1775 868 1818 γαρ
907 1753 1018 1817 ἥκει,
1046 1757 1257 1822 φησὶν,
1239 1779 1263 1806 ο
1302 1759 1384 1821 τῆς
1423 1760 1702 1829 ἀναδειξεώς

41 1845 92 1870 20
110 1845 201 1885 μου
240 1825 412 1892 καιρὸς,
452 1851 534 1892 της
573 1830 649 1881 δια
687 1836 895 1896 σημείων
934 1836 1132 1933 δηλαδή.
1188 1837 1311 1893 Θεος
1348 1839 1442 1905 γὰρ
1482 1840 1546 1892 ὧν
1582 1842 1701 1893 κατὰ

111 1904 273 1970 φύσιν,
303 1907 384 1959 τὸν
412 1910 598 1982 ἑκαστῳ
625 1937 871 1980 πραγματι
896 1940 1137 1983 πρεποντα
1163 1919 1335 1988 χρόνον
1361 1923 1444 1973 οὐκ
1468 1923 1695 2020 ἠγνόησε,

107 1987 283 2038 πόθεν·
272 2029 284 2050 ,
329 1992 353 2040 6
390 1989 437 2042 δε
471 1994 520 2044 ἐκ
554 1999 742 2059 πολλῆς
775 1997 899 2062 ἀγαν
925 2022 1006 2062 της
1033 2002 1291 2056 ἀσυνεσίας
1317 2026 1607 2071 περιτρεπων
1634 2030 1698 2061 εις

106 2069 250 2121 ἐκεῖνο
274 2094 349 2122 και
376 2079 530 2126 τοῦτο·
574 2079 857 2142 ἱππηλατων
883 2103 977 2147 γαρ
1002 2105 1102 2137 πως
1137 2085 1239 2135 ἐστι
1275 2090 1371 2139 τοῖς
1406 2094 1608 2143 πολλοῖς
1642 2089 1695 2141 τὸ

106 2152 266 2203 κακόν·
326 2178 402 2206 και
450 2162 550 2212 ταῖς
601 2165 696 2211 τῶν
748 2164 883 2228 ὡρῶν
926 2165 1186 2230 ε’νεργειαις,
1229 2165 1392 2233 ὡσπερ
1444 2192 1525 2219 ουν
1576 2194 1694 2226 τινες

36 2246 85 2284 25
106 2238 355 2301 ληροῦντές
384 2244 551 2306 φασιν,
572 2243 849 2294 ὑποκεῖσθαι
877 2248 951 2296 καὶ
979 2247 1121 2298 αὐτὸν
1142 2248 1341 2312 οἰόμενοι
1363 2250 1445 2301 τὸν
1463 2252 1693 2318 Χριστὸν,

104 2318 301 2369 αὐτόθεν
327 2320 436 2383 ἡμῖν
467 2324 729 2387 ἀνοητεύων
762 2327 1017 2391 ἁλώσεται,
1044 2331 1119 2379 καὶ
1156 2329 1211 2381 δι’
1239 2329 1304 2382 ὧν
1331 2334 1692 2398 ε’παγωνιεῖσθαι
1711 2357 1732 2383 e

103 2404 199 2453 τοῖς
247 2401 412 2453 ἑαυτοῦ
462 2404 789 2471 προσεδόκησε
839 2409 1016 2475 λόγοις,
1063 2410 1138 2462 διὰ
1188 2412 1367 2464 τούτων
1411 2415 1565 2466 αὐτῶν
1609 2420 1693 2481 τῆς

102 2481 300 2547 ἐνούσης
335 2490 430 2538 τοῖς
467 2486 756 2552 δόγμασιν’
731 2513 927 2546 ατοπιας
963 2493 1336 2559 καταγνώσεται.
1392 2501 1429 2546 εὶ
1464 2520 1557 2563 γαρ
1591 2505 1692 2553 ταῖς

101 2567 195 2614 τῶν
234 2567 369 2629 ὡρῶν
406 2569 652 2633 ε’νεργειαις
691 2573 966 2625 ὑποκεῖσθαι
1006 2576 1223 2639 δώσομεν
1261 2582 1356 2628 τῶν
1394 2602 1691 2645 πραγματων

30 2662 81 2699 30
101 2644 185 2709 τὴν
230 2648 393 2715 φύσιν,
438 2648 514 2699 διά
561 2673 612 2701 τε
662 2659 800 2705 τοῦτο
854 2656 999 2724 φάναι
1050 2656 1133 2708 τὸν
1173 2658 1390 2724 Χριστὸν
1434 2661 1554 2728 πρὸς
1598 2662 1688 2727 τὴν

148 2763 181 2809 9.
206 2751 371 2798 παρῆν]
353 2757 392 2796 ἠν
408 2756 518 2799 παρῆν
536 2768 598 2800 pro
616 2769 713 2792 more
732 2758 773 2793 B.
842 2759 968 2795 Statim
988 2763 1006 2795 ὁ
1025 2762 1106 2797 add.
1127 2762 1246 2798 Holst.
1265 2764 1332 2799 Ed.
1463 2777 1516 2801 11.
1544 2767 1562 2811 ἡ
1580 2767 1689 2814 μήτηρ

100 2797 145 2832 Β.
164 2797 257 2842 ἡμῶν
277 2799 339 2834 Ht.
359 2800 426 2835 Ed.
606 2815 661 2839 12.
687 2807 745 2839 τὸν
764 2806 807 2841 Β.
825 2807 885 2851 τὴν
904 2809 967 2842 Ht.
986 2809 1053 2843 Ed.
1213 2822 1277 2864 13.
1304 2810 1378 2855 ἤδει
1395 2813 1461 2858 γὰρ
1481 2814 1690 2857 ἐξανύσοντιι

101 2878 234 2912 correxi
253 2885 332 2923 post
352 2880 487 2925 Migne.
505 2881 585 2916 ε’ίδει
601 2883 667 2929 γὰρ
685 2884 904 2930 ἐξανοίσοντα
922 2888 1016 2922 Aub.
1115 2890 1171 2925 18.
1193 2867 1383 2938 ἔπὲφυγὼν
1403 2893 1444 2929 Β.
1543 2906 1600 2930 20.
1623 2911 1690 2939 μου

100 2936 131 2959 a.
149 2926 233 2968 ὁμοῦ
253 2925 294 2960 Β.
296 2926 394 2981 ῥεμοῦ
415 2927 478 2962 Ht.
497 2928 565 2963 Ed.
696 2943 752 2967 21.
779 2934 838 2967 οὐκ
855 2934 895 2968 ἂν
911 2933 1078 2979 ἠγνόησεν
1095 2948 1125 2970 a.
1258 2950 1316 2984 30.
1341 2941 1447 2985 φάναι
1465 2949 1689 2988 assumptum

100 2983 142 3006 ex
162 2971 204 3006 B.
223 2972 328 3008 εἰπεῖν
347 2973 411 3008 Ht.
459 2975 636 3010 Neutrum
655 2976 759 3013 habet
778 2979 845 3014 Ed.
