2084 3317
334 139 417 177 454
737 139 787 178 B.
821 138 1095 179 CYRILLI
1136 139 1519 180 ALEXANDR.
1690 142 1744 181 vi.
1765 155 1832 196 30,
1852 154 1918 196 31.

400 246 557 314 ’Ἔργον
584 247 665 296 οὖν
695 247 785 312 ἄρα
820 251 878 315 τῇ
914 247 1123 316 φιλοθέῳ
1158 250 1295 315 ψυχῇ
1329 248 1487 302 πίστις
1522 249 1550 312 ἡ
1589 253 1650 303 εἷς
1685 249 1918 315 Χριστὸν,

337 329 411 378 καὶ
447 328 824 396 ἀξιολογώτερον
856 329 1050 397 σφόδρα
1083 326 1136 378 τὸ
1171 329 1440 394 ἐπείγεσθαι
1474 334 1664 393 μᾶλλον
1689 337 1784 385 τοῖς
1818 333 1924 398 περὶ

300 429 320 454 e
339 410 479 460 αὐτοῦ
518 414 914 477 κατασοφοῦσθαι
952 408 1127 475 λόγοις,
1166 410 1314 475 ἤγουν
1352 415 1451 464 ταῖς
1490 413 1539 461 ἐν
1575 412 1708 482 τύπῳ
1749 435 1925 478 προσε-

338 490 511 557 δρεύειν
538 496 707 544 σκιαῖς.
752 490 1106 553 ἀποθαυμάσεις
1134 490 1181 542 δὲ
1205 491 1352 542 πάλιν
1379 494 1561 543 κάκεῖνο
1586 492 1705 559 πρὸς
1730 494 1924 548 τούτοις·

338 573 458 639 ἔχων
501 572 594 639 γὰρ
636 574 684 622 ἐν
725 572 816 623 ε”θει
860 571 1075 638 Χριστὸς
1126 572 1276 639 λόγον
1319 577 1555 625 ποιεῖσθαι
1604 576 1781 639 μηδένα
1830 580 1925 627 τῶν

339 654 664 719 διερωτώντων
697 659 1024 721 πειραστικῶς,
1053 653 1167 706 αὐτὸ
1202 653 1322 721 πρὸς
1355 654 1409 706 τὸ
1443 655 1596 723 παρὸν
1627 660 1926 720 οἰκονομικῶς

339 736 650 801 ἀποκρίνεται·
693 739 729 787 εἰ
766 738 840 787 καὶ
875 735 975 804 ᾔδει
1007 734 1156 787 πάλιν
1187 736 1646 804 ὠφεληθησομένους
1679 738 1823 789 οὐδέν·
1863 743 1926 793 εἷς

115 830 208 861 Infra
339 817 601 884 κατάκριμα
636 818 804 870 αὐτοῖς·
856 816 1020 884 ὥσπερ
1055 818 1136 868 οῦν
1162 821 1236 868 καὶ
1269 819 1317 869 ἐν
1343 817 1510 885 ἑτέροις
1544 820 1696 888 φησίν
1721 826 1749 850 “
1769 824 1828 871 Εἰ
1860 820 1925 886 μὴ

116 885 168 904 W
185 882 233 903 η’
339 905 367 927 “
392 898 542 963 ἦλθον
568 901 643 949 καὶ
677 899 901 964 ἐλάλησα
934 901 1102 963 αὐτοῖς,
1130 901 1361 966 ἁμαρτίαν
1388 901 1470 952 οὐκ
1496 900 1707 969 εἴχοσαν·
1751 905 1848 954 νυνὶ
1876 902 1925 954 δὲ

339 988 366 1010 “
390 980 640 1050 πρόφασιν
667 982 748 1032 οὐκ
772 980 935 1049 ε”χουσι
961 983 1066 1048 περὶ
1092 985 1175 1045 τῆς
1200 982 1429 1049 ἁμαρτίας
1453 984 1647 1036 αὑτῶν.”

293 1059 319 1099 d

270 1142 320 1177 30
345 1132 474 1178 Εἶπον
518 1134 590 1178 οὖν
634 1138 752 1191 αὐτῷ
795 1137 845 1178 Τί
894 1135 967 1178 οὖν
1011 1134 1148 1179 Ποιεῖε
1198 1138 1245 1179 σὺ
1295 1135 1484 1189 οΗμεῖον,
1526 1138 1594 1179 ἵνα
1646 1135 1806 1187 ἴδωμεν
1857 1139 1925 1180 καὶ

271 1229 316 1264 31
408 1221 703 1269 Πιστεύσωμὲν
744 1236 837 1273 60¹3
886 1221 925 1262 τί
968 1221 1145 1279 &pl-(5033
1196 1219 1234 1261 οἱ
1278 1221 1461 1278 Πατὲρεε
1507 1221 1629 1271 ἡμῶν
1672 1222 1835 1277 ἔφαΓον
1878 1224 1926 1265 τὸ

406 1304 543 1352 μάννα
581 1304 625 1345 ἐν
657 1307 708 1362 τῷ
748 1304 911 1360 ἐρήμῳ,
949 1303 1092 1345 καθώς
1129 1304 1219 1346 ἐοτι
1257 1305 1546 1361 Γεῑραμμὲνον
1577 1304 1732 1361 ’Ἄρτον
1768 1304 1815 1346 ἐκ
1852 1307 1925 1346 τοῦ

405 1387 588 1443 οὐρανοῦ
626 1386 790 1428 ἔδωκεν
830 1384 975 1428 αὐτοῖς
1014 1386 1179 1442 <pou-ew.

421 1495 799 1546 Ἐκκαλύπτεται
852 1495 971 1546 κατὰ
1021 1495 1179 1562 βραχὺ
1229 1499 1324 1546 τῶν
1373 1497 1611 1547 Ἰουδαίων
1660 1497 1688 1561 ἡ
1741 1495 1924 1562 γνώμη,

339 1576 486 1627 καίτοι
527 1575 835 1628 λανθάνουσά
878 1601 980 1631 πως
1026 1579 1101 1629 καὶ
1144 1579 1192 1628 ἐν
1236 1577 1575 1646 ἀφανεστέροις
1615 1577 1679 1629 ε”τι
1725 1601 1922 1629 κατακε-

339 1660 562 1725 χωσμένη
613 1665 708 1713 τοῖς
758 1664 1021 1726 λογισμοῖς·
1081 1659 1296 1730 ε”φασκον
1346 1659 1431 1722 μὲν
1474 1659 1568 1727 γὰρ
1612 1661 1669 1730 ἐξ
1709 1661 1931 1716 ἀπονοίας

118 1736 255 1810 ῗὲξπζὸ
302 1749 367 1790 e“
395 1741 461 1792 Τί
494 1746 713 1805 ποιῶμεν,
741 1742 816 1792 ἵνα
847 1741 1145 1808 ἐργαζώμεθα
1183 1741 1242 1793 τὰ
1281 1742 1396 1808 ἔργα
1434 1748 1517 1793 τοῦ
1545 1744 1710 1806 Θεοῦ,”
1736 1742 1819 1794 οἵτε
1859 1743 1930 1808 δὴ,

341 1822 551 1890 καθάπερ
577 1823 665 1888 ἤδη
696 1825 991 1890 προείπομεν,
1019 1825 1316 1893 ε’ξαρκοῦσαν
1341 1825 1526 1893 ἔχοντες
1561 1825 1646 1889 τὴν
1677 1824 1751 1876 διὰ
1785 1830 1931 1877 Μωυ-

340 1906 460 1959 σέως
486 1905 695 1969 ἐντολὴν,
722 1911 783 1960 εἷς
808 1905 862 1957 τὸ
890 1906 1123 1957 δύνασθαι
1148 1905 1266 1973 πρὸς
1293 1911 1457 1958 πᾶσαν
1485 1906 1650 1961 αὐτοὺς
1677 1909 1932 1960 ἀπευθῦναι

341 1988 537 2056 σοφίαν,
579 1989 633 2038 δι’
674 1988 728 2052 ἧς
769 1988 826 2039 ἂν
862 1991 1016 2039 εἰδεῖεν
1051 1987 1105 2039 τὸ
1145 1987 1399 2056 εὐάρεστον
1432 1990 1661 2041 ε’πιτελεῖν
1698 1995 1764 2060 τῷ
1803 1994 1927 2060 Θεῷ·

342 2070 451 2119 ἀλλ’
481 2070 692 2134 ἠγνοεῖτό
731 2093 831 2124 πως
870 2070 1019 2121 καίτοι
1057 2076 1265 2125 τοιοῦτος
1304 2070 1370 2121 ὧν
1402 2073 1450 2122 ἐν
1482 2073 1636 2126 αὐτοῖς
1675 2073 1700 2123 ὃ
1735 2071 1932 2136 σκοπὸς,

343 2152 694 2217 ἀπογυμνοῦται
746 2151 795 2203 δὲ
844 2154 943 2203 νυνὶ
993 2155 1069 2203 καὶ
1120 2151 1239 2204 κατὰ
1291 2151 1449 2220 βραχὺ
1499 2152 1717 2219 πρόεισιν
1768 2158 1830 2209 εἷς
1877 2154 1932 2206 τὸ

119 2231 150 2260 S.
166 2230 245 2260 Luc.
356 2234 366 2248 ’
515 2232 528 2248 '
697 2251 706 2261 .
735 2241 763 2263 cc
844 2235 855 2250 ’
937 2233 949 2248 ²
1016 2236 1026 2250 '
1292 2234 1304 2249 “
1358 2236 1381 2251 ”
1499 2234 1511 2252 λ
1582 2235 1593 2250 “
1716 2242 1736 2251 ‘⁸
1879 2239 1900 2249 Α

119 2273 187 2304 viii.
207 2280 255 2313 17·
344 2238 694 2301 εμφανεστερον
783 2238 859 2285 Ου
885 2257 978 2301 γαρ
1004 2257 1108 2286 εστι
1134 2258 1355 2301 κρυπτον,
1398 2259 1518 2286 κατα
1542 2259 1628 2300 την
1654 2259 1737 2287 του
1764 2240 1927 2301 Σωτη-

585 2314 597 2330 Χ
735 2315 752 2334 ,Χ
836 2317 846 2331 ,
1127 2315 1139 2332 Ι
1299 2317 1324 2333 '2
1416 2317 1425 2336 Ι
1524 2318 1535 2335 Ι
1664 2318 1686 2336 ’l
1903 2320 1916 2336 Χ

341 2338 424 2382 ρος
467 2321 646 2384 φωνην,
687 2323 758 2367 “0
798 2339 851 2367 ου
891 2320 1293 2385 φανερωθησεται.
1377 2341 1419 2368 τι
1458 2341 1613 2368 τοινυν
1650 2320 1754 2382 ηδη,
1795 2323 1932 2387 φασι,

342 2399 390 2449 τί
423 2401 562 2452 ποιεῖς
603 2397 656 2449 σὺ
696 2401 896 2465 σημεῖον,
938 2399 1192 2463 τετίμηται,
1238 2403 1374 2468 φησὶ,
1418 2403 1493 2450 καὶ
1534 2400 1644 2451 λίαν
1684 2399 1870 2455 εἰκότως
1908 2401 1934 2451 ὁ

119 2495 201 2529 310
217 2495 269 2529 Α.
305 2480 566 2548 ειμακάριος
617 2483 849 2544 Μωυσῆς,
899 2480 1164 2548 παρεδέχθη
1215 2481 1335 2548 πρὸς
1394 2483 1634 2546 μεσιτείαν
1686 2486 1810 2534 Θεοῦ
1859 2486 1935 2535 καὶ

342 2563 618 2629 ἀνθρώπων.
675 2567 750 2614 καὶ
790 2561 884 2629 γὰρ
922 2562 978 2627 δὴ
1017 2565 1092 2614 καὶ
1133 2564 1307 2630 ἀρκοῦν
1345 2565 1486 2616 ε”δωκε
1525 2569 1714 2633 σημεῖον·
1765 2565 1935 2635 ἔφαγον

389 2709 422 2743 6.
446 2709 527 2743 αὐτὸ
546 2720 615 2743 om.
638 2709 680 2744 B.
792 2721 826 2754 9.
851 2708 994 2755 εἴχοσαν
1013 2710 1059 2744 D.
1078 2707 1172 2754 εἶχον
1192 2709 1256 2744 Ed.
1326 2710 1452 2745 Statim
1471 2714 1529 2745 νῦν
1548 2711 1589 2745 Β.
1703 2721 1758 2745 10.
1784 2712 1861 2756 περὶ
1877 2714 1936 2755 τῆς

339 2755 502 2800 ἁμαρτίας
519 2756 628 2790 αὐτῶν
645 2756 704 2790 οὐκ
721 2756 864 2801 ἔχουσιν
880 2757 1019 2791 inverso
1037 2756 1158 2790 ordine
1178 2756 1220 2791 B.
1239 2757 1284 2791 cf.
1304 2757 1394 2791 infra
1411 2768 1478 2803 352
1498 2770 1528 2792 e.
1547 2768 1615 2803 373
1634 2758 1668 2792 b.
1798 2769 1849 2792 11.
1877 2758 1936 2793 οὖν

339 2803 398 2836 alt.
417 2808 450 2836 et
468 2803 513 2837 σὺ
530 2809 713 2847 assumpta
731 2815 772 2836 ex
793 2803 834 2836 Β.
945 2814 998 2849 13.
1024 2804 1133 2839 καθώς
1149 2803 1225 2838 ἐστι
1247 2804 1286 2838 Β.
1307 2805 1389 2838 κατὰ
1406 2806 1445 2838 τὸ
1464 2804 1532 2839 Ed.
1643 2814 1696 2850 17.
1721 2805 1783 2848 μὲν
1799 2817 1869 2839 om.
1890 2805 1934 2839 Β.

344 2849 397 2882 IS.
424 2849 464 2883 τὰ
481 2850 564 2895 ἔργα
584 2849 626 2883 Β.
645 2851 684 2883 τὸ
702 2850 802 2895 ἔργον
820 2849 888 2883 Ed.
1057 2861 1112 2884 20.
1138 2850 1257 2886 αὐτοὺς
1277 2851 1370 2885 B.D.
1391 2852 1492 2885 αὐτὸν
1512 2850 1578 2885 Ed.
1647 2851 1772 2886 Statim
1789 2850 1934 2886 ἀπευθύ-

340 2895 463 2930 νασθαι
483 2896 525 2931 Β.
623 2907 678 2930 21.
704 2898 873 2931 ἐπιτελεῖν
890 2902 1112 2941 assumptum
1132 2909 1172 2930 ex
1195 2897 1235 2931 B.
1346 2909 1401 2942 23.
1429 2896 1492 2943 εἷς]
1512 2899 1598 2943 πρὸς
1618 2898 1659 2933 Β.
1769 2909 1824 2941 24.
1851 2898 1933 2933 κατὰ

339 2941 398 2984 τὴν
415 2945 474 2976 τοῦ
493 2944 647 2987 Σωτῆρος
664 2943 781 2988 φωνὴν
799 2949 880 2988 post
897 2943 1178 2988 φανερωθήσεται
1197 2945 1395 2988 transponit
1417 2944 1456 2979 Β.

1945 591 1967 628 5

1950 1007 1997 1031 10

1952 1936 2001 1961 20
