2084 3317
127 150 195 191 vii.
216 164 280 203 24.
344 151 417 193 IN
461 155 502 194 S.
536 154 869 195 JOANNEM.
933 156 1056 196 LIB.
1092 157 1168 196 IV.
1232 157 1489 198 CARVII.
1629 161 1711 200 629

127 257 280 320 νόμος,
307 260 528 325 λέγοντος
565 262 682 328 πρὸς
708 263 933 329 εΑβραοὶμ
967 269 1050 314 τοῦ
1075 267 1200 314 Θεοῦ
1227 271 1255 293 “
1276 264 1343 315 Σὺ
1376 265 1459 328 τὴν
1486 266 1710 330 διαθήκην
1772 271 1909 354 {³51ssss-

127 346 153 368 “
179 363 270 402 μου
315 342 628 407 διατηρήσεις,
673 347 748 395 καὶ
792 345 846 395 τὸ
888 345 1081 411 σπέρμα
1126 368 1218 396 σου
1264 346 1382 408 μετὰ
1427 346 1484 397 σὲ
1527 351 1588 400 εἱς
1627 346 1711 400 τὰς
1778 366 1826 388 ¹²·

126 428 152 449 “
179 421 339 486 γενεὰς
374 425 540 475 αὐτῶν·
585 428 661 476 καὶ
700 427 816 490 αὕτη
855 427 882 489 ἡ
922 426 1119 491 διαθήκη
1155 450 1245 491 μου
1280 426 1338 492 ἢν
1371 428 1586 492 διαθήσω
1622 427 1711 479 ἀνὰ

126 510 152 531 “
177 502 327 565 μέσον
355 506 482 568 ὑμῶν
509 509 583 557 καὶ
618 509 745 570 ἐμοῦ,
775 511 849 559 καὶ
885 508 974 559 ἀνὰ
1008 510 1158 573 μέσον
1189 515 1272 560 τοῦ
1309 509 1583 576 σπερματός
1618 534 1711 562 σου

82 593 103 631 5
125 591 151 613 “
176 584 295 648 μετὰ
321 586 379 637 σὲ
406 591 468 642 εἷς
494 588 578 643 τὰς
602 588 763 654 γενεάς
789 591 960 641 αὐτῶν
1011 591 1411 656 περιτμηθήσεται
1437 597 1534 643 πᾶν
1559 595 1706 659 ἀρσε-
1730 620 1752 645 a
1777 612 1866 647 430
1880 612 1933 646 A.

122 673 150 697 ‘⁶
176 667 318 719 νικόν.
366 671 441 720 καὶ
483 670 898 737 περιτμηθήσεσθε
942 670 1028 736 τὴν
1070 673 1229 739 σάρκα
1268 676 1352 737 τῆς
1391 675 1711 740 ἀκροβυστίας

123 756 148 779 “
177 751 318 813 ὑμῶν,
355 753 429 802 καὶ
470 752 602 803 ἔσται
643 757 704 806 εἰς
743 753 970 818 διαθήκην
1001 754 1091 805 ἀνὰ
1125 755 1276 819 μέσον
1304 758 1416 819 ἐμοῦ
1452 759 1527 808 καὶ
1563 758 1706 821 ὑμῶν.

123 836 148 858 “
174 832 250 881 καὶ
274 834 460 884 παιδίον
485 833 608 885 ὀκτὼ
639 835 823 900 ἡμερῶν
847 835 1249 902 περιτμηθήσεται
1284 839 1413 901 ὑμῶν
1437 843 1533 890 πᾶν
1560 841 1707 905 ἀρσε-

123 918 149 941 “
177 911 349 963 νικόν.”
418 915 697 980 ὁρισάμενος
748 916 796 966 δὲ
847 916 930 967 τὸν
978 919 1052 969 ἐπὶ
1103 919 1254 989 τούτῳ
1306 919 1462 983 νόμον,
1515 922 1591 971 καὶ
1639 922 1710 973 ὅτι

53 1019 101 1044 10
119 993 354 1059 προσήκοι
378 994 566 1050 πάντως
601 995 770 1052 αὐτοὺς
803 1001 888 1062 τῆς
921 1001 1242 1066 ἀκροβυστίας
1276 1000 1362 1065 τὴν
1388 1001 1548 1069 σάρκα
1571 1025 1704 1070 περι-

118 1074 371 1138 τέμνεσθαι
397 1077 694 1146 διατεταχὼς,
721 1080 804 1130 οὐκ
839 1080 1032 1147 ἀζήμιον
1058 1083 1311 1151 ἀποφαίνει
1341 1089 1425 1135 τοῦ
1453 1083 1598 1148 νόμου
1623 1084 1709 1149 τὴν

117 1156 415 1223 παράβασιν,
468 1161 731 1226 μυστηρίου
780 1161 929 1213 τύπον
980 1164 1354 1230 ἀναγκαιοτάτου
1404 1165 1458 1217 τὸ
1509 1171 1707 1233 πρᾶγμα

117 1238 310 1293 δεικνύς·
353 1241 559 1307 ἐπιλέγει
588 1242 683 1309 γὰρ
717 1243 899 1299 τούτοις
924 1245 1096 1314 ἐφεξῆς
1122 1253 1149 1275 “
1174 1249 1268 1298 Καὶ
1294 1247 1428 1298 ἔσται
1453 1248 1480 1312 ἡ
1508 1248 1705 1313 διαθήκη
1768 1259 1820 1334 {b-
1840 1267 1888 1300 132

118 1326 145 1349 ‘⁶
171 1342 263 1383 μου
289 1323 363 1372 ἐπὶ
389 1326 471 1386 τῆς
496 1322 677 1389 σαρκὸς
703 1326 832 1389 ὑμῶν
852 1330 914 1380 εἰς
941 1326 1166 1392 διαθήκην
1186 1329 1384 1380 αἰώνιον·
1414 1331 1489 1380 καὶ
1517 1331 1705 1397 ἀπερίτ-
1723 1345 1750 1388 b
1790 1313 1820 1344 4·

52 1420 98 1459 15
118 1407 146 1430 “
169 1425 316 1466 μητος
350 1404 519 1471 ἄρσην,
543 1404 592 1459 ὃς
627 1407 681 1457 οὐ
715 1407 1117 1474 περιτμηθήσεται
1153 1409 1239 1474 τὴν
1261 1411 1421 1477 σάρκα
1446 1415 1529 1476 τῆς
1555 1414 1701 1479 ἀκρο-

118 1489 146 1512 “
170 1485 372 1544 βυστίας
411 1488 554 1538 αὐτοῦ
591 1492 650 1556 τῇ
688 1489 837 1559 ἡμέρᾳ
874 1495 932 1559 τῇ
975 1490 1137 1560 ὀγδόῃ,
1178 1493 1633 1561 ἐξολοθρευθήσεται
1675 1496 1703 1558 ἡ

117 1571 144 1594 “
169 1565 305 1634 ψυχὴ
343 1569 488 1633 ἐκείνη
526 1570 574 1620 ἐκ
615 1576 697 1622 τοῦ
737 1571 1008 1639 σπέρματος
1046 1574 1204 1638 αὐτῆς·
1252 1574 1323 1626 ὅτι
1361 1574 1446 1640 τὴν
1478 1576 1706 1642 διαθήκην

118 1654 146 1676 “
170 1671 262 1711 μου
296 1651 645 1703 διεσκέδασεν.”
697 1654 722 1704 ὃ
756 1651 842 1716 μὲν
872 1655 953 1705 οὖν
980 1656 1236 1711 θεσπέσιος
1273 1661 1470 1712 Παῦλος
1505 1666 1704 1724 σημεῖον

116 1729 280 1798 ὥσπερ
306 1755 351 1783 τι
377 1736 453 1784 καὶ
479 1737 732 1802 σφραγῖδα
757 1735 979 1788 δεδόσθαι
1005 1741 1088 1802 τῆς
1112 1741 1161 1789 ἐν
1181 1740 1477 1810 ἀκροβυστίᾳ
1498 1742 1704 1797 πίστεως

47 1839 96 1864 20
116 1812 202 1878 τὴν
227 1815 483 1880 περιτομὴν
508 1821 575 1886 τῷ
601 1817 870 1886 πατριάρχῃ
897 1821 1242 1887 διισχυρίσατο.
1297 1821 1478 1876 σκοπὸς
1505 1823 1598 1890 γὰρ
1625 1822 1699 1888 ἧν,

116 1897 178 1949 ὡς
221 1897 379 1960 ἔοικεν,
425 1900 550 1968 αὐτῷ
595 1903 669 1949 καὶ
714 1900 1134 1967 περισπούδαστον
1177 1905 1464 1971 ἐπιχείρημα,
1512 1912 1703 1969 νομικοῦ

114 1976 290 2033 παντὸς
325 1979 640 2045 ἐπιτάγματος
674 1982 1034 2050 προανέχουσάν
1059 2007 1108 2035 τε
1144 1987 1219 2036 καὶ
1254 1987 1564 2054 ἀρχαιοτέραν
1594 1989 1697 2040 ἐπι-

114 2060 262 2129 δεῖξαι
287 2060 372 2125 τὴν
399 2061 472 2112 διὰ
499 2064 704 2117 πίστεως
730 2065 906 2127 κλῆσίν
931 2088 980 2116 τε
1007 2069 1082 2117 καὶ
1109 2068 1424 2133 δικαιοσύνην.
1470 2070 1700 2122 ἐδυσώπει
1718 2095 1740 2122 c

115 2140 207 2208 γὰρ
240 2145 362 2195 οὕτω
399 2143 538 2208 μόλις
574 2145 679 2200 τοὺς
714 2146 770 2215 ἐξ
800 2147 1003 2214 Ἰσραὴλ
1036 2152 1112 2200 καὶ
1148 2149 1400 2202 συνέπειθέ
1427 2175 1528 2205 πως
1558 2156 1619 2206 εὶς
1645 2151 1699 2204 τὸ

45 2242 94 2282 25
113 2222 178 2287 μὴ
214 2223 494 2290 παράβασιν
520 2227 738 2292 ἡγεῖσθαι
773 2234 856 2279 τοῦ
891 2228 1036 2293 νόμου
1069 2230 1153 2295 τὴν
1179 2230 1254 2282 διὰ
1287 2233 1494 2287 πίστεως
1528 2237 1700 2285 δικαιο-

113 2305 276 2370 σύνην,
310 2307 639 2375 ἐπαναδρομὴν
677 2308 726 2360 δὲ
764 2315 956 2374 μᾶλλον
992 2316 1054 2366 εἷς
1092 2312 1147 2364 τὸ
1188 2314 1266 2365 ἀπ’
1295 2316 1456 2382 ἀρχῆς,
1491 2318 1567 2366 καὶ
1605 2316 1699 2383 πρὸ

115 2385 261 2451 νόμου
294 2389 486 2443 παντός’
527 2389 640 2441 ἀλλ’
666 2393 714 2442 ἐν
741 2397 885 2462 καιρῷ
918 2394 1224 2461 περιενεγκὼν
1250 2399 1312 2449 εἷς
1347 2396 1402 2446 τὸ
1429 2396 1542 2451 τέως
1568 2400 1690 2466 ὠφε-

113 2474 232 2520 λοῦν
276 2472 350 2521 καὶ
392 2474 459 2540 τῷ
503 2472 703 2538 παρόντι
747 2474 986 2542 χρήσιμον
1031 2481 1113 2527 τοῦ
1158 2476 1307 2542 λόγου
1350 2475 1436 2541 τὴν
1480 2480 1696 2543 δύναμιν,

113 2549 272 2617 ἕτερόν
309 2575 413 2603 τινα
455 2553 604 2604 πάλιν
643 2555 773 2610 εἰδὼς
817 2559 900 2621 τῆς
943 2561 1198 2623 περιτομῆς
1243 2557 1326 2609 τὸν
1364 2558 1541 2626 τρόπον
1579 2562 1698 2628 εὑρί-

43 2651 94 2687 30
115 2654 294 2684 σκεται.
350 2635 404 2685 τὸ
443 2634 536 2701 γὰρ
574 2638 622 2687 ἐν
657 2640 799 2704 σαρκὶ
839 2644 1106 2707 καυχᾶσθαι
1146 2644 1304 2709 φιλεῖν
1338 2646 1434 2696 τοῖς
1459 2643 1699 2697 Ἰουδαίοις

162 2822 195 2856 3.
220 2826 285 2855 μου
304 2819 524 2858 assumptum
544 2826 585 2848 ex
606 2815 646 2849 B.
713 2816 917 2861 διαθήσομαι
938 2818 977 2852 B.
1108 2828 1138 2863 7.
1166 2819 1257 2862 ὑμῶν
1274 2825 1307 2853 et
1325 2819 1406 2863 ἐμοῦ
1423 2820 1513 2854 inter
1531 2832 1566 2854 se
1584 2826 1698 2855 trans-

115 2858 214 2902 ponit
232 2858 274 2892 Β.
404 2871 437 2903 9.
462 2861 527 2905 γὰρ
545 2873 608 2905 pro
629 2862 663 2895 δέ
686 2862 725 2897 Β.
861 2865 915 2898 18.
939 2880 1004 2908 μου
1022 2872 1244 2909 assumptum
1263 2877 1304 2900 ex
1324 2866 1365 2901 B.
1500 2879 1552 2911 19.
1579 2869 1698 2912 ὥσπερ

114 2903 162 2960 τι]
181 2907 353 2986 Τεθῶσῗόερ
374 2906 414 2939 Β.
507 2909 715 2954 σφράγισμα
736 2910 775 2944 Β.
865 2913 933 2946 τοῖς
952 2923 1015 2957 pro
1033 2913 1090 2955 τῆς
1110 2911 1150 2946 Β.
1438 2924 1492 2956 25.
1520 2914 1694 2960 ἡγεῖσθαι]

112 2965 216 2996 ηγιασ
241 2967 273 2986 ιιι
327 2979 334 2986 .
