2084 3317
315 175 397 215 192
716 176 765 216 B.
799 174 1075 216 CYRILLI
1117 174 1495 215 ALEXANDR.
1786 171 1899 224 i-37·

275 288 345 331 e“
370 283 447 333 καὶ
491 283 544 332 οὐ
587 281 654 346 μὴ
694 282 1079 347 μνησθήσομαι.”
1147 281 1461 343 ἐπαναλαβὼν
1500 279 1547 332 δὲ
1587 281 1640 331 οὐ
1682 279 1836 342 μάτην
1875 279 1900 328 ὁ

316 362 587 427 βαπτιστὴς
623 363 709 427 τὴν
739 363 883 428 αὐτὴν
913 368 1109 415 ποιεῖται
1143 365 1248 428 περὶ
1283 369 1366 413 τοῦ
1400 365 1618 428 Σωτῆρος
1652 360 1895 429 ἐξήγησιν.

317 445 482 510 ἀρετῆς
533 444 626 511 γάρ
675 447 806 495 ἐστιν
856 444 994 511 ἔργον
1045 447 1384 507 διδασκαλικῆς
1434 444 1516 494 τὸν
1562 444 1690 493 οὔπω
1741 463 1898 506 παρα-

318 525 542 592 δεχθέντα
593 525 755 591 λόγον,
801 530 901 579 ταῖς
950 530 1045 576 τῶν
1091 524 1479 588 μαθητευομένων
1522 523 1902 589 ἐγκαθειργνύναι

317 609 510 674 ψυχαῖς,
549 608 632 657 οὐκ
670 606 899 670 ὀκνούσης
937 607 1055 672 πρὸς
1093 605 1412 674 ἐπανάληψιν,
1448 604 1815 673 ἀνεξικακούσης
1855 602 1901 653 δὲ
1923 616 1944 653 5

318 692 510 751 μᾶλλον
541 688 609 739 ἐπ’
640 689 846 757 ὠφελείᾳ
881 693 974 739 τῶν
1008 687 1369 751 παιδευομένων.
1425 686 1499 737 διὰ
1533 686 1626 752 γάρ
1663 708 1733 736 τοι
1765 690 1907 734 τοῦτο

95 764 244 838 {mmm
320 770 394 819 καὶ
434 771 458 820 ὁ
497 769 723 835 μακάριος
759 769 955 823 Παῦλος
996 775 1118 838 φησι
1147 776 1173 798 “
1194 769 1270 820 Τὰ
1309 767 1426 820 αὐτὰ
1465 768 1618 833 λέγειν
1654 769 1773 831 ὑμῖν,
1805 767 1904 829 ἐμοὶ

321 858 348 880 “
372 850 457 914 μὲν
482 852 564 902 οὐκ
591 852 802 917 ὀκνηρὸν,
832 853 937 915 ὑμῖν
964 852 1011 902 δὲ
1037 850 1299 919 ἀσφαλε’ς.”

95 955 174 988 129
190 953 241 987 Α.
280 963 302 987 a

251 1069 298 1110 37
342 1071 560 1115 Ἤκουσαν
599 1074 728 1115 αὐτοῦ
767 1073 804 1115 οἱ
844 1075 919 1116 δύο
955 1074 1137 1124 naemu}
1176 1078 1425 1124 λαλοῦντος,
1468 1073 1535 1113 καὶ
1574 1072 1871 1113 ἡκολούΘΗοαν

993 1171 1050 1223 τῷ
1081 1169 1089 1181 '
1104 1170 1236 1211 ΙΗσοῡ.
1930 1178 1976 1202 10

390 1304 542 1371 Ὁρᾷς
579 1307 637 1371 τῇ
676 1304 964 1372 διδασκαλίᾳ
1002 1305 1186 1370 γείτονα
1226 1303 1307 1355 τὸν
1346 1303 1403 1372 ἐξ
1438 1303 1579 1365 αὐτῆς
1621 1299 1907 1351 ἀναδοθέντα

318 1382 530 1449 καρπόν;
590 1386 703 1454 ὁρᾷς
742 1385 860 1436 ὅσον
898 1389 981 1450 τῆς
1020 1384 1368 1453 ἐπαναλήψεως
1412 1384 1574 1450 εὑρέθη
1614 1381 1669 1433 τὸ
1714 1380 1901 1446 κε’ρδος;

317 1466 593 1528 μανθανέτω
619 1472 870 1533 τοιγαροῦν
896 1466 971 1517 διὰ
1002 1467 1182 1519 τούτων
1209 1468 1233 1517 ὁ
1260 1466 1500 1518 διδάσκειν
1523 1463 1904 1526 πεπιστευμένος,

317 1546 457 1598 ὄκνου
494 1547 579 1611 μὲν
618 1549 817 1612 ἀμείνων
857 1550 1062 1614 ὁρᾶσθαι
1099 1548 1290 1611 παντὸς,
1329 1548 1477 1616 ἑαυτῷ
1516 1546 1563 1598 δὲ
1602 1544 1751 1597 πλέον
1789 1544 1908 1609 ἤπερ

318 1633 414 1682 τοῖς
441 1630 752 1696 ἀκροωμένοις
783 1630 1020 1697 ἐπιζήμιον
1045 1631 1264 1697 ἡγεῖσθαι
1296 1629 1382 1694 τὴν
1407 1627 1608 1692 σιωπὴν,
1635 1629 1711 1678 καὶ
1744 1625 1809 1690 μὴ
1846 1630 1908 1679 εἰς
1931 1644 1976 1683 15

97 1704 255 1779 {31th
319 1710 489 1776 ἀργίαν
519 1709 606 1775 μὲν
637 1713 830 1778 ἀδρανῆ,
868 1710 1080 1778 καθάπερ
1119 1715 1182 1766 εἷς
1221 1715 1326 1777 γῆν,
1357 1710 1411 1762 τὸ
1450 1708 1731 1761 δεσποτικὸν
1767 1710 1906 1758 ἀντο-

98 1809 150 1840 Ib.
170 1816 218 1848 27·
274 1807 301 1847 b
319 1791 499 1858 ρύττειν
525 1791 775 1856 τάλαντον,
801 1793 1029 1858 διανέμειν
1056 1794 1103 1844 δὲ
1139 1798 1330 1857 μᾶλλον
1357 1799 1384 1822 “
1403 1796 1498 1845 τοῖς
1529 1789 1820 1857 τραπεζίταις
1854 1788 1908 1840 τὸ

321 1880 348 1903 “
375 1872 646 1940 ἀργύριον·”
686 1879 910 1937 κομιεῖται
945 1875 1038 1941 γὰρ
1075 1876 1099 1925 ὁ
1136 1872 1305 1939 Σωτὴρ
1343 1872 1396 1924 τὸ
1436 1874 1600 1924 ἑαυτοῦ
1639 1869 1732 1922 σὺν
1762 1870 1905 1940 τόκῳ,

320 1956 396 2005 καὶ
436 1955 647 2021 καθάπερ
686 1955 790 2006 τινὰ
828 1956 1014 2022 σπόρον
1053 1954 1337 2022 ζωογονήσει
1377 1953 1459 2006 τὸν
1494 1954 1910 2019 ἐγκαταβληθέντα

322 2038 484 2103 λόγον.
546 2037 664 2105 ε”χεις
702 2039 750 2088 ἐν
788 2038 969 2092 τούτοις
1007 2037 1332 2105 εὐφυεστάτην
1368 2041 1462 2087 τῶν
1501 2035 1751 2102 εἰρημένων
1789 2033 1906 2085 ἀπό·
1931 2052 1979 2078 20

323 2119 482 2188 δειξιν.
534 2120 587 2170 οὐ
622 2118 716 2185 γὰρ
753 2118 961 2183 ὀκνήσας
988 2120 1012 2169 ὁ
1046 2117 1318 2182 βαπτιστὴς
1351 2123 1446 2171 τοῖς
1482 2119 1647 2168 ἑαυτοῦ
1681 2120 1911 2180 μαθηταῖς

1455 2204 1474 2214 Α

101 2213 227 2295 §gfff-⁹2:³6
324 2201 548 2270 ἐπιδεῖξαι
573 2200 656 2251 τὸν
686 2202 879 2267 Κύριον,
906 2203 982 2252 καὶ
1018 2205 1080 2256 εἰς
1115 2200 1328 2266 δεύτερον
1355 2204 1497 2251 εἶπειν
1524 2206 1550 2228 “
1568 2197 1666 2249 Ἴδε
1705 2199 1729 2248 ὁ
1766 2197 1912 2261 ἀμνὸς

326 2290 352 2313 “
376 2289 459 2334 τοῦ
503 2283 667 2345 Θεοῦ,”
714 2288 946 2334 τοσοῦτον
986 2282 1152 2336 αὐτοὺς
1197 2280 1458 2349 ὠφελήσας
1509 2281 1685 2347 ὁρᾶται,
1730 2282 1792 2333 ὡς
1837 2281 1911 2330 καὶ

285 2388 307 2415 e
326 2367 579 2417 ὑποπεῖσαι
613 2363 780 2416 λοιπὸν
811 2366 1098 2428 ἀκολουθεῖν,
1131 2366 1206 2415 καὶ
1246 2363 1334 2428 ἤδη
1372 2366 1455 2428 τῆς
1495 2362 1569 2414 ὑπ’
1598 2363 1723 2431 αὐτῷ
1761 2366 1912 2425 μαθη-

324 2448 447 2500 τείας
484 2448 607 2513 ε’ρᾶν.
1932 2458 1980 2498 25

372 2591 405 2625 3.
423 2580 524 2626 ἔργον
541 2579 636 2615 ἐστιν
652 2579 792 2615 inverso
809 2578 932 2614 Ordine
951 2579 993 2614 B.
1044 2581 1149 2623 οὔπω]
1165 2576 1252 2612 οὕτω
1270 2577 1418 2623 conjecit
1438 2577 1470 2611 D
1486 2589 1557 2622 mg.
1625 2586 1655 2621 7.
1674 2577 1764 2622 φησι
1782 2589 1852 2612 om.
1871 2577 1913 2613 B.

326 2627 360 2661 8.
384 2628 423 2661 τὸ
441 2626 600 2672 ἀσφαλές
620 2627 661 2661 Β.
898 2638 931 2671 9.
959 2626 1024 2659 Καὶ
1042 2625 1230 2670 praemittit
1249 2624 1315 2658 Ed.
1335 2625 1445 2658 invito
1466 2624 1507 2658 Β.
1585 2623 1687 2657 αὐτοῦ
1704 2624 1850 2668 μαθηταὶ
1870 2624 1911 2658 Β.

331 2684 383 2708 10.
408 2673 474 2719 τῷ]
494 2674 582 2720 αὐτῷ
600 2675 646 2720 τῷ
666 2673 707 2707 Β.
809 2684 861 2717 13.
886 2673 940 2707 διὰ
959 2671 1086 2706 τούτων
1103 2673 1284 2717 τοιγαροῦν
1300 2671 1438 2704 inverso
1456 2669 1578 2704 ordine
1597 2670 1639 2704 B.
1740 2682 1792 2712 14.
1818 2672 1913 2705 πλέω

328 2720 382 2800 gd
437 2719 563 2754 Statim
582 2723 666 2765 ἤπερ
686 2720 729 2755 Β.
749 2719 766 2761 ἢ
787 2719 854 2754 Ed.
1023 2729 1077 2763 23.
1105 2717 1210 2762 Θεοῦ]
1235 2722 1270 2758 -1-
1293 2719 1311 2751 ὁ
1329 2716 1431 2762 α’ίρων
1447 2717 1508 2761 τὴν
1524 2716 1688 2762 ἁμαρτίαν
1704 2719 1764 2751 τοῦ
1782 2719 1913 2762 κόσμου

388 2792 395 2800 .
414 2766 523 2801 invito
544 2766 584 2802 Β.
