2084 3317
111 174 224 227 vi.7.
329 174 404 214 IN
446 174 488 214 S.
523 173 860 215 JOANNEM.
923 172 1046 213 LIB.
1081 171 1168 211 III.
1231 170 1365 210 CAP.
1401 169 1478 208 IV.
1615 168 1699 206 409

110 283 256 334 πείθει
294 281 462 333 λοιπὸν
492 283 560 333 ἐπ’
590 285 735 334 ἐκεῖνο
772 281 988 348 βαδίζειν,
1025 281 1096 332 ὅτι
1134 278 1291 344 δεήσει
1329 278 1412 329 τὸν
1442 277 1631 340 Κύριον,
1662 282 1699 324 εὶ

110 363 309 429 μηδενὸς
336 362 519 417 ἐνόντος
539 365 708 428 αὐτοῖς,
727 364 1009 431 ἀποτρέφειν
1029 363 1254 425 βούλοιτο
1278 359 1386 413 τοὺς
1412 358 1531 425 πρὸς
1558 356 1699 408 αὐτὸν

111 445 387 513 ἐρχομένους
419 445 588 515 ἀφάτῳ
622 445 811 509 δυνάμει
848 448 924 496 καὶ
958 445 1154 514 ἐξουσίᾳ
1188 445 1439 507 θεοπρεπεῖ
1471 443 1694 506 δημιουρ·
1716 444 1743 484 b

110 530 260 593 ’γῆσαι
297 526 496 595 τροφάς.
567 533 706 578 τοῦτο
751 527 843 594 γὰρ
885 526 943 592 ἧν
982 527 1048 578 ε”τι
1088 525 1141 577 τὸ
1188 525 1481 588 λειπόμενον,
1521 523 1595 572 καὶ
1639 523 1701 572 εὶς

70 624 92 662 5
110 609 256 673 μόνας
290 610 404 674 ὁρᾶν
438 609 520 662 τὰς
559 612 768 661 ἐντεῦθεν
798 610 993 662 ἐλπίδας
1031 608 1186 660 ἐκάλει
1225 604 1408 668 λοιπὸν,
1442 603 1561 655 κατὰ
1595 601 1702 655 τοὺς

110 691 219 756 παρ’
247 689 468 755 “Έλλησι
504 692 713 756 ποιητὰς,

705 799 885 849 σιδήρεον
918 800 1030 840 ἕλκος
1062 799 1241 849 ἀνάγκης.

152 993 394 1035 Διακοσίων
433 993 649 1050 ὃΗνοιρῖων
687 995 810 1050 ἄρτοι
849 993 925 1034 οὐκ
963 993 1161 1049 ἀρκοῦσιν
1201 988 1345 1032 αὐτοῖς
1383 990 1450 1030 ἵνα
1489 991 1669 1030 ἕκαστος

724 1088 852 1144 βραχύ
890 1104 927 1129 τι
967 1088 1089 1143 λάβῌ.

48 1228 95 1252 10
186 1209 430 1275 Ἀδρανῶς
471 1209 496 1259 ὁ
537 1209 777 1262 Φίλιππος
818 1210 900 1258 οὐκ
945 1209 1018 1258 ἐπὶ
1061 1206 1113 1257 τὸ
1158 1206 1314 1257 πάντα
1357 1203 1589 1254 δύνασθαι
1630 1203 1704 1251 καὶ

114 1290 222 1340 λίαν
258 1289 463 1344 εὐκόλως
498 1291 580 1341 τὸν
603 1289 794 1351 Ἰησοῦν
823 1291 1063 1351 ἀναβαίνει
1100 1288 1262 1350 πάλιν,
1289 1285 1420 1337 ἀλλὰ
1457 1284 1512 1336 τό
1548 1283 1744 1335 Πόθενο

114 1370 420 1439 ἀγοράσομεν
447 1373 656 1426 ἀκούσας
681 1376 999 1438 πειραστικῶς
1024 1373 1318 1438 παραχρῆμα
1344 1365 1705 1434 συναρπάζεται,

114 1456 189 1504 καὶ
241 1458 304 1508 εἷς
348 1455 496 1520 μόνην
541 1457 630 1524 ὁρᾷ
679 1455 764 1520 τὴν
811 1454 885 1506 διὰ
937 1453 1192 1522 χρημάτων
1238 1451 1360 1513 ὁδὸν,
1407 1451 1493 1517 οὐχ
1543 1448 1706 1514 ἑτέρως

115 1536 479 1601 ἀνυσθήσεσθαι
517 1537 603 1602 τὴν
641 1544 722 1588 τοῦ
762 1536 1041 1603 πράγματος
1082 1535 1310 1599 ἐννοήσας
1353 1533 1519 1600 φύσιν,
1562 1534 1599 1582 εἰ
1643 1528 1707 1593 μὴ

50 1636 95 1673 15
117 1623 282 1688 θεσμῷ
309 1624 375 1689 τῷ
402 1624 539 1690 κοινῷ
568 1623 643 1671 καὶ
670 1625 736 1690 τῷ
770 1619 901 1686 παρὰ
935 1625 1057 1675 πᾶσι
1095 1617 1447 1685 κατειθισμένω·
1493 1619 1631 1664 τοῦτο
1659 1611 1707 1662 δὲ

115 1701 173 1767 ἦν
199 1703 227 1766 ἡ
254 1704 302 1753 ἐκ
330 1702 542 1767 δαπάνης
569 1703 830 1770 φιλοτιμία.
871 1703 1038 1752 οὐκοῦν
1065 1701 1182 1752 ὅσον
1207 1700 1268 1753 ε’ίς
1295 1722 1343 1750 τε
1370 1702 1463 1748 τῶν
1483 1699 1708 1760 μαθητῶν

116 1783 170 1834 τὸ
198 1785 595 1853 ἀφιλοχρηματον
621 1788 695 1836 καὶ
731 1785 785 1835 τὸ
816 1787 1071 1848 κεκτῆσθαι
1097 1781 1255 1847 μηδὲν,
1283 1783 1358 1831 καὶ
1393 1784 1452 1832 εἷς
1490 1776 1709 1841 αὐτὴνιδὲ

116 1872 199 1917 τοῦ
228 1868 473 1918 Φιλίππου
508 1864 594 1931 τὴν
621 1866 842 1928 διάνοιαν,
870 1867 1000 1917 οὔπω
1034 1865 1221 1918 τελείως
1256 1862 1374 1929 πρὸς
1408 1860 1462 1912 τὸ
1497 1861 1708 1930 ἐξαίσιον

116 1954 199 1999 τοῦ
240 1952 458 2015 Σωτῆρος
504 1949 636 2013 ἡμῶν
674 1950 940 2018 ἀφορῶσαν
984 1947 1186 2016 ἀξίωμα,
1228 1949 1290 1999 εἷς
1334 1942 1565 1995 ἀδύνατόν
1606 1954 1754 1996 πωςά

49 2051 97 2076 20
115 2030 439 2097 περιτρέπεται
465 2029 689 2095 λοιπὸνὴ
725 2032 799 2082 ἐπὶ
835 2035 932 2084 τοῖς
966 2030 1128 2097 ὄχλοις
1164 2028 1429 2098 φιλοτιμία.
1484 2031 1622 2077 τοῦτο
1658 2025 1707 2076 δὲ

117 2114 170 2164 οὐ
197 2113 376 2179 γέγονε,
403 2112 665 2183 διεξάγεται
693 2113 741 2164 δὲ
767 2117 851 2164 τοῦ
877 2115 1097 2177 Σωτῆρος
1124 2116 1186 2165 εἰς
1212 2111 1358 2177 πέρας
1390 2111 1416 2174 ἡ
1449 2109 1701 2173 βούλησις.

1768 2192 1799 2222 S.
1813 2190 1894 2221 Luc.

108 2196 144 2225 *⁶⁶
163 2194 234 2247 Τὸ
262 2195 490 2247 ἀδύνατον
517 2197 609 2261 ἄρα
633 2194 765 2261 παρὰ
790 2195 1053 2260 ἀνθρώποις
1078 2191 1277 2244 δυνατὸν
1303 2191 1433 2258 παρὰ
1463 2196 1529 2260 τῷ
1557 2192 1703 2260 Θεῷ,”
1767 2235 1847 2265 xviii
1881 2243 1917 2273 27

116 2282 192 2329 καὶ
239 2281 321 2342 τῆς
363 2278 560 2342 ἐνούσης
606 2279 888 2331 ἀκολουθίας
928 2279 977 2327 ἐν
1011 2281 1068 2345 τῇ
1114 2276 1258 2345 φύσει
1301 2280 1396 2325 τῶν
1435 2276 1545 2325 καθ’
1585 2274 1706 2338 ἡμᾶς

116 2359 424 2425 πραγμάτων,
463 2359 761 2427 πανταχόθεν
800 2361 999 2422 ἀμείνων
1033 2359 1060 2423 ἡ
1101 2358 1201 2410 θεία
1240 2358 1453 2426 φαίνεται
1494 2356 1703 2420 δύναμις,

50 2459 96 2495 25
117 2443 273 2493 πάντα
307 2441 589 2511 παραδόξως
624 2440 833 2511 ἐξανύειν
870 2442 1122 2510 ἰσχύουσα,
1151 2441 1226 2492 καὶ
1266 2439 1361 2491 ὅσα
1399 2438 1481 2489 τὸν
1515 2439 1563 2488 ἐν
1599 2439 1707 2502 ἡμῖν

118 2523 372 2594 ἐξάλλεται
413 2530 536 2576 νοῦν.

1726 2591 1747 2617 e

168 2682 198 2705 2.
226 2670 460 2715 ἀποστρέφειν
479 2670 520 2704 Β.
679 2670 711 2703 8.
739 2669 945 2714 ἀρκέσουσιν
965 2669 1006 2703 Β.
1168 2679 1221 2709 14.
1248 2667 1307 2710 τὴν
1326 2672 1404 2711 post
1423 2665 1583 2708 ἐννοήσας
1601 2671 1643 2699 tr.
1665 2664 1707 2699 Β.

123 2728 176 2761 15.
204 2716 463 2764 κατειθισμὲνῳ]
484 2716 713 2764 κτιθησομένῳ
733 2717 785 2761 (=
804 2716 914 2760 κτηθ.)
935 2716 977 2751 Β.
1110 2726 1164 2757 24.
1191 2713 1347 2759 φαίνεται
1366 2711 1518 2757 δύναμις]
1539 2711 1636 2757 φωνὴ
1655 2712 1708 2746 καὶ

119 2764 257 2809 δύναμις
272 2764 428 2810 φαίνεται
446 2764 488 2798 Β.

180 3054 272 3081 YOL.
297 3054 322 3080 1.
885 3056 906 3095 3
933 3054 957 3080 G
