2021 3296
690 678 1009 725 ΚΕΦΑΛΗ
1073 679 1126 726 Γ.

167 870 260 912 ’Ότι
291 870 354 911 καὶ
384 868 489 912 Θεὸς
520 870 616 910 κατὰ
647 868 781 921 φύσιν,
813 869 877 909 καὶ
909 868 987 909 κατ’
1021 868 1162 910 οὐδένα
1192 868 1336 920 τρόπον
1365 865 1388 918 ἢ
1421 865 1596 907 ἐλάττων
1626 864 1649 916 ἢ

518 954 701 1005 ἀνόμοιός
732 954 816 994 ἐστι
846 956 914 994 τοῦ
946 952 1101 1005 Πατρὸς
1132 953 1152 991 ὁ
1182 953 1289 995 Υἱός.

637 1107 712 1149 Καὶ
750 1107 860 1152 Θεὸς
899 1105 948 1149 ἧν
985 1108 1009 1151 ὁ
1045 1108 1189 1155 ΛόΓοε.

73 1263 96 1301 5
190 1252 334 1300 ΟΥΚ
361 1248 600 1314 ἠγνόησεν
627 1251 652 1300 ὁ
682 1246 1087 1317 πνευματοφόρος,
1115 1249 1178 1302 ὡς
1203 1245 1565 1311 ἀναστήσονταί
1585 1268 1704 1299 τινες
1723 1256 1749 1297 d

114 1332 163 1382 ἐν
212 1329 435 1398 ἐσχάτοις
484 1335 662 1398 καιροῖς
711 1334 795 1395 τῆς
844 1336 928 1382 τοῦ
981 1333 1285 1396 Μονογενοῦς
1336 1333 1705 1394 κατηγοροῦντες

115 1412 280 1465 οὐσίας
308 1418 335 1441 “
357 1413 433 1463 καὶ
459 1411 543 1462 τὸν
569 1412 880 1479 ἀγοράσαντα
906 1411 1074 1465 αὐτοὺς
1100 1410 1361 1476 Δεσπότην
1386 1409 1702 1476 ἀρνούμενοι,”
1767 1406 1926 1481 izi‘SI..Pet.

116 1491 193 1544 διὰ
225 1498 309 1544 τοῦ
344 1492 464 1544 κατὰ
499 1493 651 1562 φύσιν
676 1494 858 1545 οἴεσθαι
892 1493 957 1558 μὴ
994 1491 1109 1544 εἶναι
1135 1493 1261 1544 Θεὸν
1287 1492 1368 1543 τὸν
1395 1493 1446 1542 ἐκ
1473 1494 1597 1542 Θεοῦ
1628 1492 1706 1541 καὶ

117 1574 310 1641 Πατρὸς
343 1574 592 1643 πεφηνότα
618 1573 792 1641 Λόγον,
821 1574 953 1626 ἀλλὰ
988 1574 1128 1626 νόθον
1152 1573 1317 1640 ὥσπερ
1347 1571 1451 1624 τινὰ
1477 1574 1551 1623 καὶ
1578 1575 1703 1640 ψευ-

50 1681 98 1706 10
116 1656 330 1720 δώνυμον
368 1656 477 1720 ἡμῖν
515 1657 897 1725 ἐπεισφέρεσθαι,
937 1655 991 1708 τὸ
1030 1655 1116 1721 μὲν
1155 1659 1238 1719 τῆς
1281 1653 1491 1718 υἱότητός
1535 1675 1586 1704 τε
1630 1655 1706 1704 καὶ

115 1736 335 1801 θεότητος
385 1737 534 1801 ὄνομα
584 1739 913 1804 περικείμενον,
959 1737 1128 1806 ἔχοντα
1177 1737 1227 1788 δὲ
1277 1737 1364 1803 οὐχ
1414 1736 1535 1786 οὕτω
1586 1733 1707 1784 κατὰ

115 1817 356 1882 ἀλήθειαν.
419 1818 582 1870 ὅποιόν
620 1842 664 1870 τι
708 1825 942 1882 ποιοῦσιν,
981 1823 1024 1870 οἱ
1064 1818 1151 1883 τὴν
1189 1818 1375 1885 Ἀρείου
1417 1816 1706 1876 δυσσέβειαν

114 1899 375 1965 Ἰουδαικὴν
400 1904 463 1954 εἷς
487 1901 571 1952 τὸν
597 1903 775 1952 ἑαυτῶν
801 1900 1123 1967 εἶσοικίζοντες
1154 1906 1279 1963 νοῦν,
1305 1898 1375 1950 διὸ
1410 1898 1466 1962 δὴ
1503 1900 1578 1948 καὶ
1611 1896 1704 1948 ἀπὸ

116 1986 280 2048 νεκρᾶς
319 1981 617 2051 προφέρουσι
656 1984 862 2050 καρδίας,
899 1984 952 2034 οὐ
990 1981 1072 2034 τὸν
1100 1981 1326 2048 ζωοποιὸν
1359 1983 1442 2044 τῆς
1480 1980 1745 2040 εὐσεβοῦςο

52 2080 98 2118 15
117 2064 311 2131 θεωρίας
337 2062 500 2130 λόγον,
526 2065 637 2115 ἀλλ’
667 2064 709 2115 εἴ
738 2088 783 2116 τι
816 2064 935 2131 πρὸς
974 2063 1178 2115 θάνατον
1203 2065 1293 2132 ὁρᾷ
1323 2085 1374 2115 τε
1405 2063 1480 2113 καὶ
1515 2060 1700 2123 βλέπει·

117 2152 145 2175 “
172 2148 317 2200 Βολὶς
361 2145 507 2199 ὅντως
551 2146 887 2213 τιτρώσκουσα
930 2147 958 2210 ἡ
1003 2150 1218 2212 γλῶσσα
1258 2146 1426 2208 αὐτῶν,
1469 2143 1608 2195 δόλια
1646 2142 1706 2194 τά
1767 2145 1926 2221 {ier-5⁸·

116 2233 145 2257 “
169 2227 357 2294 ῥήματα
394 2232 477 2279 τοῦ
515 2227 755 2291 στόματος
793 2229 993 2279 αὑτῶν.”

181 2308 376 2376 ’Ὠσπερ
420 2309 502 2360 οὖν
546 2309 636 2374 ἠδη
681 2309 805 2363 τινὸς
855 2315 952 2364 τοῖς
1003 2310 1060 2378 ἐξ
1106 2309 1328 2373 ἀληθείας
1372 2307 1707 2361 ἀντιτείνοντος

115 2389 310 2458 ῥήμασι,
351 2394 426 2441 καὶ
469 2392 722 2458 μονονουχὶ
768 2390 993 2457 λέγοντος
1030 2414 1150 2457 προς
1187 2390 1271 2442 τὸν
1309 2389 1444 2456 ἅγιον
1483 2389 1702 2454 Εὑαγγε-

50 2497 99 2523 20
116 2471 292 2538 λιστήν
314 2470 418 2523 Ἦν
442 2471 528 2536 μὲν
553 2472 579 2522 ὃ
601 2471 774 2538 Λόγος,
803 2470 841 2523 ὠ
867 2472 1017 2536 οὗτος,
1042 2471 1162 2539 πρὸς
1187 2495 1271 2523 τον
1298 2470 1435 2534 Θεον,
1462 2473 1537 2521 καὶ
1563 2469 1706 2537 ἐχετω

116 2555 241 2621 τῇδε,
279 2551 539 2618 πειθόμεθα
580 2552 629 2604 δε
668 2559 765 2608 τοῖς
806 2558 911 2608 σοῖς
951 2556 1058 2621 περὶ
1099 2553 1266 2605 τούτου
1306 2551 1701 2618 συγγράμμασιν·

116 2634 243 2686 ε”στω
287 2634 336 2686 δὲ
381 2637 456 2686 καὶ
501 2634 748 2703 ὑπαρχέτω
789 2635 960 2702 Πατὴρ
1004 2634 1089 2700 μὲν
1127 2635 1266 2696 ἰδίως,
1304 2633 1419 2687 Υἱὸς
1464 2632 1513 2683 δὲ
1557 2631 1708 2684 πάλιν

118 2716 303 2781 ὁμοίως.
355 2716 460 2767 τίνα
490 2715 547 2781 δὴ
579 2717 661 2768 οὖν
687 2715 914 2785 ὑπάρχειν
939 2716 1122 2768 οἴεσθαι
1153 2714 1384 2783 προσήκει
1410 2713 1530 2765 κατὰ
1557 2713 1707 2783 φύσιν
1725 2734 1748 2758 a
1803 2725 1862 2759 20
1878 2723 1929 2758 A³

167 2866 200 2890 2.
218 2855 269 2889 xa}
289 2855 387 2900 prius
405 2861 627 2901 assumptum
644 2867 687 2890 ex
705 2855 748 2890 B.
848 2866 882 2900 3.
900 2858 960 2890 τοῦ
978 2856 1113 2901 Πατρὸς
1130 2866 1200 2889 om.
1218 2854 1262 2889 E.
1357 2853 1391 2890 6.
1409 2852 1553 2899 καιροῖς]
1572 2852 1710 2898 ἡμέραις

120 2902 173 2936 καὶ
190 2904 317 2947 καιροῖς
335 2901 378 2936 Β.
487 2913 541 2936 12.
567 2904 685 2938 ὁποῖόν
703 2902 746 2936 Β.
765 2901 881 2946 ὅμοιόν
898 2902 966 2937 Ed.
1076 2913 1129 2948 13.
1157 2902 1275 2936 ἑαυτὸν
1292 2901 1340 2935 D.
1445 2911 1500 2936 21.
1525 2900 1709 2944 πειθόμεθα

120 2948 157 2982 δέ
175 2948 216 2983 Β.
234 2948 391 2993 πείθομαι
407 2948 474 2993 γὰρ
493 2948 560 2983 Ed.
752 2959 807 2993 23.
832 2947 891 2983 οὖν
907 2960 977 2984 om.
997 2948 1040 2982 Β.
