2084 3317
150 183 188 208 v.
211 169 277 219 28,
298 183 360 224 29.
395 169 468 210 IN
511 169 552 209 S.
587 168 922 210 JOANNEM.
986 168 1109 209 LIB.
1144 168 1204 209 II.
1267 168 1401 208 CAP.
1426 168 1555 208 VIII.
1661 168 1744 207 349

150 277 446 346 ἀξιάγαστον
485 276 811 342 ἀποτέλεσμα.
867 278 1073 343 ἐπιλέγει
1118 278 1166 328 δὲ
1209 278 1469 344 χρησίμως,
1514 276 1584 326 ὅτι
1629 298 1745 340 προ-

151 359 397 411 ελεύσονται
439 364 534 410 τῶν
563 359 822 424 μνημάτων
855 364 896 411 οἱ
938 358 1024 423 μὲν
1063 360 1133 412 ἐπ’
1171 363 1387 426 αἰσχροῖς
1432 356 1629 411 ἁλόντες
1669 359 1744 407 καὶ

148 443 349 510 πονηρίᾳ
380 441 825 506 συμβιοτεύσαντες,
852 442 938 506 τὴν
970 441 1282 506 ἀτελεύτητον
1310 440 1564 510 ὑφέξοντες
1599 438 1743 502 δίκην,
1764 463 1785 490 e

149 527 193 574 οἱ
218 522 266 574 δὲ
293 527 560 591 διαπρεπεῖς
586 525 633 575 ἐν
660 525 851 590 ἀρεταῖς,
868 527 952 589 τῆς
978 525 1214 577 ἐπιεικείας
1239 523 1417 587 μισθὸν
1444 521 1740 583 ἀντικομιού-

108 618 130 657 5
149 628 279 669 μενοι
305 604 391 670 τὴν
418 606 603 657 αἰώνιον
629 605 762 673 ζωήν·
811 608 928 670 ὁμοῦ
960 606 1059 669 μὲν,
1086 605 1298 672 καθάπερ
1324 606 1412 670 ἤδη
1438 604 1742 670 προείπομεν,

149 686 315 739 ἑαυτὸν
341 687 561 752 διανομέα
598 692 693 738 τῶν
724 687 910 758 ἑκάστῳ
951 687 1305 754 διαπρεπόντων
1339 689 1415 738 καὶ
1455 685 1530 738 διὰ
1568 685 1747 736 τούτων

150 769 399 839 εἰσφέρων,
436 771 555 834 ὁμοῦ
593 769 642 821 δὲ
681 771 959 833 ἀναπείθων,
995 770 1024 835 ὴ
1066 773 1134 840 τῷ
1177 769 1318 840 φόβῳ
1358 775 1441 820 τοῦ
1481 773 1649 820 παθεῖν
1688 768 1748 819 τὰ

151 851 291 915 δεινὰ,
311 857 644 918 παραιτεῖσθαι
670 851 724 903 τὸ
752 857 943 920 φαῦλον
970 854 1046 903 καὶ
1073 851 1456 903 συνελαύνεσθαί
1477 875 1578 905 πως
1605 855 1666 904 εἷς
1693 848 1747 901 τὸ

149 938 285 994 βιοῦν
335 934 514 985 ἐθέλειν
558 934 648 999 ἤδη
697 934 1108 1002 σωφρονέστερον,
1152 933 1181 999 ἢ
1233 933 1392 1003 ἐφέσει
1443 933 1748 996 νυττομένους

85 1034 133 1060 10
149 1015 329 1082 τρόπον
358 1015 462 1067 τινὰ
496 1020 555 1084 τῇ
590 1019 696 1083 περὶ
731 1015 817 1080 τὴν
849 1016 1035 1068 αἰώνιον
1061 1015 1195 1083 ζωὴν,
1223 1015 1579 1082 συντονωτέραν
1605 1020 1748 1066 ποιεῖ-

151 1102 266 1149 σθαι
290 1097 572 1165 σπουδάζειν
597 1097 683 1163 τὴν
708 1099 777 1151 ἐπ’
802 1100 997 1166 ἀγαθοῖς
1022 1099 1306 1166 προθυμίαν.

203 1231 233 1254 1.
259 1221 556 1265 προσελεύσονται
575 1222 617 1256 Β.
852 1234 884 1268 3.
912 1222 1099 1268 ὑφέξοντες
1117 1222 1164 1256 D.
1185 1222 1279 1256 Catt.
1299 1221 1367 1256 Ed.
1387 1234 1458 1267 mg.
1476 1221 1661 1266 ὑφέξονται
1680 1221 1748 1255 Ed.

153 1280 186 1310 4.
213 1268 496 1313 ἀντικομιζόμενοι
516 1269 557 1303 Β.
577 1269 789 1313 κομιούμενοι
807 1269 898 1304 Catt.
1043 1269 1076 1304 6.
1103 1270 1356 1314 διαπρεπόντων
1375 1269 1418 1304 Β.
1436 1270 1635 1315 πρεπόντων
1654 1267 1749 1303 Cat-t.

155 1314 221 1349 Ed.
368 1324 398 1361 7.
425 1318 485 1350 τοῦ
502 1317 546 1360 μὴ
564 1317 683 1351 παθεῖν
702 1316 808 1352 Cord.
956 1327 1010 1351 10.
1037 1319 1077 1361 τῇ
1095 1317 1173 1361 περὶ
1191 1328 1260 1351 om.
1281 1316 1323 1351 Β.
