2084 3317
104 179 175 206 vu
194 178 264 221 39.
354 166 429 208 IN
471 167 514 209 S.
547 167 884 209 JOANNEM.
945 167 1072 209 LIB.
1095 168 1149 209 V.
1210 167 1345 210 CAP.
1379 168 1440 209 II.
1606 168 1689 209 697

103 272 212 328 τοὺς
246 273 395 341 ὅρους,
424 277 486 329 ὡς
520 275 771 342 ὑπέρτερον
807 273 921 326 εἶναι
957 274 1118 340 μηδέν.
1174 276 1285 326 ἀλλ’
1319 277 1344 326 ὁ
1383 277 1530 329 οὕτως
1568 275 1690 342 ἔχων

102 356 246 407 ἐδεῖτο
280 360 498 423 Χριστοῦ
532 359 687 424 λε’γων
712 365 741 387 “
760 356 890 424 Ἐγὼ
924 358 1087 456 χρείαν
1116 357 1208 424 ἐχω
1248 356 1338 408 ὑπὸ
1377 362 1470 408 σοῦ
1507 363 1685 417 βαπτι-
1749 362 1913 438 issliMlatth·

103 441 344 502 “σθῆναι,
377 442 454 490 καὶ
491 463 556 491 συ
594 440 707 508 ἐρχῃ
745 439 864 507 πρὸς
902 439 992 502 με’;
1000 440 1024 455 ”
1068 441 1181 508 ὁρᾷς
1220 463 1348 494 οπως
1385 438 1561 492 τέλειος
1599 437 1682 501 ὢν,
1704 448 1732 490 b
1833 418 1854 447 4

103 518 222 570 ὅσον
248 520 356 585 ἧκεν
379 523 427 572 ἐν
458 523 724 588 ἀνθρώποις
758 524 833 573 καὶ
868 524 916 573 ἐν
946 526 1186 587 γεννητοῖς
1219 526 1468 587 γυναικῶν,
1494 520 1686 572 ἀνακτί-

59 612 82 651 5
104 601 265 668 ζεσθαι
309 602 488 669 τρόπον
525 603 630 655 τινὰ
674 606 750 655 καὶ
792 606 1139 668 ἀναγεννᾶσθαι
1183 608 1454 669 παρακαλεῖ
1490 601 1567 653 διὰ
1608 608 1691 654 τοῦ

103 683 272 748 Ἀγίου
304 685 611 748 Πνεύματος;
669 685 843 755 ὁρᾷς
820 709 945 738 οπως
984 689 1261 752 παραχωρεῖ
1293 690 1389 738 τοῖς
1428 687 1685 750 ἀναγεννη-

104 769 227 816 θεῖσι
260 765 314 817 τὸ
350 768 517 834 μεῖζον,
546 769 599 819 δι’
629 766 694 819 ὡν
722 767 860 821 αὐτὸς
896 790 961 818 ετι
997 769 1180 818 δεῖσθαι
1216 767 1383 818 τούτου
1420 769 1605 835 φησίν·
1594 809 1606 830 ,
1653 791 1690 819 ει

102 870 188 910 μεν
214 871 307 914 γαρ
334 847 363 917 ᾗ
389 852 437 900 ἐν
463 850 679 911 ἀμείνοσι
705 849 770 914 μὴ
797 850 1197 912 βεβαπτισμένος,
1224 850 1274 900 τί
1295 873 1349 900 το
1375 849 1690 947 βαπτιζεσθαι

102 936 396 996 παρακαλεῖν
416 932 558 982 αὐτον
579 955 653 982 και
680 933 962 993 ἀναπεῖθον;
994 936 1030 982 εἰ
1057 931 1105 983 δὲ
1133 930 1295 982 οἶδεν
1274 931 1438 982 εαυτὸν
1464 931 1691 995 ἐσόμενον

33 1027 82 1053 10
102 1011 151 1061 ἐν
175 1014 438 1075 βελτίοσιν,
465 1013 578 1064 ὅταν
604 1014 717 1082 ε”ρχῃ
743 1012 797 1065 τὸ
823 1014 1093 1077 βάπτισμα,
1118 1018 1219 1067 πῶς
1255 1015 1338 1064 οὐκ
1372 1014 1601 1077 ἀναθήσει
1635 1014 1689 1066 τὸ

100 1093 254 1160 μεῖζον
303 1100 400 1149 τοῖς
448 1095 537 1159 ἤδη
586 1095 1017 1159 βεβαπτισμένοις,
1073 1095 1260 1162 μείζονα
1309 1101 1562 1161 τοιγαροῦν
1612 1098 1728 1147 καῖο

101 1176 245 1227 αὐτοῦ
288 1181 441 1244 φησιν
478 1176 699 1228 Ἰωάννου
743 1175 959 1243 Χριστὸς
1003 1176 1086 1228 τὸν
1130 1179 1178 1228 ἐν
1222 1180 1280 1245 τῇ
1327 1179 1555 1246 βασιλείᾳ
1594 1182 1690 1229 τῶν

102 1259 313 1324 οὐρανῶν
339 1258 628 1326 μικρότερον,
656 1259 887 1322 τουτέστι,
914 1261 991 1310 καὶ
1025 1259 1107 1310 τὸν
1139 1259 1244 1326 ἄρτι
1278 1260 1685 1323 βεβαπτισμένον,

102 1341 232 1392 οὔπω
278 1339 329 1392 δὲ
373 1343 449 1392 καὶ
492 1342 547 1393 τὸ
591 1344 640 1392 ἐν
685 1342 839 1407 ἔργοις
883 1341 1120 1410 ἐξαίρετον
1163 1340 1346 1408 ἔχοντα,
1387 1340 1507 1392 κατὰ
1550 1347 1690 1393 τοῦτο

33 1437 80 1476 15
101 1423 260 1487 μόνον,
288 1424 405 1475 καθὸ
431 1422 651 1490 γεννητὸς
676 1422 760 1488 μὲν
786 1423 851 1474 ε”τι
885 1422 1103 1489 γυναικὸς
1141 1424 1165 1474 ὁ
1201 1423 1429 1489 μακάριος
1463 1423 1520 1488 ἧν
1547 1428 1686 1476 Βαπ-

101 1505 282 1570 τιστὴς,
310 1507 335 1557 ὁ
370 1506 420 1557 δὲ
451 1508 501 1556 ἐκ
529 1510 654 1557 Θεοῦ
689 1506 977 1571 γεγέννηται,
1005 1504 1124 1555 κατὰ
1158 1504 1212 1556 τὸ
1244 1506 1586 1571 γεγραμμένον,
1614 1509 1690 1557 καὶ
1751 1510 1912 1585 i1iiS.Joan.

102 1589 227 1642 θείας
268 1589 432 1654 γε’γονε
475 1588 668 1657 φύσεως
709 1587 942 1650 κοινωνὸς,
981 1589 1187 1638 ἐνοικοῦν
1226 1587 1347 1655 ε”χων
1385 1590 1434 1639 ἐν
1472 1589 1598 1658 αὐτῷ
1635 1589 1689 1641 τὸ
1789 1565 1848 1597 ·9·

93 1668 267 1736 ‘'Aycov
296 1674 507 1733 Πνεῦμα,
533 1672 608 1721 καὶ
637 1669 745 1724 ναὸς
771 1671 860 1735 ἤδη
887 1670 1184 1737 χρηματίζων
1211 1673 1348 1721 Θεοῦ.

174 1754 280 1804 Ἐπ’
322 1752 435 1803 αὐτὸ
481 1752 529 1803 δὲ
573 1752 630 1816 δὴ
670 1751 819 1803 πάλιν
861 1753 1221 1816 ἀναδραμοῦμαι
1265 1752 1319 1803 τὸ
1363 1753 1684 1818 προκείμενον.

32 1854 82 1880 20
101 1835 276 1900 ἐγίνετο
301 1833 388 1898 μὲν
415 1834 507 1900 γὰρ
534 1836 581 1885 ἐν
607 1833 875 1902 προφήταις
910 1832 964 1885 τὸ
992 1838 1188 1898 Πνεῦμα
1225 1834 1300 1885 διὰ
1335 1834 1421 1899 τὴν
1447 1840 1530 1886 τοῦ
1564 1858 1684 1902 προ·

101 1916 318 1985 φητεύειν
343 1917 517 1984 χρείαν·
555 1916 819 1981 ἐνοικίζεται
847 1915 894 1967 δὲ
921 1921 1003 1967 νῦν
1030 1915 1106 1966 διὰ
1131 1919 1348 1982 Χριστοῦ
1374 1922 1471 1970 τοῖς
1495 1916 1689 1968 πιστεύ-
1707 1931 1736 1973 d

100 2021 223 2061 ουσι,
250 2002 326 2049 καὶ
351 2000 399 2049 ἐν
425 1998 552 2067 αὐτῷ
587 2002 776 2063 πρῶτον
803 1997 1071 2066 ἀρξάμενον
1097 1997 1173 2048 ὅτε
1199 1997 1395 2064 γε’γονεν
1421 2000 1686 2065 ἄνθρωπος.

98 2079 191 2147 ε”χει
225 2079 311 2143 μὲν
342 2079 437 2146 γὰρ
472 2082 534 2133 ὡς
561 2078 682 2133 Θεὸς
718 2079 1030 2142 ἀδιαστάτως,
1057 2079 1111 2131 τὸ
1151 2081 1392 2134 οὐσιωδῶς
1429 2080 1691 2149 ἐκπεφυκὸς

99 2162 239 2231 αὐτῷ,
271 2164 346 2213 καὶ
385 2162 501 2213 ’ίδιον
537 2162 679 2212 αὐτοῦ
713 2165 924 2225 Πνεῦμα.
976 2162 1154 2229 χρίεται
1194 2161 1242 2213 δὲ
1280 2164 1335 2212 δι’
1362 2164 1483 2226 ἡμᾶς
1522 2165 1596 2214 καὶ
1635 2162 1689 2214 τὸ

31 2252 80 2290 25
102 2247 298 2308 Πνεῦμα
324 2242 586 2307 λαμβάνειν
614 2245 675 2296 ὡς
704 2243 952 2309 ἄνθρωπος
979 2242 1178 2310 λέγεται,
1199 2245 1286 2311 οὐχ
1312 2246 1461 2312 ἑαυτῷ
1486 2244 1572 2309 τὴν
1595 2249 1690 2296 τῶν

99 2325 236 2376 θείων
281 2327 475 2391 ἀγαθῶν
519 2325 778 2391 ἐμπορίζων
820 2326 1108 2395 μετάληψιν,
1153 2325 1284 2376 ἀλλὰ
1336 2330 1393 2394 τῇ
1438 2327 1690 2392 ἀνθρώπου

151 2517 180 2540 1.
198 2504 401 2550 ὑπερτέρους
417 2504 458 2539 B.
476 2504 594 2538 Holst.
638 2503 846 2538 Emendavit
860 2504 955 2540 Aub.
971 2511 1009 2538 ut
1028 2510 1176 2538 testatur
1193 2504 1279 2549 ipse.
1346 2505 1378 2539 8.
1397 2507 1427 2538 εἰ
1416 2502 1498 2547 (=
1515 2521 1535 2549 ῃ
1522 2501 1577 2548 ⁹?)
1592 2504 1668 2539 Β.’
1649 2520 1689 2548 ην

100 2552 300 2586 emendavit
318 2552 426 2593 Aub.,
444 2551 472 2584 εἰ
489 2551 525 2584 in
543 2551 746 2596 apographo
763 2552 897 2597 legens.
962 2554 1007 2596 μὴ
1026 2558 1248 2595 assumptum
1267 2563 1308 2585 ex
1329 2551 1370 2585 Β.
1393 2550 1503 2597 [oz'nc'
1485 2567 1525 2593 ην
1543 2567 1577 2585 εν
1593 2551 1689 2595 ἀμεί-

100 2614 177 2633 νοσι
194 2598 471 2642 βεβαπτισμένος
488 2597 687 2631 emendavit
705 2598 784 2642 Mig
788 2611 841 2632 ne.
846 2597 860 2643 ]
1013 2609 1046 2643 9.
1073 2599 1282 2641 παρακαλεῖν
1298 2598 1400 2632 αὐτὸν
1417 2599 1469 2632 καὶ
1491 2597 1690 2643 [ἅναπεῖθον

100 2645 263 2679 emendat
282 2645 360 2689 Hey
365 2643 417 2689 se]
438 2644 625 2678 ἀναπείθων
644 2644 686 2678 Β.
703 2647 912 2689 παρακαλεῖν
932 2645 1033 2678 αυτὸν
1054 2645 1107 2678 καὶ
1133 2644 1324 2678 ἀναπείθειν
1343 2644 1406 2679 Ht.
1424 2647 1613 2688 παρακαλεῖ
1630 2646 1689 2679 αὐ-

99 2694 158 2726 τὸν
176 2693 229 2725 καὶ
247 2691 417 2726 ἀναπείθει
432 2691 525 2724 Aub.
626 2702 680 2724 10.
699 2706 781 2736 ερχῃ
799 2693 837 2725 τὸ
859 2692 900 2725 Β.
918 2691 979 2724 Ht.
999 2690 1081 2734 ελθῃ
1100 2692 1138 2724 τὸ
1151 2691 1246 2724 Aub.
1346 2702 1400 2735 15.
1419 2692 1467 2724 ἔτι
1485 2692 1640 2736 γυναικὸς
1657 2704 1688 2726 a.

100 2739 155 2773 ἐπὶ
171 2739 327 2784 γυναικὸς
343 2739 391 2771 ἔτι
409 2738 565 2782 γυναικὸς
582 2749 645 2781 pro
663 2749 760 2772 more
779 2738 820 2772 B.
839 2738 1037 2772 emendavit
1055 2738 1130 2771 ἐστι
1153 2738 1308 2783 γυναικὸς
1329 2738 1377 2771 ἔτι
1397 2739 1552 2782 γυναικὸς
1572 2737 1670 2772 Ht.’
1653 2753 1689 2772 εκ

98 2786 256 2831 γυναικὸς
272 2796 290 2819 e
309 2784 386 2818 Cat.
408 2784 507 2817 Harl.
526 2784 621 2817 Aub.
792 2784 844 2818 16.
871 2784 1029 2829 ἐγεννηθη
1048 2796 1077 2817 a.
1249 2794 1302 2829 17.
1327 2799 1447 2829 γεγονε
1465 2784 1604 2829 φύσεως
1621 2784 1689 2818 hoc

99 2831 223 2866 ordine
240 2843 270 2865 a.
418 2841 472 2874 1.9
498 2831 533 2864 δέ
551 2842 622 2864 om.
640 2842 670 2865 a.
721 2830 845 2865 Statim
865 2832 904 2875 δὴ
924 2837 1147 2875 assumptum
1166 2842 1207 2864 ex
1227 2830 1268 2865 B.
1273 2842 1302 2864 a.
1324 2831 1388 2865 Ht.
1537 2842 1592 2865 21.
1617 2831 1653 2865 δέ
1671 2843 1689 2865 e

101 2878 179 2912 Cat.
201 2877 300 2912 Harl.
319 2888 481 2921 assumpz
468 2877 511 2910 it
528 2877 623 2910 Aub.
830 2889 885 2922 23.
913 2878 1102 2922 ἐκπεφυκὸς
1120 2877 1162 2910 B.
1184 2877 1247 2910 Ht.
1266 2878 1462 2922 ἐμπεφυκὸς
1478 2877 1572 2911 Aub.
1595 2877 1689 2912 unde

99 2924 292 2959 emendans
310 2924 441 2958 nescio.
573 2934 629 2965 24.
655 2924 787 2968 χρίεται
804 2936 822 2958 e
841 2924 918 2958 Cat.
941 2924 1041 2958 Harl.
1060 2923 1259 2958 emendavit
1276 2924 1370 2959 Aub.
1389 2926 1539 2969 χαριεῐτε
1558 2924 1601 2959 B.
1623 2925 1688 2959 Ht.

100 2971 160 3017 δι’]
180 2971 220 3014 δὴ
240 2971 283 3004 Β.
427 2969 483 3005 26.
509 2969 693 3015 ἐκπορίζων
709 2983 740 3005 a.
821 2970 879 3016 τῇ]
904 2975 940 3011 -1-
961 2973 1021 3004 τοῦ
1039 2983 1070 3005 a.

157 3038 250 3066 voL.
274 3038 304 3066 1.
868 3039 895 3076 4
916 3037 943 3064 U
