2084 3317
211 143 264 184 iv.
285 158 351 187 21.
442 151 516 191 IN
558 153 600 194 S.
635 156 971 203 JOANNEM.
1035 166 1160 207 LIB.
1195 169 1256 210 ΙΙ.
1319 173 1451 215 ΟΑΡ.
1489 178 1565 218 IV.
1715 186 1796 225 275

208 287 437 334 Πίστευσόν
464 310 547 347 μοι,
582 299 713 351 Γύναι,
739 302 803 343 ὅτι
836 304 1004 361 ἔρχεται
1037 311 1129 366 ὥρα
1164 313 1237 353 ὅτε
1272 316 1370 357 οὔτε
1403 318 1447 358 ἐν
1474 319 1791 376 Ἱεροσολύμοις
1811 348 1831 371 ρ

403 376 501 418 οὔτε
533 379 578 420 ἐν
609 383 670 436 †sp
702 384 794 440 ὄρει
828 388 969 443 τούτῳ
999 398 1317 448 Προσκυνήσετε
1349 401 1410 453 τῷ
1442 401 1590 459 Πατρί.

273 479 428 544 Ομοῦ
473 489 554 550 τῆς
593 488 817 544 ἁπάντων
854 497 1056 558 ἀμαθίας
1097 506 1487 574 καταψηφίζεται,
1526 516 1787 578 μετατεθή-

197 567 373 614 σεσθαι
400 566 604 632 λεγων’
581 574 655 622 επὶ
682 571 736 624 τὸ
762 577 1086 647 άληθεστερον
1110 587 1192 648 τῆς
1223 589 1334 652 παρ’
1363 592 1543 656 ἀμφοῖν
1569 599 1787 661 λατρειας

153 655 175 692 5
196 641 250 693 τὸ
286 649 467 712 σχῆμα.
524 653 578 702 οὐ
616 654 710 721 γὰρ
750 657 828 720 ἐτι,
864 664 1000 727 φησὶ,
1036 663 1346 731 ζητηθησεται
1385 671 1543 736 τόπος,
1575 677 1622 725 ἐν
1653 700 1690 727 ω
1728 678 1784 743 δὴ

193 727 361 790 κυρίως
403 729 646 794 οἰήσονται
685 759 914 791 κατοικειν
955 743 1037 794 τὸν
1079 747 1220 811 Θεὸν,
1265 752 1375 802 ἀλλ’
1417 756 1480 808 ὡς
1524 779 1582 806 τα
1626 760 1783 812 πάντα

174 812 448 874 πληροῦντι
477 836 551 864 και
576 818 791 886 συνέχειν
811 824 1025 890 ἰσχύοντι
1046 834 1072 856 “
1088 833 1486 897 προσκυνήσουσι
1512 843 1578 888 τῶ
1605 844 1778 913 Κυρίω,
1843 845 1884 873 ’ςο
1867 844 1941 884 0·Ρο
1957 857 1989 876 ¹¹·

1846 895 1894 917 II.

190 889 441 947 “ἑκαστος
486 897 534 946 ἐκ
584 905 667 950 τοῦ
719 901 867 954 τόπου
917 907 1100 971 αὐτοῦ,”
1148 912 1358 981 καθάπερ
1403 941 1471 971 τις
1516 924 1641 987 φησὶ
1685 931 1778 976 τῶν
1795 951 1814 973 1
1852 943 2000 979 185A

187 970 336 1034 ἁγίων
373 982 652 1045 προφητῶν.
713 981 840 1049 ὡραν
882 986 931 1038 δε
973 1011 1047 1040 και
1091 994 1253 1059 καιρὸν
1293 1000 1375 1060 τῆς
1418 1005 1513 1051 τῶν
1553 1006 1776 1059 τοιούτων

118 1068 164 1093 10
183 1052 303 1104 ἐθῶν
332 1059 684 1126 μεταστάσεως,
716 1087 802 1129 την
839 1069 1003 1121 ἑαυτοῦ
1037 1073 1156 1135 μετὰ
1191 1077 1414 1140 σώματος
1448 1084 1696 1149 ἐπιδημιαν
1727 1092 1775 1140 ἐν

180 1133 347 1206 κόσμω
375 1142 542 1207 φησιν

252 1218 494 1288 Ἐπιτήρει
539 1223 589 1275 δε
634 1250 760 1282 οπως
809 1233 1091 1304 ἀστειοτάτῃ
1141 1245 1224 1290 τοῦ
1275 1243 1425 1308 λόγου
1471 1270 1771 1315 χρησαμενος

178 1299 346 1368 ἀγωγῇ
371 1303 490 1370 πρὸς
515 1308 579 1357 ἐνὶ
581 1331 693 1363 ὀιας
718 1310 801 1365 τὰς
826 1316 933 1380 περὶ
959 1320 1077 1369 Υἱοῦ
1111 1323 1314 1387 ποδηγεῖ
1342 1332 1425 1377 τοῦ
1460 1332 1654 1394 γυναίου
1687 1335 1769 1385 τὸν

176 1386 299 1444 νοῦν,
338 1386 530 1453 Πατέρα
569 1396 731 1442 καλῶν
769 1393 852 1445 τὸν
884 1398 1026 1449 Θεόν
1086 1406 1187 1460 πῶς
1226 1427 1320 1470 γαρ
1359 1406 1418 1458 ἂν
1453 1409 1576 1466 ὅλως
1616 1422 1768 1467 νοοῖτο

108 1472 153 1510 ¹5
175 1463 345 1531 Πατὴρ
383 1468 467 1519 οὐκ
505 1469 639 1526 ὄντος
675 1477 826 1527 Υιοῦ·
815 1498 826 1538 ;

221 1632 248 1654 Ι.
276 1623 473 1660 Πίστευσόν
492 1627 532 1662 Β.
552 1630 700 1666 Πίστευέ
720 1633 786 1668 Ed.
927 1638 959 1672 6.
987 1640 1031 1675 ὡς
1047 1640 1152 1687 τὰ]
1125 1658 1151 1689 ῳ
1168 1646 1252 1688 μετὰ
1274 1646 1313 1681 Β.
1332 1649 1373 1682 τὰ
1391 1661 1460 1685 om.
1481 1651 1587 1688 Cord.
1607 1654 1711 1690 habet
1729 1669 1758 1691 a.

167 1666 200 1706 8.
227 1671 294 1702 τῶν
309 1669 414 1716 ἁγίων
430 1674 546 1718 φησὶ
538 1687 596 1711 lm
600 1689 636 1711 el
639 1690 678 1712 so
695 1680 817 1716 ordine
836 1682 878 1726 B.
897 1684 1015 1721 invitis
1036 1687 1128 1724 Catt.

859 3040 983 3070 Nu2
