2084 3317
353 188 437 229 332
757 190 806 231 B.
840 191 1112 231 CYRILLI
1155 188 1538 231 ALEXANDR.
1812 202 1851 227 v.
1873 199 1939 229 22.

428 299 495 348 Τί
529 297 585 362 δὴ
625 299 705 349 οὖν
744 299 835 365 ἄρα
877 299 995 366 πρὸς
1035 299 1174 349 τοῦτό
1217 302 1404 367 φαμεν,
1463 300 1488 348 ὁ
1529 297 1612 360 μὲν
1652 295 1796 361 λόγος
1835 296 1943 358 ἡμῖν

356 380 382 429 ὁ
420 381 797 445 προτεταγμένος
835 382 917 431 οὐκ
956 379 1202 448 ἀκόμψως,
1234 383 1295 433 ὡς
1336 377 1478 443 οἶμαι,
1512 378 1790 445 διήρτισται,
1822 381 1940 428 θεω-

354 462 460 526 ρίαν
513 462 748 529 εἰσφέρων
800 462 885 526 τὴν
934 465 1000 530 τῷ
1058 464 1203 531 καιρῷ
1257 461 1474 524 μάλιστα
1529 461 1808 527 πρέπουσαν
1861 461 1945 522 τῆς

353 541 754 608 ἐνανθρωπήσεως
806 544 1004 607 δηλαδὴ,
1057 546 1132 594 καὶ
1188 544 1426 611 οἰκονομίᾳ
1482 546 1539 610 τῇ
1596 542 1713 605 μετὰ
1766 538 1945 607 σαρκὸς

355 622 726 687 ἁρμοδιωτάτην,
771 624 844 674 ὅτε
896 627 1066 678 δοῦλος
1109 623 1439 691 ἐχρημάτισεν,
1487 624 1561 674 ὅτε
1614 623 1945 674 τεταπείνωκεν
1965 635 1987 674 5

355 703 534 766 ἑαυτὸν,
587 706 635 755 ἐν
687 706 944 768 ὁμοιώματι
993 710 1059 774 τῷ
1109 705 1314 774 ἡμετέρῳ
1366 704 1629 771 γενόμενος·
1693 703 1849 767 ἐπειδὴ
1901 702 1954 754 δέ

134 799 217 833 225
234 798 284 833 A.
316 807 434 835 εισοι
485 787 610 836 δοκεῖ
657 791 751 837 τῶν
795 787 880 851 μὲν
925 787 1269 853 ἁπλουστέρων
1314 786 1786 852 κατασοβαρεύεσθαι
1829 788 1942 850 δογ-

355 866 532 930 μάτων,
560 891 921 935 περιεργοτεραν
949 868 998 920 δὲ
1023 874 1214 932 μᾶλλον
1240 873 1479 921 ποιεῖσθαι
1505 868 1591 932 τὴν
1617 865 1897 934 ζήτησιν,”
1862 889 1948 932 αγε

357 948 413 1012 δὴ
439 947 587 1001 πάλιν
613 956 707 1004 τοῖς
735 956 841 1004 σοῖς
865 952 1082 1005 ἐναντίως
1115 950 1261 1005 ἰόντες
1291 950 1623 1017 προβλήμασι,
1649 954 1839 1016 πρῶτον
1864 947 1949 1010 μὲν

356 1033 500 1083 εκεῖνο
539 1033 753 1097 λεγωμεν
793 1034 918 1101 Οὐχι
956 1032 1159 1096 πάντως,
1198 1034 1302 1084 οὐδε
1341 1034 1620 1099 ἀναγκαίως,
1660 1030 1697 1082 ὠ
1736 1031 1883 1093 οὑτος,
1923 1031 1948 1081 ὁ
1972 1051 2019 1076 10

356 1113 520 1164 δοῦναί
541 1137 584 1165 τι
612 1115 880 1180 λεγόμενος,
905 1118 967 1170 ὡς
994 1117 1076 1166 οὐκ
1111 1115 1265 1183 ἐχοντι
1302 1119 1368 1184 τῷ
1402 1115 1637 1184 δεχομένῳ
1670 1113 1946 1180 προσνέμει,

357 1196 469 1246 ἀλλ’
511 1196 614 1247 οὐδὲ
656 1197 822 1263 μείζων
860 1199 928 1247 ἀεὶ
973 1203 1057 1248 τοῦ
1104 1198 1434 1261 λαμβάνοντος
1478 1199 1503 1247 ὁ
1548 1196 1715 1250 διδούς.
1770 1197 1867 1247 ἐπεὶ
1905 1196 1954 1246 τί

357 1277 583 1341 ποιήσεις,
601 1277 714 1329 ὅταν
735 1279 834 1347 ’ίδῃς
862 1280 909 1329 ἐν
936 1279 1167 1342 πνεύματι
1193 1279 1278 1331 τὸν
1304 1278 1427 1346 ἱερὸν
1454 1278 1654 1345 λέγοντα
1679 1277 1951 1347 ψαλμῳδόν

134 1344 290 1428 &Za-35,
358 1365 385 1390 ‘⁶
405 1359 529 1410 Δότε
567 1360 714 1429 δόξαν
752 1366 818 1429 τῷ
857 1362 1030 1431 Θεῲ;”
1073 1362 1215 1431 δόξης
1253 1359 1345 1428 ἆρα
1384 1360 1670 1413 καθεστάναι
1707 1359 1791 1411 τὸν
1825 1358 1952 1411 Θεὸν

313 1443 514 1493 ὒέπιδεᾶ
552 1443 854 1508 λογιούμεθα,
888 1443 915 1508 ἢ
956 1446 1031 1494 καὶ
1071 1442 1250 1509 μείζους
1288 1449 1371 1494 τοῦ
1411 1443 1661 1496 κτίσαντος
1698 1442 1774 1493 διὰ
1811 1447 1950 1494 τοῦτο
1974 1437 2046 1501 Ῑ5’

356 1524 546 1579 πάντως
589 1525 731 1589 ἡμεῖς,
778 1530 820 1576 οἱ
863 1525 1041 1590 ταύτην
1087 1528 1212 1594 αὐτῷ
1255 1525 1520 1592 προσάγειν
1561 1523 1944 1588 ἐπιταττόμενοι;

355 1607 466 1657 ἀλλ’
514 1608 612 1658 οὐδ’
660 1605 718 1658 ἂν
762 1607 902 1661 αὐτὸς
947 1606 1294 1676 ἀποτολμήσῃς
1339 1612 1496 1670 εἰπεῖν,
1535 1609 1560 1658 ὁ
1603 1605 1687 1658 τὸν
1731 1608 1806 1658 ἐπὶ
1849 1611 1951 1676 ταῖς

355 1690 646 1757 δυσφημίαις
680 1689 819 1741 ὄκνον
851 1692 905 1742 οὐ
940 1689 1326 1758 παραιτούμενος·
1368 1692 1550 1756 πλῆρες
1589 1688 1680 1756 γὰρ
1719 1688 1860 1758 δόξης
1898 1688 1953 1742 τὸ

356 1774 493 1833 θεῖον,
527 1769 614 1822 κᾶν
650 1771 715 1836 μὴ
755 1773 946 1840 δέχηται
985 1774 1093 1839 παρ’
1124 1773 1271 1836 ἡμῶν·
1325 1771 1350 1823 ὃ
1389 1771 1436 1823 δὲ
1476 1772 1656 1823 οἴκοθεν
1689 1771 1781 1839 ε”χει
1820 1778 1949 1835 λαμ-

357 1850 519 1913 βάνων
559 1854 607 1904 ἐν
647 1853 778 1923 τάξει
822 1858 971 1918 τιμῆς,
1011 1856 1094 1906 οὐκ
1139 1853 1198 1905 ἂν
1238 1854 1450 1906 ἐλάττων
1491 1853 1644 1905 νοοῖτό
1688 1875 1817 1916 ποτε,
1859 1857 1953 1905 τῶν
1973 1874 2022 1900 20

359 1934 492 2000 οἵπερ
528 1936 653 2005 αὐτῷ
688 1936 774 2000 τὴν
800 1935 947 2005 δόξαν
972 1939 1033 1991 ὡς
1069 1941 1222 2003 δῶρον
1252 1935 1605 2002 προσάγουσιν.
1660 1936 1763 1987 ἔστι
1797 1935 1954 1988 τοίνυν

359 2016 595 2070 πολλάκις
622 2020 736 2084 ὁρᾶν
761 2018 844 2069 τὸν
871 2018 1102 2087 εἰληφότα
1129 2042 1172 2070 τι
1197 2025 1281 2070 τοῦ
1308 2018 1564 2072 δεδωκότος
1595 2019 1678 2069 οὐκ
1710 2018 1949 2086 αἰσχίονα,

321 2119 343 2145 c
361 2100 438 2148 καὶ
463 2099 517 2149 οὐ
543 2099 619 2150 διὰ
645 2106 784 2152 τοῦτο
809 2101 1259 2170 μεγαλοφυέστερος
1286 2102 1310 2151 ὁ
1341 2099 1513 2166 Πατὴρ
1538 2105 1621 2151 τοῦ
1648 2101 1764 2151 ἰδίου
1790 2098 1954 2166 γεννή-

360 2203 521 2244 ματος,
548 2183 645 2232 ἐπεὶ
672 2184 831 2234 πᾶσαν
858 2183 984 2252 αὐτῷ
1011 2179 1174 2234 δέδωκε
1200 2182 1268 2242 τὴν
1297 2185 1447 2253 κρίσιν.

437 2261 556 2314 Εἶτα
589 2263 706 2330 πρὸς
743 2265 894 2334 τούτῳ
930 2270 1112 2315 κακεῖνο
1146 2264 1501 2331 περισκεπτέον·
1545 2262 1599 2314 τὸ
1639 2263 1822 2330 κρίνειν,
1850 2263 1952 2328 ἤτοι
1974 2286 2021 2325 25

362 2344 572 2412 δικάζειν,
601 2346 823 2412 ἐνέργειαι
858 2346 1049 2410 μᾶλλόν
1075 2351 1168 2398 εἰσι
1205 2349 1279 2397 καί
1315 2345 1576 2412 πράγματα
1610 2350 1705 2397 τῶν
1730 2348 1836 2413 περὶ
1870 2345 1954 2400 τὰς

362 2429 528 2482 οὐσίας
556 2427 829 2492 νοουμένων,
856 2427 884 2493 ὴ
917 2427 1030 2479 αὐτὸ
1069 2430 1167 2480 κατ’
1197 2429 1422 2493 ἀλήθειαν
1449 2428 1620 2479 οὐσίαι·
1675 2429 1955 2494 ἐνεργοῦμεν

364 2512 457 2577 γάρ
490 2534 534 2562 τι
571 2509 847 2576 δικάζοντες,
875 2509 1139 2578 ἰδιαζόντως
1166 2510 1458 2578 ὑπάρχοντες
1484 2509 1598 2576 ὅπερ
1624 2511 1784 2573 ἐσμέν.
1841 2513 1878 2561 εἰ
1905 2509 1954 2562 δὲ

363 2593 417 2644 τὸ
463 2594 646 2660 κρίνειν,
688 2592 789 2657 ἤτοι
836 2593 1047 2660 δικάζειν,
1089 2594 1252 2646 οὐσίας
1296 2592 1410 2644 εἶναι
1455 2592 1685 2656 δώσομεν,
1723 2597 1825 2647 πῶς
1871 2593 1954 2644 οὐκ

413 2727 445 2750 2.
472 2718 516 2752 ὡς
534 2728 604 2750 om.
626 2716 665 2750 B.
813 2716 844 2750 6.
873 2716 945 2750 ἐπεὶ
965 2716 1007 2750 Β.
1160 2728 1192 2761 9.
1219 2716 1374 2751 ἐναντίως
1391 2716 1485 2751 ὄντες
1504 2715 1549 2749 D.
1569 2715 1728 2750 ἐναντίοις
1745 2715 1852 2751 ἰόντες
1869 2726 1953 2749 con·

360 2763 442 2808 jecit
463 2764 495 2797 D
515 2775 587 2808 mg.
660 2763 721 2805 μὲν
739 2770 962 2806 assumptum
980 2775 1021 2797 ex
1042 2762 1082 2796 B.
1298 2773 1349 2805 14.
1378 2765 1423 2808 τῷ
1442 2769 1665 2807 assumptum
1684 2773 1724 2796 ex
1746 2761 1840 2796 B.D.
1860 2761 1952 2796 Catt.

368 2819 421 2852 15.
449 2810 562 2853 ἐπιδεῆ
580 2821 610 2844 a.
628 2809 678 2844 ἐπ’
700 2810 807 2854 ἐνδείᾳ
827 2810 908 2853 (Sic)
927 2808 1035 2844 Cord.
1087 2809 1211 2843 Statim
1231 2809 1433 2843 καθεστάναι
1451 2817 1584 2854 transp.
1603 2821 1631 2842 a.
1789 2817 1842 2854 17.
1867 2808 1953 2842 ἀπο·

364 2856 538 2901 τολμήσῃς
556 2868 585 2890 a.
609 2856 854 2900 ἀποτολμήσας
875 2856 914 2890 Β.
933 2855 1186 2899 ἀποτολμὴσεις
1205 2856 1272 2890 Ed.
1291 2857 1400 2892 οὐδεὶς
1417 2856 1458 2890 ἂν
1474 2858 1573 2890 τοῦτο
1591 2854 1826 2899 ἀποτολμήσει
1844 2854 1949 2889 Cord.

368 2915 420 2948 19.
447 2902 582 2946 δέξηται
602 2902 694 2938 Catt.
760 2902 777 2936 ὃ
797 2902 850 2948 δὲ]
876 2907 912 2944 -1-
933 2918 983 2939 τις
1002 2902 1108 2938 Cord.
1174 2904 1262 2948 ἔχων
1282 2903 1322 2936 Β.
1468 2914 1522 2938 22.
1547 2903 1714 2937 πολλάκις
1730 2907 1952 2946 assumptum

364 2962 403 3007 εἰ(
426 2950 556 3030 Ι,3.Ι)Ι.ῖιᾶ
651 2949 705 2984 26.
733 2951 940 2995 πράγματῶν
959 2950 1000 2985 Β.
1134 2959 1188 2995 27.
1214 2950 1310 2984 αὐταὶ
1331 2948 1438 2985 Cord.
1577 2960 1631 2995 29.
1659 2948 1776 2984 οὐσίας
1795 2948 1837 2983 Β.
1858 2947 1951 2984 Catt.

363 3010 484 3030 ουσιαι]
562 3023 568 3031 .
