2084 3317
1781 525 1802 548 a
1834 515 1918 549 329
1936 514 1984 548 Α,

741 692 1197 758 ΚΕΦΑΛΑΙΑ

517 877 582 905 ΤΛ
631 877 697 905 EN
748 876 827 905 ΤΩι
875 876 1147 906 ΤΕΤΑΡΤΩι
1197 873 1420 903 ΒΙΒΛΙΩι,

177 1081 214 1104 α.
245 1062 339 1104 “On
371 1063 450 1105 κατ’
484 1064 600 1106 οὐδὲν
631 1063 805 1106 ἐλάττων
835 1067 903 1104 τοῦ
935 1065 1043 1105 Θεοῦ
1075 1063 1138 1105 καὶ
1169 1061 1325 1114 Πατρὸς
1357 1062 1377 1101 ὁ
1407 1059 1514 1110 Υἱὸς,
1547 1060 1610 1099 διὰ
1646 1057 1689 1097 τὸ
1728 1059 1769 1108 ἐξ

349 1133 467 1173 αὐτοῦ
502 1134 601 1173 κατὰ
641 1134 765 1184 φύσιν
800 1132 1004 1186 ὑπάρχειν,
1042 1131 1113 1173 κᾶν
1148 1130 1435 1172 ὑποτάττεσθαι
1469 1127 1631 1180 λέγηται
1666 1128 1770 1178 παρὰ

135 1207 156 1243 5
349 1204 479 1250 τινῶν,
505 1201 758 1253 προκειμένου
786 1203 903 1254 ῥητοῦ
924 1201 1018 1242 “On
1048 1199 1299 1251 καταβέβηκα
1327 1200 1369 1239 ἐκ
1399 1200 1468 1238 τοῦ
1498 1197 1664 1249 οὐρανοῦ
1697 1194 1768 1248 οὐχ
1790 1193 1816 1233 b

350 1271 416 1311 ἵνα
445 1274 544 1311 ποιῶ
574 1270 617 1310 τὸ
649 1270 801 1321 θέλημα
834 1270 878 1310 τὸ
918 1269 1013 1321 ἐμὸν
1044 1270 1148 1309 ἀλλὰ
1178 1268 1222 1308 τὸ
1255 1267 1407 1318 θέλημα
1437 1269 1506 1306 τοῦ
1539 1264 1772 1316 πέμψαντός

350 1356 400 1389 με
422 1340 591 1390 Πατρός.
632 1340 675 1379 ἐν
697 1339 797 1392 αὐτῷ
827 1339 868 1379 δὲ
897 1339 1018 1393 τούτῳ
1048 1339 1110 1378 καὶ
1137 1338 1260 1390 λόγος
1279 1335 1575 1390 χρησιμώτατος
1595 1332 1683 1382 περὶ
1704 1333 1772 1371 τοῦ

350 1408 476 1458 τιμίου
499 1410 668 1459 σταυροῦ
688 1410 757 1447 τοῦ
777 1410 963 1459 Χριστοῦ.
1642 1400 1764 1455 [330]

178 1532 220 1578 β.
248 1526 342 1568 “On
369 1526 558 1574 ζωοποιὸν
579 1526 623 1566 τὸ
652 1526 767 1579 ἅγιον
788 1530 902 1577 σῶμα
928 1527 1114 1577 Χριστοῦ,
1137 1522 1392 1576 προκειμένου
1420 1523 1538 1574 ῥητοῦ
1561 1520 1667 1573 Ἐγώ
1697 1521 1773 1570 εἰμι

114 1611 160 1635 10
353 1597 374 1635 ὁ
395 1596 509 1647 ἄρτος
528 1598 596 1646 τῆς
616 1598 724 1646 ζωῆς,
746 1595 808 1636 καὶ
828 1598 906 1636 τῶν
927 1593 1084 1647 ἐφεξῆς,
1108 1594 1152 1633 ἐν
1173 1593 1230 1635 οἷς
1251 1592 1301 1634 ὣς
1321 1592 1409 1643 περὶ
1431 1591 1549 1643 ἄρτου
1578 1589 1677 1642 φησὶ
1706 1591 1773 1628 τοῦ

355 1664 452 1705 ἰδίου
475 1665 666 1716 σώματος.
1325 1693 1350 1700 ..
1362 1692 1369 1700 .
1643 1657 1764 1712 [350]

182 1800 219 1835 γ.
252 1782 347 1824 ’Ότι
375 1783 420 1823 οὐ
451 1783 546 1833 ζωῆς
573 1785 640 1833 τῆς
668 1781 756 1834 παρ’
782 1781 913 1834 ἑτέρου
939 1780 1104 1833 μέτοχός
1129 1780 1239 1819 ἐστιν
1261 1779 1281 1818 ὁ
1302 1777 1408 1828 Tibe,
1431 1780 1590 1827 μᾶλλον
1612 1777 1654 1816 δὲ
1677 1777 1774 1816 κατὰ
1793 1788 1814 1813 C

354 1852 478 1903 φύσιν
504 1850 579 1901 ζωὴ
611 1851 661 1893 ὡς
691 1852 733 1891 ἐκ
764 1853 860 1901 ζωῆς
890 1852 957 1900 τῆς
987 1850 1083 1889 κατὰ
1114 1848 1236 1900 φύσιν
1260 1845 1544 1899 γεγεννημένος
1571 1847 1638 1884 τοῦ
1667 1846 1776 1885 Θεοῦ

355 1920 416 1960 καὶ
457 1919 628 1970 Πατρὸς,
665 1918 921 1970 προκειμένου
961 1918 1078 1969 ῥητοῦ
1121 1916 1260 1958 Καθὼς
1301 1913 1514 1954 ἀπέστειλέ
1553 1930 1600 1964 με
1642 1914 1662 1952 ὁ
1702 1916 1776 1960 ζῶν

117 2000 162 2036 15
356 1988 494 2039 Πατὴρ
528 1989 633 2039 κάγὼ
676 1988 724 2037 ζῶ
765 1989 828 2028 διὰ
860 1986 930 2028 τὸν
963 1985 1137 2037 Πατέρα,
1172 1984 1233 2024 καὶ
1270 1985 1290 2023 ὁ
1321 1983 1483 2035 τρώγων
1514 1999 1563 2032 με
1599 1982 1776 2023 κάκεῖνος

354 2057 462 2107 ζήσει
494 2055 539 2097 δι’
571 2055 648 2107 ἐμέ.
1647 2049 1769 2104 [366]

183 2181 216 2217 ὃ.
260 2176 356 2217 “On
380 2177 499 2219 τύπος
524 2176 571 2228 ῆν
592 2179 661 2216 τοῦ
683 2178 858 2228 Χριστοῦ
888 2172 1162 2226 προηγουμένη
1189 2174 1258 2212 τοῦ
1285 2173 1387 2211 λαοῦ
1416 2171 1512 2210 κατὰ
1538 2169 1609 2220 τὴν
1631 2168 1776 2221 ἔρημον

355 2245 378 2296 ἡ
407 2246 501 2298 ἁγία
529 2244 652 2295 σκηνὴ
680 2245 743 2284 καὶ
769 2244 793 2295 ἡ
821 2242 990 2294 κιβωτὸς
1017 2243 1057 2282 δὲ
1082 2241 1106 2292 ἡ
1134 2242 1177 2282 ἐν
1203 2240 1297 2295 αὐτῇ
1325 2239 1385 2279 καὶ
1412 2239 1436 2290 ἡ
1463 2238 1609 2291 λυχνία
1638 2237 1700 2276 καὶ
1727 2239 1776 2276 τὰ

358 2312 618 2364 θυσιαστήρια
648 2313 704 2362 δὲ,
727 2313 772 2352 τό
801 2329 844 2352 τε
874 2314 943 2351 τοῦ
969 2309 1206 2361 θυμιάματος
1231 2308 1294 2349 καὶ
1319 2307 1362 2347 τὸ
1391 2311 1465 2347 τῶν
1494 2304 1774 2358 καρπωμάτων,
1793 2305 1821 2347 d

117 2400 166 2424 20
357 2381 474 2421 αὐτὸν
509 2379 698 2432 ἐσήμαινε
733 2380 802 2420 τὸν
832 2380 1020 2430 Χριστόν·
1067 2376 1322 2430 προκειμένου
1357 2377 1473 2429 ῥητοῦ
1510 2377 1596 2415 Ποῦ
1632 2374 1777 2426 ἔχομεν

358 2451 574 2496 ἀπελθεῖν;
616 2448 770 2501 ῥήματα
799 2450 894 2498 ζωῆς
926 2447 1083 2488 αἰωνίου
1115 2446 1233 2500 ἔχεις.
1648 2440 1770 2496 [383]

187 2587 218 2610 ε.
268 2569 368 2621 Περὶ
398 2570 464 2619 τῆς
495 2569 630 2620 ἑορτῆς
660 2569 726 2618 τῆς
757 2566 1039 2618 σκηνοπηγίας,
1067 2566 1126 2605 ὅτι
1157 2567 1222 2615 τῆς
1252 2561 1513 2615 ὀφειλομένης
1543 2564 1623 2602 τοῖς
1654 2560 1779 2612 ἁγίοις

361 2637 520 2678 ἐλπίδος
547 2636 617 2687 τὴν
639 2634 961 2676 ἀποκατάστασιν
983 2637 1109 2684 δηλοῖ,
1134 2633 1196 2673 καὶ
1217 2632 1288 2682 τὴν
1311 2632 1351 2671 ἐκ
1374 2633 1520 2682 νεκρῶν
1542 2628 1775 2679 ἀναβίωσινΕ

361 2703 614 2758 προκειμένου
634 2705 750 2756 ῥητοῦ
770 2701 856 2744 φΗν
877 2704 919 2744 δὲ
949 2702 1067 2755 ἐγγὺς
1093 2701 1115 2753 ἡ
1145 2700 1258 2752 ἑορτὴ
1279 2703 1357 2739 τῶν
1373 2697 1572 2738 Ἰουδαίων
1593 2696 1616 2747 ἡ
1639 2712 1778 2745 σκηνο-

120 2793 168 2830 25
361 2775 497 2826 πηγία.
1648 2765 1771 2819 [395]

240 2899 316 2936 Lib,
336 2898 400 2933 IV.
419 2897 567 2932 Codices
587 2896 679 2931 BD.
802 2907 833 2941 7.
859 2896 994 2939 Πατρός
1012 2898 1237 2937 assumptum
1254 2903 1295 2925 ex
1316 2891 1358 2925 B,
1458 2901 1510 2924 10.
1537 2887 1627 2934 φησὶ
1645 2900 1716 2923 om.
1735 2888 1782 2924 B,

193 2958 246 2992 17,
271 2948 331 2981 τοῦ
348 2947 435 2980 λαοῦ
452 2950 533 2990 post
549 2945 673 2988 ἔρημον
690 2943 888 2988 transponit
907 2942 949 2976 B.
1094 2951 1111 2974 2
1116 2952 1149 2985 3.
1175 2939 1234 2982 τὴν
1251 2938 1348 2983 prius
1367 2942 1589 2981 assumptum
1606 2947 1647 2969 ex
1668 2935 1711 2969 B„

924 3008 1045 3050 3Q2
