2084 3317
123 145 174 185 iv.
198 158 262 199 27.
367 146 439 186 IN
483 146 525 186 S.
560 146 896 187 JOANNEM.
962 146 1084 186 LIB.
1120 146 1180 186 II.
1243 147 1375 187 CAP.
1400 147 1452 186 V.
1627 148 1707 187 287

120 252 203 304 τὸν
236 255 366 305 οὔπω
404 254 767 322 κατηχούμενον,
805 253 924 321 πρὸς
962 255 1199 321 μεγάλους
1238 258 1286 306 ἐν
1324 256 1472 324 ἡμερᾳ
1511 257 1708 320 κρίσεως

119 335 554 402 εὐτρεπιζέσθωσαν
593 336 781 403 λόγους.
851 339 986 404 ἀρκεῖ
1020 338 1114 403 γάρ
1152 360 1232 400 μοι
1269 343 1410 388 τοῦτο
1449 340 1525 388 καὶ
1563 337 1708 401 μόνον

118 420 274 468 εἰπεῖν.
1725 447 1747 471 a
1780 438 1860 472 193
1880 438 1930 471 A.

412 510 486 551 Καὶ
523 512 592 553 ἐπὶ
630 513 768 565 τούτῳ
806 509 937 553 ἦλθον
977 509 1015 552 οἰ
1053 511 1239 560 μαθΗταὶ
1277 511 1415 553 αὐτοῦ.
1729 517 1773 556 27

76 620 98 658 5
192 610 345 665 Τέλος
389 617 483 663 τῶν
523 613 641 680 πρὸς
686 613 772 678 τὴν
814 619 1012 680 γυναῖκα
1057 614 1232 680 λόγων,
1273 615 1301 678 ἡ
1347 619 1441 665 τῶν
1482 618 1707 678 μαθητῶν

114 695 372 760 παρουσία.
436 701 598 764 σιωπᾷ
635 695 742 762 γὰρ,
784 699 922 764 φησὶ,
963 695 1133 747 λοιπὸν
1173 697 1197 746 ὁ
1239 696 1468 762 Χριστὸς,
1509 698 1583 746 καὶ
1624 695 1706 746 τὸν

115 775 289 841 θερμὸν
315 780 397 840 τῆς
431 778 638 832 πίστεως
669 781 911 841 σπινθῆρα
940 778 1252 843 Σαμαρείταις
1280 780 1444 840 ἐνθεὶς,
1474 777 1705 844 ἐπιτρέπει

115 862 215 911 ταῖς
242 857 486 909 ἐνδόσεσιν
510 863 572 913 εἷς
597 859 814 925 μεγάλην
834 859 1125 928 ἐξάπτεσθαι
1152 860 1331 929 φλόγα.
1373 861 1494 911 οὕτω
1521 860 1706 924 νοήσεις

147 939 161 954 x
303 942 312 956 9
385 942 395 956 ›
463 947 483 956 ›-
623 940 634 956 ι
803 948 830 970 66
914 947 933 956 a
1005 940 1024 961 ’ς
1301 947 1321 956 Α
1383 944 1392 957 ’
1429 944 1443 960 x
1518 941 1529 955 ἱ
1630 944 1650 953 ⁶
1766 939 1796 968 S.
1809 938 1890 968 Luc.

114 962 169 990 το
203 964 301 1007 παρ
341 964 483 992 αυτου
518 949 776 1007 λεγομενον
856 945 963 1008 Πυρ
997 946 1149 1006 ηλθον
1175 947 1343 1003 βαλειν
1370 965 1444 993 επι
1479 965 1565 1005 την
1590 965 1700 1008 γην,
1765 982 1821 1011 xii.
1841 992 1892 1022 49-

50 1041 97 1066 10
115 1027 143 1051 ‘⁶
168 1024 243 1072 καὶ
270 1023 318 1073 τί
338 1022 463 1074 θέλω
490 1027 527 1074 εἰ
554 1024 642 1088 ἤδη
670 1022 861 1091 ἀνήφθη
880 1022 925 1086 ;”

399 1166 474 1207 Καὶ
511 1167 745 1224 ἐθαύμαζον
783 1169 847 1210 ὅτι
884 1168 990 1215 μετὰ
1030 1167 1226 1215 Γυναικὸε
1263 1168 1424 1209 ἐλάλει.
1723 1166 1748 1205 b

190 1268 621 1333 Καταπλήττονται
671 1269 820 1320 πάλιν
865 1274 906 1320 οἱ
957 1273 1163 1335 μαθηταὶ
1213 1277 1296 1321 τοῦ
1348 1272 1568 1336 Σωτῆρος
1619 1269 1705 1333 τὴν

114 1350 390 1416 ἡμερότητα,
429 1353 503 1402 καὶ
542 1350 625 1402 τὸν
664 1351 910 1419 ὑφειμένον
949 1352 1339 1418 ἀποθαυμάζουσι
1385 1353 1576 1419 τρόπον.
1651 1354 1705 1403 οὐ

112 1432 206 1498 γὰρ
234 1432 290 1496 δὴ
318 1431 438 1483 κατά
463 1456 592 1487 τινας
617 1438 713 1484 τῶν
739 1435 808 1484 ἐπ’
838 1433 1056 1500 ἀκράτοις
1083 1435 1348 1495 εὐλαβειάις
1382 1433 1700 1500 ἠγριωμένων,

48 1533 93 1570 15
112 1514 197 1579 τὴν
221 1514 339 1582 πρὸς
366 1521 565 1580 γυναῖκα
589 1515 800 1585 διάλεξιν
826 1517 1133 1584 ἀποφρίττειν
1160 1517 1297 1585 ἀξιοῖ,
1324 1518 1531 1586 ἐξαπλοῖ
1561 1517 1609 1568 δὲ
1641 1522 1704 1571 εἰς

112 1596 324 1651 ἅπαντας
374 1597 460 1662 τὴν
511 1598 894 1666 φιλανθρωπίαν,
950 1601 1025 1649 καὶ
1077 1600 1132 1649 δι’
1186 1600 1328 1650 αὐτοῦ
1380 1598 1569 1649 δεικνύει
1619 1605 1703 1650 τοῦ

112 1679 404 1746 πράγματος,
451 1679 522 1730 ὅτι
569 1679 626 1743 δὴ
671 1679 860 1733 πάντως
906 1679 968 1734 εἷς
1020 1679 1247 1748 ὑπάρχων
1287 1680 1603 1747 Δημιουργὸς,
1649 1683 1702 1732 οὐ

111 1761 271 1824 μόνοις
309 1760 512 1828 ἀνδράσι
550 1761 636 1824 τὴν
668 1760 744 1811 διὰ
782 1763 988 1815 πίστεως
1028 1764 1248 1825 ἀπονέμει
1288 1762 1420 1828 ζωὴν,
1457 1762 1588 1813 ἀλλὰ
1627 1764 1702 1814 καὶ

111 1842 166 1895 τὸ
192 1847 315 1908 θῆλυ
341 1843 458 1911 πρὸς
491 1843 634 1906 αὐτὴν
661 1843 908 1908 σαγηνεύει
935 1845 1084 1908 γένος.
1720 1869 1741 1893 c

45 1949 93 1973 20
189 1926 480 1991 Κερδαινέτω
518 1925 666 1976 πάλιν
702 1927 776 1976 καὶ
815 1932 953 1977 τοῦτο
991 1926 1110 1992 πρὸς
1149 1925 1464 1994 ὑπογραμμὸν
1503 1928 1527 1977 ὁ
1567 1927 1698 1977 διδά-

111 2030 244 2058 σκων
275 2010 322 2058 ἐν
354 2009 638 2073 ἐκκλησίαις,
666 2010 740 2058 καὶ
771 2007 836 2072 μὴ
869 2008 1191 2073 παραιτείσθω
1225 2014 1449 2075 γυναῖκας
1483 2012 1700 2078 ὠφελεῖν.

111 2090 164 2140 οὐ
188 2088 282 2156 γὰρ
309 2088 548 2154 θελήμασι
575 2094 670 2143 τοῖς
698 2091 842 2153 ἰδίοις,
869 2089 1001 2141 ἀλλὰ
1031 2095 1090 2159 τῇ
1125 2097 1208 2142 τοῦ
1243 2091 1541 2158 κηρύγματος
1568 2092 1699 2160 χρείᾳ

111 2175 182 2223 δεῖ
201 2171 388 2225 πάντως
415 2174 707 2223 ἀκολουθεῖν.

191 2316 343 2357 Οὐδεὶς
381 2316 526 2364 μέντοι
563 2311 657 2357 εἶπε
695 2315 745 2356 Τί
783 2314 957 2368 λαλεῖες
1010 2317 1033 2357 ἃ
1072 2317 1122 2358 Τί
1160 2315 1294 2375 <mest
1331 2319 1416 2367 μετ’
1460 2318 1616 2369 αὐτίιε;

42 2431 89 2468 25
188 2423 431 2483 Μαθητῶν
461 2417 518 2482 ἧν
550 2419 687 2485 ε’]ογον
717 2419 1060 2483 ἐπιστημόνων,
1096 2423 1170 2472 καὶ
1209 2420 1294 2485 τὴν
1325 2421 1603 2486 πρέπουσαν
1634 2424 1700 2488 τῷ

109 2500 387 2570 διδασκάλῳ
421 2500 561 2564 τιμὴν
590 2501 864 2568 περισώζειν
897 2502 1100 2565 εἰδότων,
1126 2502 1192 2567 μὴ
1225 2502 1482 2570 περιέργοις
1518 2501 1693 2568 ἐρωτή-
1716 2510 1743 2550 d

108 2607 251 2635 σεσιν
278 2587 339 2636 εἰς
374 2582 597 2636 ἐκτόπους
631 2585 780 2634 δοκεῖν
807 2585 1026 2637 ὑπονοίας
1061 2586 1332 2649 ἀποδημεῖν,
1359 2584 1429 2635 ὅτι
1463 2584 1582 2648 μετὰ
1615 2607 1698 2649 γυ-

110 2666 265 2720 ναικὸς
302 2664 476 2728 ἐλάλει,
503 2668 628 2716 αἰδοῖ
660 2665 707 2716 δὲ
742 2670 934 2728 μᾶλλον
960 2669 1035 2716 καὶ
1071 2667 1213 2736 φόβῳ
1247 2666 1333 2731 τὴν
1360 2665 1445 2729 μὲν
1475 2671 1699 2732 γλῶτταν

108 2749 275 2815 εἴργειν
311 2745 516 2798 ὀδόντων
551 2745 692 2809 ἐντὸς,
726 2747 986 2813 περιμένειν
1025 2747 1073 2799 δὲ
1111 2753 1303 2810 μᾶλλον
1342 2749 1698 2811 αὐτομολοῦντα

156 2904 189 2938 6.
216 2906 306 2949 φησι
325 2909 546 2948 assumptum
564 2915 605 2937 ex
626 2904 666 2938 B.
957 2916 1011 2946 24.
1037 2904 1070 2937 τί
1085 2870 1203 2939 {git}
1220 2903 1238 2947 ἢ
1257 2904 1289 2937 τί
1306 2905 1423 2938 λαλεῖς
1440 2902 1511 2947 μετ’
1530 2903 1630 2948 αὐτῆς
1650 2904 1695 2937 D.

112 2961 165 2996 ²5·
193 2951 428 2995 ἐπιστημόνων
449 2950 540 2985 B.D.
560 2950 695 2995 Migne.
714 2951 945 2996 ἐπιστημένων
964 2950 1058 2985 Aub.
1203 2959 1257 2994 27.
1285 2950 1431 2984 ἐπινοίας
1452 2950 1491 2983 Β.
