2084 3317
115 168 171 210 vi.
193 179 256 224 15.
329 169 400 210 IN
446 169 489 210 S.
524 169 861 211 JOANNEM.
925 167 1049 209 LIB.
1083 167 1170 208 III.
1233 167 1366 208 CAP.
1400 167 1477 208 IV.
1621 167 1706 208 423

115 279 180 343 μὴ
215 280 502 346 προσίεσθαι
539 280 702 344 καλὸν,
729 281 784 332 ἵν’
814 284 876 334 εἰς
915 279 1090 343 ἐκείνην
1125 279 1420 339 ἀναβαίνωσι
1457 275 1543 340 τὴν
1577 276 1707 341 παρὰ

117 365 260 412 Θεοῦ·
301 361 505 429 ἀπρεπὲς
535 362 629 429 γὰρ
660 363 806 416 ὅντως
842 362 896 413 τὸ
936 363 985 412 ἐν
1016 360 1196 414 τούτοις
1236 359 1508 426 διαλάμψαι
1535 361 1706 425 φιλεῖν,

116 443 222 496 τοὺς
249 444 369 510 οἵγε
393 443 512 511 πρὸς
536 446 664 496 θείαν
683 445 945 511 ἐπείγονται
970 441 1121 512 χάριν,
1141 445 1216 493 καὶ
1243 441 1390 510 δόξαν
1411 443 1596 509 διψῶσι
1622 440 1708 503 τὴν

118 526 318 576 αἰώνιον.

75 624 98 663 5
194 609 518 674 Παραιτητεόν
548 614 799 675 τοιγαροῦν
830 608 915 672 τὴν
947 607 1209 674 ὑπεροψίας
1245 602 1461 673 ἀδελφὴν
1493 605 1569 655 καὶ
1607 604 1703 669 γεί-

118 711 233 740 τονα
267 689 567 758 φιλοδοξίαν,
599 694 675 742 καὶ
709 691 764 741 οὑ
797 689 925 742 πολὺ
959 691 1026 758 τῷ
1059 689 1215 757 μέτρῳ
1248 692 1343 738 τῶν
1377 687 1549 751 ἐκείνης
1588 684 1753 752 ὅρωνὶ)

119 773 568 840 ἀπεσχοινισμένην.
636 775 712 824 καὶ
750 771 804 823 τὸ
843 772 928 836 μὲν
965 770 1189 839 ἐπιφανὲς
1228 772 1276 820 ἐν
1314 773 1426 837 τιμῇ
1469 768 1586 819 κατὰ
1628 768 1711 819 τὸν

118 853 333 920 παρόντα
365 856 486 918 βίον,
514 858 576 910 ὡς
610 857 799 906 ἀδικοῦν
830 853 1168 921 ἀποφύγωμεν,
1196 851 1404 917 ζητῶμεν
1436 850 1484 902 δὲ
1520 855 1712 914 μᾶλλον

119 935 174 986 τὸ
202 938 250 987 ἐν
275 938 557 988 ταπεινώσει
582 937 776 1001 σεμνὸν,
802 941 1195 1002 παραχωροῦντες
1228 933 1477 998 ἀλλήλοις,
1504 932 1712 998 καθάπερ

51 1039 101 1064 10
120 1017 240 1081 ἡμᾶς
276 1021 352 1069 καὶ
389 1020 413 1069 ὁ
448 1018 676 1086 μακάριος
705 1022 902 1071 Παῦλος
927 1017 1152 1067 ἐνουθέτει
1179 1014 1334 1081 λέγων
1361 1021 1388 1045 “
1405 1019 1561 1065 Τοῦτο
1587 1019 1710 1081 φρο-
1775 1017 1861 1048 Phil.
1878 1017 1912 1048 fi·

121 1107 148 1129 ‘⁶
175 1101 308 1151 νείτω
343 1101 543 1155 ἕκαστος
577 1103 624 1151 ἐν
651 1102 759 1163 ὑμῖν
784 1100 940 1152 αὐτοῖς
975 1097 999 1148 ὃ
1036 1100 1112 1148 καὶ
1147 1099 1195 1148 ἐν
1221 1100 1424 1165 Χριστῷ
1454 1097 1635 1160 Ἰησοῦ,
1666 1095 1715 1149 ὃς

122 1189 150 1212 “
175 1184 223 1232 ἐν
249 1187 412 1252 μορφῇ
442 1187 568 1234 Θεοῦ
598 1181 825 1249 ὑπάρχων
851 1182 939 1249 οὐχ
973 1179 1229 1247 ἁρπαγμὸν
1257 1178 1476 1245 ἡγήσατο
1511 1177 1566 1229 τὸ
1602 1175 1717 1228 εἶναι

122 1270 150 1293 “
175 1264 260 1315 ’ίσα
295 1269 422 1334 Θεῶ,
452 1267 562 1316 ἀλλ’
590 1263 755 1316 ἑαυτὸν
790 1264 991 1314 ἐκένωσε
1025 1261 1218 1331 μορφὴν
1251 1261 1425 1313 δούλου
1461 1259 1642 1323 λαβὼν,
1669 1262 1716 1310 ἐν

124 1347 433 1412 “ομοιώματι
464 1347 727 1414 ἀνθρώπων
758 1345 1021 1412 γενόμενος,
1053 1347 1128 1396 καὶ
1168 1343 1381 1412 σχήματι
1420 1345 1616 1410 εὑρεθεὶς
1655 1346 1718 1398 ὡς

55 1442 101 1481 15
124 1434 152 1458 “
178 1428 425 1495 ἅνθρωπος
469 1430 782 1481 ἐταπείνωσεν
820 1427 999 1490 ἑαυτὸν,
1040 1425 1289 1493 γενόμενος
1333 1425 1537 1489 ὑπήκοος
1581 1426 1757 1492 με’χριο

124 1517 152 1540 “
176 1511 394 1575 θανάτου,
437 1511 642 1563 θανάτου
693 1510 741 1562 δὲ
793 1516 1019 1576 σταυροῦ·
1082 1509 1152 1560 διο
1204 1511 1280 1560 καὶ
1332 1509 1356 1559 ὁ
1404 1506 1526 1561 Θεὸς
1577 1507 1719 1558 αὑτὸν

125 1594 467 1664 “ὑπερύψωσε
507 1597 582 1645 καὶ
622 1594 878 1661 ἐχαρισατο
918 1594 1044 1662 αὐτῷ
1083 1592 1137 1643 τὸ
1177 1590 1327 1656 ὄνομα
1370 1613 1424 1642 το
1467 1589 1582 1655 ὑπὲρ
1621 1594 1718 1641 πᾶν

125 1676 374 1740 “ὀ’νομα.”
428 1679 540 1746 ὁρᾷς
576 1676 703 1730 ὅπως
737 1676 765 1739 ἡ
801 1676 1015 1728 ἑκούσιος
1051 1674 1334 1727 ταπείνωσις
1371 1671 1595 1738 λαμπρὸν
1625 1671 1720 1739 ἔχει

124 1781 178 1810 το
204 1758 355 1821 τελος,
383 1782 458 1810 και
493 1757 595 1826 ῥίζα
628 1762 830 1810 πολλῶν
856 1757 966 1821 ἡμῖν
992 1758 1186 1821 ἀγαθῶν
1209 1755 1263 1806 τὸ
1296 1755 1482 1821 μέτριον
1509 1753 1716 1822 ἀναφαί-

56 1860 106 1885 20
126 1863 252 1892 νεται
291 1841 544 1908 φρόνημα;
587 1843 635 1892 ἐν
660 1844 824 1909 μορφῇ
860 1839 945 1903 μὲν
977 1838 1070 1905 γὰρ
1106 1838 1332 1905 ὑπάρχων
1361 1842 1445 1888 τοῦ
1483 1839 1609 1887 Θεοῦ
1645 1838 1722 1886 καὶ

127 1924 318 1989 Πατρὸς
354 1924 687 1974 τεταπείνωκεν
718 1921 883 1973 ἑαυτὸν
913 1923 938 1972 ὁ
972 1919 1253 1986 Μονογενὴς
1291 1920 1541 1985 ἅνθρωπος
1581 1916 1716 1984 γενό-

124 2024 263 2070 μενος
298 2007 352 2056 δι’
381 2005 520 2069 ἡμᾶς,
549 2003 661 2055 ἀλλ’
693 2007 730 2055 εἰ
770 2006 845 2054 καὶ
883 2003 1094 2071 πέφηνεν
1128 2004 1176 2053 ἐν
1209 2005 1328 2071 τῶδε
1366 2005 1433 2071 τῷ
1472 2000 1564 2070 βίῳ
1604 1998 1722 2064 μετὰ
1742 2009 1769 2049 d

125 2086 318 2154 σαρκὸς,
364 2089 474 2138 ἀλλ’
519 2088 602 2138 οὐκ
645 2086 792 2149 ε”μεινε
836 2084 1070 2138 ταπεινός·
1133 2085 1377 2151 ἀνατρέχει
1421 2082 1514 2149 γὰρ
1561 2086 1621 2136 εἷς
1668 2080 1723 2133 τὸ

127 2172 323 2238 ἀρχαῖον
348 2170 535 2239 ἀξίωμα
570 2171 645 2220 καὶ
683 2173 745 2222 εὶς
781 2168 929 2237 δόξαν
953 2166 1039 2232 τὴν
1066 2169 1318 2232 θεοπρεπῆ,
1346 2167 1421 2216 καὶ
1458 2168 1496 2216 εἰ
1530 2164 1724 2230 γέγονεν

60 2268 108 2306 25
129 2251 389 2318 ἄνθρωπος.
430 2250 513 2302 τὸν
545 2250 687 2301 αὑτὸν
721 2251 777 2315 δὴ
812 2256 980 2301 τοῦτον
1013 2249 1184 2314 νοήσαι
1218 2271 1288 2302 τις
1326 2245 1505 2314 τρόπον
1536 2248 1611 2296 καὶ
1650 2245 1723 2314 ἐφ’

128 2334 274 2397 ἡμῶν.
346 2333 460 2384 ὅταν
510 2332 604 2399 γὰρ
654 2330 844 2386 ἑαυτοὺς
893 2336 988 2383 τῶν
1040 2329 1263 2383 διακένων
1313 2328 1588 2397 ὑψωμάτων
1641 2332 1725 2378 τοῦ

128 2416 364 2482 παρόντος
399 2416 507 2475 βίου
541 2414 922 2481 κατακομίζωμεν
949 2415 1025 2466 καὶ
1061 2413 1271 2480 ζητῶμεν
1296 2411 1356 2463 τὰ
1382 2409 1592 2473 ταπεινὰ,
1619 2409 1725 2460 τότε

131 2496 188 2561 δὴ
214 2497 404 2551 πάντως
430 2499 505 2548 καὶ
531 2495 617 2561 τὴν
645 2497 823 2548 ἄνωθεν
849 2495 1243 2559 ἀντικομιούμεθα
1277 2493 1437 2562 δόξαν,
1465 2495 1541 2543 καὶ
1576 2496 1637 2544 εἷς
1671 2490 1726 2542 τὸ

132 2578 245 2630 εἶναι
272 2582 367 2630 θεοὶ
403 2579 523 2629 κατὰ
557 2578 695 2646 χάριν
722 2579 1078 2643 ἀναβησόμεθα,
1107 2576 1214 2628 καθ’
1244 2574 1497 2639 ὁμοιότητα
1523 2572 1720 2636 λαμβά-

63 2680 114 2717 30
134 2685 290 2716 νοντες
328 2658 415 2725 τὴν
453 2664 516 2715 ὡς
553 2661 672 2728 πρὸς
711 2660 794 2712 τὸν
832 2663 1023 2725 ἀληθῶς
1064 2661 1140 2710 καὶ
1179 2656 1301 2709 κατὰ
1339 2656 1491 2725 φύσιν
1518 2654 1636 2706 Υὶὸν
1671 2653 1766 2706 τὸθ

183 2848 215 2873 2.
241 2836 344 2872 ὅντως
361 2847 430 2870 om.
450 2835 493 2869 Β
613 2846 646 2880 3.
672 2835 868 2881 ἀπείγονται
884 2834 979 2869 Aub.
1000 2833 1135 2868 correxi
1152 2844 1194 2866 ex
1214 2831 1261 2866 D.
1378 2841 1410 2872 5.
1437 2828 1497 2872 τὴν
1513 2827 1722 2873 ὑπεροψίας]

134 2884 330 2929 ὑπεροψίαν
348 2883 391 2917 Β.
520 2881 553 2916 6.
579 2881 669 2917 πολὺ
689 2882 730 2915 Β.
748 2884 868 2928 πολλῷ
887 2881 955 2915 Ed.
1085 2881 1119 2913 8.
1146 2877 1378 2923 ἀποφύγωμεν
1397 2876 1439 2911 Β.
1458 2874 1639 2921 φεύγωμεν
1657 2874 1724 2909 Ed.

116 2940 193 2976 17.
219 2932 258 2965 τὸ
277 2930 374 2976 prius
393 2935 616 2973 assumptum
634 2940 676 2962 ex
695 2928 738 2963 B.
895 2939 950 2962 20
976 2925 1114 2972 μορφῇ]
1139 2930 1176 2967 -Ι-
1199 2927 1288 2958 Θεοῦ
1309 2924 1349 2958 Β.
1415 2923 1481 2969 γὰρ
1499 2928 1725 2967 assumptum

136 2990 177 3012 ex
199 2977 240 3012 B.
386 2986 440 3020 27.
468 2977 520 3009 καὶ
539 2976 686 3020 ζητῶμεν
702 2976 743 3009 τὰ
762 2975 805 3009 Β.
825 2975 871 3011 εἷς
890 2974 956 3009 Ed.
