2084 3317
84 144 153 185 vii.
176 156 241 197 27.
481 145 555 185 IN
598 145 642 186 S.
675 145 1014 186 JOANNEM.
1078 145 1202 186 LIB.
1226 146 1279 186 V.
1591 145 1674 184 653

89 254 395 319 ὑπενεχθεῖσα
431 253 549 319 πρὸς
584 255 774 317 ἀληθεῖς
810 254 1029 306 ὑπονοίας
1054 252 1137 306 τὰς
1163 255 1236 304 ἐπὶ
1262 256 1463 322 Χριστῷ
1490 251 1566 303 διὰ
1591 255 1674 315 τῆς

88 334 284 398 ἐνούσης
318 335 444 404 αὐτῷ
479 339 764 402 θεοπρεποῦς
789 336 1021 405 ἐξουσίας,
1049 336 1132 386 οὐκ
1167 333 1400 403 ἀκόμψως
1434 333 1523 397 ἤδη
1558 332 1676 400 πρὸς
1693 346 1720 386 b

89 415 174 479 τὴν
205 418 287 480 τῆς
325 416 563 478 εὐσεβείας
602 415 1024 483 παιδαγωγουμένη
1063 416 1351 484 κατάληψιν,
1376 417 1459 466 οὐκ
1498 414 1671 466 αἰσθά-

91 520 215 548 νεται
257 496 405 549 πάλιν
443 502 505 552 εἰς
549 498 636 563 τὴν
673 499 915 552 Ἰουδαίοις
958 498 1233 567 σύντροφον
1273 497 1478 561 ἀμαθίαν
1522 497 1676 566 ἐξολι-

48 596 69 635 5
89 580 376 631 σθαίνουσα.
431 582 625 632 δοκοῦσι
651 578 734 644 μὲν
760 579 853 647 γάρ
878 603 980 634 πως
1004 583 1046 631 οἱ
1081 584 1240 633 καλῶς
1272 581 1422 630 ἐκεῖνα
1457 581 1674 642 διεσκεμ-

89 662 220 725 με’νοι
257 662 558 729 πανταχόθεν
591 662 770 713 ἐθέλειν
805 666 1043 730 θηρᾶσθαι
1081 661 1136 713 τὸ
1175 661 1365 727 ἀληθὲς,
1394 663 1470 712 καὶ
1508 661 1591 712 οὐκ
1630 663 1679 712 ἐκ

89 743 235 809 μόνης
272 747 356 807 τῆς
394 748 490 795 τῶν
528 743 771 812 ἀρχόντων
804 748 946 810 σιγῆς
985 747 1060 796 καὶ
1098 747 1180 809 τῆς
1219 743 1485 808 ἀσυνήθους
1522 742 1676 809 πραό-

89 849 228 890 τητος
264 827 338 877 ἐπὶ
372 825 427 877 τὸ
462 829 632 893 χρῆναι
667 825 906 878 πιστεύειν
935 826 1221 892 βαδίζουσιν,
1249 825 1380 876 ἀλλὰ
1419 828 1495 877 καὶ
1533 825 1679 889 αὐτὴν

88 910 312 974 ἐρευνῶσι
338 907 424 971 τὴν
450 909 591 973 ἁγίαν
616 907 822 977 γραφὴν,
850 908 907 977 ἐξ
939 910 1081 974 ὀρθῆς
1114 907 1200 972 μὲν
1226 911 1289 962 εἷς
1322 914 1462 959 τοῦτο
1497 908 1672 958 καλού-

26 1013 73 1037 10
90 1012 220 1053 μενοι
260 989 465 1054 γνώμης,
504 988 910 1055 ἀπαιδαγωγήτως
955 991 1000 1039 δ’
1041 991 1124 1040 οὖν
1163 990 1289 1053 ὅμως
1326 992 1402 1040 καὶ
1440 989 1716 1043 ἀσυνέτωςο

92 1074 257 1135 κομιδῆ
293 1071 379 1135 τὴν
403 1073 477 1122 ἐπὶ
512 1075 578 1141 τῷ
613 1072 860 1141 μυστηρίῳ
895 1070 1162 1136 ποιούμενοι
1196 1072 1434 1132 βάσανον·
1476 1072 1546 1123 ὅτι
1585 1071 1680 1138 γὰρ

90 1152 236 1217 μόνον
286 1153 655 1219 ἐπιγινώσκουσι
705 1152 827 1206 πόθεν
873 1155 984 1205 ἐστὶν
1029 1155 1054 1205 ὁ
1105 1156 1154 1205 ἐν
1197 1154 1441 1224 παῤῥησίᾳ
1490 1159 1677 1217 λαλῶν,

91 1234 334 1286 τουτέστιν
379 1236 429 1286 ἐκ
483 1236 619 1289 ποίας
669 1234 754 1299 μὲν
800 1236 999 1302 ὁρμᾶται
1050 1236 1222 1301 κώμης,
1264 1238 1404 1287 τίνων
1444 1237 1492 1288 δὲ
1537 1236 1683 1305 ἐξέφυ

92 1317 282 1382 γονέων,
309 1318 392 1368 οῦκ
431 1315 549 1368 εἶναί
583 1321 737 1386 φασιν
768 1318 911 1369 αὐτὸν
942 1318 1025 1370 τὸν
1055 1318 1133 1369 διὰ
1171 1319 1316 1383 νόμου
1353 1342 1679 1386 προκεκηρυγ-

28 1415 75 1454 15
93 1399 250 1463 μένον.
320 1397 418 1450 εἶτα
461 1398 641 1453 τούτοις
685 1399 947 1465 ἐπάγουσιν
984 1401 1041 1452 tO
1087 1398 1133 1452 δὲ
1173 1400 1357 1472 Χριστος
1400 1402 1501 1453 ’όταν
1538 1399 1678 1469 ἐ’λθῃ,

96 1478 229 1534 οὐδεὶς
265 1481 471 1546 ’γινώσκει
508 1480 630 1532 πόθεν
657 1482 785 1532 ἐστίν.
836 1483 912 1532 καὶ
942 1482 1082 1533 παντὶ
1112 1482 1197 1546 μέν
1222 1506 1314 1533 που
1345 1486 1505 1546 δῆλον,
1533 1485 1595 1537 ὡς
1630 1483 1688 1552 ἐξ

94 1563 296 1625 ἀμαθίας
327 1564 483 1616 αὐτοῖς
516 1563 570 1613 τὸ
605 1567 886 1614 πλανᾶσθαι
912 1566 999 1614 κάν
1026 1564 1176 1634 τούτῳ
1203 1565 1521 1629 συμβέβηκεν.
1576 1566 1677 1635 ἐξε-

93 1644 238 1695 τάσαι
274 1644 323 1696 δὲ
358 1648 451 1696 δεῖν
479 1644 819 1709 ὑπολαμβάνω,
847 1644 991 1696 πόθεν
1017 1649 1078 1700 εἷς
1113 1652 1252 1698 τοῦτο
1286 1647 1502 1713 πρόεισιν
1528 1649 1684 1702 αὐτοῖς

94 1725 154 1777 τὰ
193 1727 492 1794 φρονήματά
554 1728 603 1778 τί
643 1728 686 1776 δ’
728 1727 821 1793 ἄρα
865 1727 919 1778 τὸ
958 1727 1220 1779 ἀναπεΐσάν
1257 1730 1390 1780 ἐστιν
1427 1729 1547 1793 τοὺς,
1586 1731 1683 1797 οἵγε

30 1826 78 1851 20
96 1814 254 1863 καλῶς
292 1808 352 1860 τὰ
390 1811 458 1860 ἐπ’
500 1810 626 1879 αὐτῷ
664 1810 1010 1873 διεσκέπτοντο,
1050 1810 1126 1861 διὰ
1164 1811 1338 1876 ταύτην
1377 1811 1561 1863 οἴεσθαι
1598 1811 1684 1877 τὴν
1703 1819 1730 1860 d

95 1891 247 1941 αἰτίαν
282 1892 365 1942 οῦκ
402 1888 517 1942 εἶναι
552 1890 783 1957 Χριστὸν,
810 1892 996 1958 ἐπείπερ
1035 1891 1143 1944 ὅθεν
1176 1895 1307 1944 ἐστὶν
1340 1895 1423 1945 οὐκ
1461 1893 1680 1959 ἠγνόουν·

97 1971 174 2022 διὰ
207 1973 256 2024 τί
286 1972 335 2023 δὲ
371 1973 552 2026 τούτοις
587 1971 822 2038 ἐπάγουσι
855 1972 910 2024 τό
936 1977 1121 2044 Χριστος
1147 1975 1246 2028 ’όταν
1272 1974 1392 2044 ἐ’λθῃ
1430 1974 1563 2031 οὐδεὶς
1599 1973 1685 2028 οἶδε

98 2053 220 2106 πόθεν
253 2056 392 2116 {ow-[213
436 2054 531 2106 ἀπὸ
570 2054 662 2121 γάρ
700 2077 772 2105 τοι
810 2054 978 2107 τούτου
1017 2056 1187 2108 λοιπὸν
1222 2057 1308 2122 τὴν
1340 2061 1423 2123 τῆς
1462 2058 1685 2123 ἀληθείας

98 2133 365 2200 ζημιοῦνται
403 2136 693 2205 κατάληψιν.
760 2137 928 2188 οὐκοῦν
967 2138 1162 2206 φέρεταί
1196 2163 1265 2194 τις
1310 2142 1358 2191 ἐν
1396 2144 1462 2210 τῷ
1499 2140 1685 2209 Ἱ-Ισαίᾳ

32 2230 78 2266 25
97 2218 245 2284 λόγος
288 2222 394 2284 περὶ
432 2223 651 2285 Χριστοῦ
690 2225 717 2248 “
738 2218 840 2283 Τὴν
878 2219 1043 2285 γενεὰν
1080 2222 1223 2273 αὑτοῦ
1262 2224 1330 2276 τίς
1374 2222 1681 2288 διηγήσεται;
1747 2223 1803 2255 Es.
1820 2223 1878 2255 liii.

98 2308 126 2330 “
154 2300 224 2351 ὅτι
275 2300 454 2367 α’ίρεται
504 2300 598 2351 ἀπὸ
649 2303 731 2364 τῆς
781 2303 869 2367 γῆς
919 2302 947 2365 ἡ
1000 2301 1091 2368 ζωὴ
1141 2304 1328 2355 αῦτοῦ.”
1397 2308 1472 2356 καὶ
1523 2306 1548 2356 ὁ
1598 2304 1685 2369 μὲν

97 2382 324 2449 μακάριος
368 2381 618 2449 προφήτης
657 2383 732 2433 ἐπὶ
771 2388 854 2433 τοῦ
893 2387 1019 2434 Θεοῦ
1059 2384 1220 2451 Λόγου
1261 2384 1315 2437 τὸ
1354 2388 1481 2453 ῥῆμα
1521 2389 1680 2450 τιθεὶς,

97 2464 184 2529 τὴν
208 2462 372 2530 γενεὰν
397 2465 499 2514 ἀντὶ
536 2466 619 2527 τῆς
657 2463 899 2534 ὑπάρξεως
934 2466 1078 2531 λέγει.
1135 2468 1204 2520 τίς
1238 2467 1332 2533 γὰρ
1366 2467 1424 2519 ἂν
1450 2468 1575 2523 ὅλως
1607 2471 1684 2520 καὶ
1703 2489 1724 2515 e

98 2546 284 2614 φράσαι
322 2544 406 2596 τὸν
443 2544 620 2611 τρόπον
658 2549 740 2609 τῆς
779 2546 1023 2616 ὑπάρξεως
1060 2553 1144 2599 τοῦ
1184 2553 1519 2616 Μονογενοῦς;
1572 2553 1685 2603 ποία

30 2644 81 2679 30
99 2625 147 2676 δέ
173 2629 386 2691 γλῶσσα
413 2623 688 2690 διηγήσεται
714 2625 801 2690 τὴν
825 2627 876 2676 ἐκ
905 2625 1096 2693 Πατρὸς
1124 2627 1327 2695 ἄῤῥητον
1353 2629 1575 2695 γέννησιν
1601 2636 1684 2682 τοῦ

150 2816 202 2848 13.
229 2804 327 2838 τίνων
345 2803 547 2849 ὃὲῄαύτὸν]
571 2804 666 2839 Haec
689 2805 887 2840 emendavit
907 2806 1024 2840 Holst.
1046 2806 1144 2840 τίνων
1167 2807 1202 2840 δέ
1226 2807 1397 2854 ἐξέφυγον
1420 2809 1479 2844 οὐκ
1503 2808 1566 2843 εἶνε
1591 2810 1684 2850 νέων,

99 2852 210 2894 φασὶν
227 2851 335 2884 αὐτῶν
354 2851 433 2893 (sic)
456 2850 495 2883 B.
667 2863 720 2894 14.
746 2855 1096 2898 προκεκηρυττόμενον
1117 2854 1157 2887 Β.
1330 2867 1382 2900 19.
1410 2857 1487 2892 τοὺς
1507 2857 1548 2891 Β.
1566 2857 1686 2893 αὐτοὺς

101 2897 166 2931 Ed.
186 2910 227 2931 ex
249 2897 311 2930 Ht.
472 2908 526 2938 24.
552 2897 676 2942 φέρετε
694 2898 743 2934 τίς
763 2900 804 2934 B.
968 2900 1021 2934 26.
1050 2898 1119 2945 καὶ]
1139 2900 1217 2934 ἀλλ’
1237 2913 1267 2935 a.
1437 2913 1492 2948 27.
1518 2906 1578 2938 τοῦ
1597 2907 1684 2938 Θεοῦ

101 2946 212 2989 Λόγου
233 2944 306 2978 B.a.
326 2945 372 2989 τῷ
392 2946 480 2977 Θεοῦ
497 2945 592 2989 λόγῳ
612 2944 678 2978 Ed.
