2084 3317
377 169 460 207 666
778 169 828 210 B.
861 169 1135 210 CYRILLI
1178 169 1558 210 ALEXANDR.
1806 166 1959 222 vii.30.

377 276 535 341 καιρὸς
563 278 893 345 ἐπιψηφιεῖταί
915 302 1053 341 τισιν,
1082 279 1261 329 ἐποίσει
1287 277 1335 328 δὲ
1361 283 1552 342 μᾶλλον
1579 278 1633 328 τὸ
1667 275 1872 338 πάντων,
1900 278 1960 328 ὡς

336 381 358 407 ο
377 357 487 412 ε”πος
513 362 668 421 εἰπεῖν,
686 359 1020 426 χαλεπώτερον
1046 364 1120 410 καὶ
1146 365 1242 413 τοῖς
1268 360 1337 410 ὅτι
1363 361 1528 426 πρέπει
1553 359 1638 424 τὴν
1657 363 1750 409 τῶν
1770 360 1962 423 ἀγαθῶν

376 440 606 505 ἐργασίαν
630 445 865 507 προτιμᾶν
892 443 941 492 εὖ
966 441 1099 505 μάλα
1126 441 1486 506 διεσκεμμένοις.

449 521 592 573 Ἀλλ’
621 522 754 573 οὐδὲν
780 522 864 585 μὲν
892 523 1027 573 ε”σται
1060 523 1252 585 τούτων,
1280 525 1375 589 ἐρεῖ
1405 546 1474 577 τις
1507 522 1666 590 τυχὸν,
1693 520 1879 590 ἑκάστῳ
1913 518 1962 570 δὲ

374 600 428 653 τὸ
456 601 600 670 τυχὸν
626 603 685 654 τὰ
713 605 838 673 αὐτῷ
864 605 1107 672 πρέποντα
1135 606 1330 655 δίδωσιν
1356 605 1384 669 ἡ
1411 604 1509 670 ὥρα
1536 607 1611 656 καὶ
1639 606 1663 655 ὁ
1690 601 1861 670 καιρός.
1982 621 2004 660 5

449 685 639 735 Οὐκοῦν
662 686 947 745 βασιλεύσει
978 686 1063 750 μὲν
1088 686 1178 751 ἤδη
1213 686 1383 738 λοιπὸν
1410 688 1434 737 ὁ
1471 685 1663 753 καιρός;
1707 685 1761 737 τὸ
1797 684 1845 736 δὲ
1880 686 1962 748 τῆς

372 766 595 830 προνοίας
621 767 808 835 ἀξίωμα
842 773 944 821 ταῖς
979 766 1118 834 ὥραις
1152 767 1487 834 περιθήσομεν,
1514 767 1645 819 οὐδὲν
1671 768 1736 819 ἔτι
1763 767 1956 836 φροντί-

373 846 527 912 ζοντες
565 854 648 899 τοῦ
690 852 847 912 Θεοῦ,
891 849 1151 914 αἰτήσομεν
1190 849 1238 901 δὲ
1278 851 1333 901 δι’
1373 851 1508 918 εὐχῆς
1548 852 1657 916 παρ’
1698 850 1839 900 αὑτοῦ
1877 847 1962 912 μὲν
2080 862 2084 911 Ι

373 928 518 992 οὐδὲν,
545 929 677 997 παρὰ
704 929 751 981 δὲ
777 934 859 995 τῆς
886 930 1009 997 ὥρας
1034 930 1063 995 ἢ
1090 937 1173 982 τοῦ
1201 938 1393 997 καιροῦ,
1437 934 1512 983 καὶ
1543 933 1592 983 τί
1623 931 1676 982 τὸ
1711 934 1921 982 ἐντεῦθεν
1943 951 1955 992 3
2078 926 2084 1012 ;

148 1010 247 1094 ἔξω·
264 1010 285 1042 i.
371 1018 731 1077 προσκυνοῦμεν
761 1017 819 1079 τῇ
858 1013 1009 1064 κτίσει
1045 1012 1175 1080 παρὰ
1210 1012 1293 1065 τὸν
1320 1015 1564 1077 κτίσαντα,
1591 1016 1665 1065 καὶ
1698 1011 1784 1077 τὴν
1814 1011 1961 1080 δόξαν
1984 1036 2034 1064 10
2078 1033 2083 1070 1

374 1099 455 1145 τοῦ
499 1099 809 1160 Δημιουργοῦ
860 1099 956 1148 τοῖς
1000 1096 1110 1161 παρ’
1155 1096 1298 1146 αὐτοῦ
1342 1095 1567 1162 γεγονόσι
1613 1099 1962 1155 δυσσεβοῦντες
2076 1092 2084 1179 f

326 1190 353 1231 d
371 1175 706 1242 περιθήσομεν.
761 1175 957 1228 αὐτόθεν
982 1176 1068 1240 μὲν
1095 1178 1175 1227 οὖν
1202 1177 1255 1228 τὸ
1283 1180 1331 1228 ἐν
1357 1178 1537 1230 τούτοις
1571 1175 1752 1244 αἶσχος,
1777 1177 1852 1226 καὶ
1879 1177 1962 1238 τῆς
2074 1186 2084 1270 i³¹

370 1258 658 1320 δυσσεβείας
691 1257 745 1309 τὸ
780 1259 979 1324 μέγεθος
1013 1260 1066 1310 οὐ
1101 1258 1194 1310 σὺν
1225 1264 1398 1329 πολλῷ
1436 1263 1503 1328 τῷ
1539 1258 1671 1328 πόνῳ
1709 1256 1961 1324 περιαθρή-
2073 1277 2078 1330 g

369 1362 521 1403 σομεν
573 1342 649 1390 καὶ
706 1341 910 1405 γυναίων
963 1341 1117 1392 αὐτῶν
1167 1346 1262 1392 τῶν
1316 1340 1623 1408 ἑταιρίζεσθαι
1681 1338 1962 1408 πεφυκότων
2072 1336 2078 1430 i

369 1422 720 1491 ἐκφανεστέραν
751 1421 963 1490 λαχόντα
1001 1422 1088 1488 τὴν
1120 1425 1393 1490 βδελυρίαν·
1446 1423 1501 1475 τὸ
1540 1423 1589 1475 δὲ
1627 1423 1683 1488 δὴ
1720 1421 1867 1474 πάλιν
1898 1425 1961 1475 εἷς
1984 1438 2031 1478 15
2074 1463 2077 1484 2

369 1510 480 1556 νοῦν
521 1507 778 1565 ἀναβαῖνον
822 1506 1015 1571 ἐροῦμεν
1059 1504 1135 1557 διὰ
1181 1505 1235 1556 τὸ
1287 1505 1541 1573 χρήσιμον.
1613 1509 1854 1572 περιττῶς,
1899 1505 1961 1558 ὡς
2074 1499 2077 1507 ’

369 1586 528 1649 ἔοικεν,
550 1589 591 1637 οἱ
620 1586 738 1637 θεῖοί
760 1609 810 1637 τε
837 1589 911 1638 καὶ
940 1587 1225 1654 ἀνθρώπινοι
1253 1589 1401 1651 νόμοι,
1418 1593 1514 1643 τοῖς
1538 1587 1623 1652 μὲν
1648 1592 1743 1639 τῶν
1761 1585 1962 1655 φαύλων

369 1670 591 1734 ἐρασταῖς
631 1668 715 1722 τὰς
755 1669 912 1722 αὐτοῖς
949 1671 1226 1736 πρεπούσας
1266 1671 1471 1737 ὁρίζουσι
1510 1672 1652 1733 δίκας,
1686 1674 1780 1723 τοῖς
1804 1668 1870 1720 δὲ
1907 1667 1962 1719 τὸ

369 1751 456 1817 ζῆν
483 1750 661 1802 ἐθέλειν
688 1751 1028 1817 ἐπιεικέστερον
1057 1754 1162 1818 περὶ
1199 1758 1388 1804 πολλοῦ
1424 1752 1716 1817 ποιουμένοις
1749 1773 1956 1818 προστε-

329 1833 556 1883 θθείκασι
599 1831 684 1886 τὰς
729 1831 882 1896 τιμάς.
960 1836 996 1884 εἰ
1040 1833 1135 1901 γὰρ
1180 1834 1303 1888 ὅλως
1347 1834 1480 1886 οὐδὲν
1519 1836 1567 1885 ἐν
1605 1839 1700 1887 τοῖς
1740 1833 1812 1902 ἐφ’
1853 1834 1962 1898 ἡμῖν
1982 1855 2032 1882 20
2067 1838 2071 1889 ἶ

369 1920 515 1966 κεῖται
555 1914 839 1979 θελήμασιν,
875 1916 1183 1967 ὑποπεπτωκε
1223 1918 1271 1968 δὲ
1309 1921 1410 1971 ταῖς
1447 1917 1505 1986 ἐξ
1540 1919 1674 1983 ὡρῶν
1712 1915 1958 1981 ἀνάγκαις,

369 1996 592 2065 ἀφύκτως
631 2020 681 2048 τε
721 1999 797 2048 καὶ
836 1998 1166 2064 ἀπαραιτήτως
1204 1998 1434 2064 ἀγούσαις
1468 2000 1537 2050 ἐπ’
1573 1999 1732 2068 ἄμφω,
1764 2003 1866 2052 πῶς
1905 1996 1963 2049 ἂν

368 2077 433 2129 ε”τι
460 2080 646 2132 δικαίως
673 2083 768 2133 τοῖς
801 2078 886 2142 μὲν
914 2081 1109 2145 ἀγαθοῖς
1145 2079 1199 2131 τὸ
1234 2082 1525 2132 ἐπαινεῖσθαι
1558 2080 1753 2146 πρέπειν
1780 2082 1956 2141 ὁμολο-

368 2160 620 2226 γήσαιμεν,
647 2166 743 2215 τοῖς
770 2160 818 2212 δὲ
844 2161 909 2225 μὴ
936 2161 1160 2216 τοιούτοις
1195 2163 1249 2213 τὸ
1284 2164 1492 2214 ἐναντιόν
1519 2165 1580 2216 ὡς
1607 2164 1656 2213 ἐν
1681 2161 1962 2231 ὀφλήματος

369 2242 501 2312 τάξει
546 2243 908 2307 καταθήσομενς
968 2244 1016 2294 τί
1056 2243 1118 2304 δὲ,
1164 2243 1267 2296 εἰπέ
1302 2268 1394 2308 μοι,
1441 2247 1515 2296 καὶ
1556 2244 1962 2311 ἐπαναγκάζουσιν
1981 2260 2030 2301 25

369 2325 490 2387 ἡμᾶς
515 2329 558 2375 οἱ
584 2325 718 2388 νόμοι
743 2330 838 2376 τῶν
864 2324 949 2389 μὲν
976 2326 1177 2394 φαύλων
1204 2328 1484 2394 ἀποφοιτᾶν,
1511 2332 1607 2380 τοῖς
1639 2327 1687 2377 δὲ
1719 2327 1962 2390 ἀμείνοσιν

147 2420 233 2455 455
247 2420 297 2454 A.
331 2406 626 2474 ειέπιτρέχειν
653 2408 938 2473 ἐπείγεσθαι,
964 2408 1132 2474 ἑτέρων
1161 2408 1365 2476 ἐχόντων
1396 2413 1491 2460 τῶν
1525 2411 1573 2459 ἐν
1608 2409 1717 2473 ἡμῖν
1751 2414 1956 2469 βουλευ-

369 2488 533 2553 μάτων
566 2488 650 2543 τὰς
689 2489 831 2553 ἡνίας,
868 2492 943 2541 καὶ
983 2491 1055 2558 ἐφ’
1089 2490 1204 2556 ὅπερ
1245 2488 1303 2540 ἂν
1336 2491 1608 2551 βούλωνται
1647 2490 1962 2559 διεξαγόντων

370 2570 610 2634 εὐκόλως;
653 2576 754 2626 ταῖς
788 2571 881 2638 γὰρ
913 2576 1007 2623 τῶν
1034 2573 1168 2638 ὡρῶν
1201 2572 1438 2640 ἐξουσίαις
1475 2574 1751 2624 ὑποκεῖσθαι
1784 2576 1877 2624 δεῖν
1902 2571 1962 2624 τὰ

370 2653 657 2719 ἀνθρώπινα,
685 2656 760 2705 καὶ
789 2655 913 2723 φασὶ
949 2656 1025 2706 καὶ
1058 2653 1392 2719 βεβούληνται,
1420 2658 1503 2719 τῆς
1530 2656 1740 2706 ἐντεῦθεν
1765 2654 1961 2708 ἀτοπίας
1981 2671 2030 2707 30

421 2843 474 2877 13.
499 2832 790 2889 περιαθρὴσομεν]
816 2837 851 2873 -ί-
874 2835 892 2867 ὁ
909 2834 970 2877 μὲν
989 2833 1069 2878 (Sic)
1092 2833 1134 2868 Β.
1389 2845 1442 2880 19.
1469 2835 1724 2879 προστεθὴκασι
1743 2834 1836 2870 Aub.
1855 2846 1896 2868 ex
1916 2834 1959 2870 B.

373 2889 390 2912 2
395 2890 427 2923 3
446 2878 721 2935 ὁμολογήσαιμεν
738 2879 937 2914 emendavit
948 2880 1041 2915 Aub.
1055 2892 1073 2915 e
1085 2880 1163 2915 Cat.
1175 2886 1214 2914 ut
1231 2880 1356 2925 opinor
1373 2893 1485 2926 quum
1499 2888 1532 2916 et
1549 2894 1590 2917 ex
1608 2894 1628 2916 a
1645 2893 1716 2916 var.
1729 2882 1816 2915 null.
1829 2882 1958 2917 notavi.

371 2924 634 2976 ὁμολογήσομεν
653 2926 694 2960 B.
713 2925 976 2972 ὁμολογήσομεν
995 2926 1111 2962 Holst.
1272 2938 1327 2971 27.
1354 2927 1470 2972 ἕτερον
1488 2928 1530 2962 Β.
1698 2929 1754 2963 28.
1778 2927 1861 2972 ὅπερ
1882 2928 1923 2962 Β.
1927 2940 1957 2962 a.

372 2976 464 3017 ᾠπερ
487 2973 548 3006 Ht.
569 2972 635 3007 Ed.
