2084 3317
363 151 448 190 408
766 153 814 193 B.
847 154 1125 194 CYRILLI
1168 154 1549 195 ALEXANDR.
1777 156 1947 208 vi.5-7.

364 264 392 287 ‘⁶
418 258 646 324 οἵδαμεν,”
671 260 810 315 αὐτὸς
845 262 894 313 δὲ
929 263 1079 328 ὀρέγει
1115 261 1394 329 προλαβὼν,
1423 263 1543 330 ἅπερ
1579 264 1699 327 ἡμᾶς
1732 266 1796 317 εἰς
1829 263 1950 330 ζωὴν

363 340 549 408 συνέχει
578 341 664 406 τὴν
689 343 887 396 αἰώνιον.

439 421 571 488 Λέγει
598 425 754 475 τοίνυν
774 429 880 495 πρός
906 428 1129 478 Φίλιππον
1156 425 1284 478 Πόθεν
1309 425 1589 497 ἀγοράσομεν
1614 426 1795 496 όίρτουςς
1829 427 1954 477 διατί

363 502 482 570 πρὸς
521 506 778 568 Φίλιππον,
814 507 964 558 καίτοι
1001 512 1096 558 τῶν
1131 508 1298 559 ἄλλων
1331 508 1754 574 συμπαρεστώτων
1787 530 1834 558 τε
1874 509 1949 558 καὶ

363 587 847 652 προσκαρτερούντων
881 590 1007 658 αὐτῷ
1045 594 1283 654 μαθητῶν,
1310 591 1567 655 ἀναγκαῖον
1601 593 1725 641 ἰδεῖν.
1782 590 1949 640 οὐκοῦν
1969 605 1990 643 5

365 666 604 731 ζητητικὸς
638 668 723 731 μὲν
753 670 777 720 ὁ
812 671 1055 724 Φίλιππος
1087 675 1160 722 καὶ
1196 671 1480 739 φιλομαθὴς,
1510 672 1621 740 ὀξὺς
1659 671 1708 722 δὲ
1747 672 1800 722 οὐ
1840 672 1951 722 λίαν

320 761 347 801 d
366 752 428 801 εἷς
463 748 517 799 τὸ
550 749 783 801 δύνασθαι
818 752 1025 804 συνιέναι
1060 757 1240 820 θερμῶς
1274 753 1334 804 τὰ
1368 755 1756 819 θεοπρεπέστερα.
1810 758 1950 803 τοῦτο

365 830 410 881 δ’
439 829 498 881 ἀν
523 832 701 895 μάθοις,
728 834 872 884 ἐκεῖνο
907 835 1026 885 κατὰ
1060 834 1241 887 σαυτὸν
1275 835 1696 901 ἀναλογισάμενος,
1725 835 1795 886 ὅτι
1830 834 1946 902 χρό-

365 935 470 966 νους
496 914 830 979 ἀκολουθήσας
855 920 921 985 τῷ
948 920 1133 983 Σωτῆρι
1159 917 1377 983 μακροὺς,
1406 919 1480 968 καὶ
1505 918 1731 971 ποικίλως
1756 917 1815 968 τὰ
1845 921 1950 983 περὶ

363 997 446 1059 τῆς
472 996 688 1061 θεότητος
714 999 856 1049 αὐτοῦ
882 999 1140 1065 συλλέγων
1164 999 1440 1063 μαθήματα,
1477 1001 1551 1049 καὶ
1583 999 1951 1063 πλουσιωτάτην
1974 1018 2022 1044 10

363 1076 439 1128 διά
484 1101 534 1129 τε
573 1080 867 1145 πραγμάτων
906 1083 981 1132 καὶ
1028 1081 1188 1148 λόγων
1227 1081 1542 1148 ἐρανιζόμενος
1587 1082 1654 1132 ἐπ’
1697 1083 1822 1150 αὐτῷ
1865 1080 1951 1145 τὴν

363 1158 651 1229 κατάληψιν,
677 1163 739 1215 ὡς
765 1161 896 1213 οὐδὲν
922 1164 1052 1214 οὔπω
1077 1162 1255 1227 μαθὼν,
1282 1165 1330 1214 ἐν
1356 1164 1638 1216 τελευταίοις
1664 1166 1745 1226 τῆς
1774 1167 1951 1214 οἰκονο-

138 1238 231 1268 Infra
408 1242 419 1259 t
632 1247 651 1256 n
745 1242 758 1259 t
917 1243 930 1259 x
1025 1244 1038 1259 x
1099 1246 1109 1261 φ
1242 1251 1261 1260 Α
1431 1244 1442 1261 t
1606 1250 1624 1258 Α
1747 1246 1757 1258 r
1801 1250 1819 1259 A
1901 1245 1914 1260 x

361 1264 471 1305 μιας
497 1265 671 1308 καιροις
696 1250 822 1309 λεγει
846 1267 964 1311 προς
992 1268 1075 1295 τον
1116 1249 1291 1310 Ιησουν
1318 1252 1344 1274 “
1367 1249 1525 1311 Κυριε,
1553 1245 1707 1313 δειξον
1733 1269 1842 1309 ημιν
1869 1269 1951 1296 τον

136 1281 202 1313 xiv.
217 1282 246 1312 8.

321 1330 389 1367 <³⁶⁶
416 1324 623 1391 Πατέρα,
662 1327 738 1375 καὶ
777 1327 911 1392 ἀρκεῖ
942 1326 1098 1390 ἡμῖν·”
1158 1328 1268 1377 ἀλλ’
1312 1329 1373 1380 ὡς
1412 1326 1685 1391 ἀκακοήθως
1724 1326 1864 1378 εἰπὼν
1902 1328 1951 1378 εὖ

136 1414 232 1457 Ib·9·
360 1403 493 1469 μάλα
541 1407 908 1469 μετεπαιδεύετσ
960 1416 987 1438 “
1012 1413 1261 1460 Τοσοῦτον
1304 1407 1397 1475 γὰρ
1447 1408 1620 1476 χρόνον
1669 1408 1774 1472 μεθ’
1822 1411 1950 1473 ὑμῶν
1973 1431 2019 1469 15

362 1494 389 1517 ‘⁶
415 1491 520 1551 εἶμι,
547 1491 622 1539 καὶ
649 1490 732 1539 οὐκ
768 1489 974 1556 ἔγνωκάς
1004 1514 1061 1553 με
1089 1490 1340 1554 Φίλιππε,”
1371 1492 1522 1559 φησὶν
1550 1492 1574 1542 ὁ
1602 1491 1831 1557 Χριστός.
1888 1493 1951 1546 ὡς

359 1570 441 1620 οὖν
466 1570 714 1641 παχυτέριρ
739 1572 857 1638 πρὸς
885 1571 1064 1637 νόησιν,
1090 1576 1166 1624 καὶ
1200 1572 1492 1640 βραδύτερόν
1517 1597 1618 1626 πως
1653 1573 1773 1640 ἤπερ
1808 1575 1951 1641 ἐχρῆν

357 1651 476 1718 πρὸς
523 1652 609 1718 τὴν
652 1659 748 1705 τῶν
790 1654 1034 1721 θειοτέρων
1082 1655 1197 1707 ἰόντι
1248 1655 1539 1724 κατάληψιν,
1583 1657 1816 1722 προτείνει
1863 1654 1951 1720 τὴν

356 1740 540 1798 πεῦσιν,
592 1736 839 1803 γυμνάζων
890 1741 953 1792 εἷς
1008 1738 1174 1789 πίστιν
1225 1737 1307 1789 τὸν
1356 1736 1586 1802 μαθητήν.
1664 1743 1803 1789 τοῦτο
1857 1736 1951 1803 γάρ

357 1818 577 1880 σημαίνει
615 1817 670 1868 τό
699 1818 919 1888 Πειράζων
946 1821 993 1870 ἐν
1020 1819 1215 1881 τούτοις,
1243 1824 1279 1870 εἰ
1313 1821 1388 1871 καὶ
1420 1819 1630 1887 καθάπερ
1666 1821 1691 1870 ὁ
1724 1818 1950 1886 μακάριος
1970 1841 2019 1866 20

357 1899 722 1965 Εὐαγγελιστὴς
749 1902 1078 1967 διισχυρίσατο
1105 1901 1246 1957 Αὐτὶς
1273 1901 1321 1952 δὲ
1350 1899 1434 1973 ᾔδει
1462 1902 1504 1952 τί
1531 1902 1697 1969 ἔμελλε
1723 1905 1871 1954 ποιεῖν.

429 1980 500 2031 Τὸ
540 1981 595 2031 δέ
630 1979 755 2033 Πόθεν
794 1983 1070 2052 ἀγοράσομεν
1109 1984 1280 2049 λέγων,
1316 1988 1410 2034 τῶν
1449 1982 1692 2034 συνόντων
1731 1985 1857 2053 αὐτῷ
1894 1983 1949 2035 τὸ

134 2078 215 2114 277
229 2078 281 2114 A.
316 2062 763 2131 ειάφιλοχρήματον,
796 2067 872 2115 καὶ
911 2064 996 2129 τὴν
1034 2065 1251 2116 ἑκούσιον
1290 2064 1365 2115 διὰ
1405 2063 1529 2116 Θεὸν
1567 2066 1804 2133 πτωχείαν
1843 2067 1942 2117 ἐπι-

356 2144 561 2209 δεικνύει,
589 2147 689 2197 οὐδ’
719 2146 836 2197 ὅσον
862 2150 924 2200 εἰς
962 2145 1016 2198 τὸ
1054 2148 1287 2214 πρίασθαι
1326 2146 1409 2200 τὰς
1448 2147 1706 2212 ἀναγκαίας
1744 2146 1948 2215 ἐχόντων

354 2225 552 2296 τροφάς.
611 2229 730 2291 ὁμοῦ
768 2228 824 2278 δέ
855 2252 899 2280 τι
937 2228 1088 2299 τούτῳ
1126 2227 1512 2296 προσεργάζέται,
1551 2231 1627 2280 καὶ
1667 2228 1743 2280 διὰ
1782 2230 1948 2298 τὲχνης
1968 2250 2015 2288 25

355 2313 601 2374 οἰκονομεῖ.
672 2309 727 2361 τὸ
766 2310 859 2377 γοῖρ
902 2309 1044 2373 Πόθεν,
1084 2311 1137 2362 οὐ
1175 2310 1343 2375 μάτην,
1384 2313 1446 2365 ὡς
1489 2310 1607 2378 πρὸς
1653 2311 1787 2362 οὐδὲν
1825 2313 1949 2367 ὅλως

354 2391 704 2458 ἐπικομίζεσθαι
747 2391 1117 2458 μελετήσαντας,
1156 2392 1289 2444 ἀλλὰ
1331 2395 1407 2444 καὶ
1447 2396 1510 2447 εἰς
1555 2394 1700 2459 ἄκρον
1739 2395 1948 2463 ἀφιλαρ-

354 2479 513 2541 γυρεῖν
538 2474 828 2539 εἰθισμένους
863 2475 1030 2544 φησίν.
1088 2474 1381 2529 ἀποκλείσας
1405 2474 1463 2540 δὴ
1489 2476 1570 2526 οὖν
1597 2478 1673 2526 καὶ
1700 2475 1948 2540 ἀποτεμὼν

353 2555 686 2626 εὐφυεστάτως
723 2558 810 2621 τὴν
844 2557 913 2608 ἐπ’
948 2556 1170 2624 ἀργύροις
1208 2558 1391 2620 ἐλπίδα,
1431 2559 1682 2625 μονονουχὶ
1720 2559 1796 2608 καὶ
1834 2559 1942 2609 ἀνα-

400 2675 433 2705 4.
460 2665 759 2708 συμπαρεστώτων
777 2663 870 2699 Β.Ῑ).
887 2665 1117 2708 παρεστώτων
1135 2663 1203 2697 Ed.
1325 2672 1356 2708 7.
1383 2662 1549 2698 δύνασθαι
1567 2675 1637 2698 om.
1656 2662 1700 2697 B.
1815 2674 1869 2698 11.
1895 2663 1946 2698 ἐπ’

353 2709 443 2756 αὐτῷ
463 2710 543 2743 B.D
562 2722 633 2755 mg.
654 2710 721 2744 Ed.
739 2723 812 2756 mg.
829 2716 870 2745 ut
887 2723 921 2746 v.
940 2712 964 2744 l.
983 2712 1089 2756 ἑαυτῷ
1109 2710 1155 2744 D.
1176 2709 1242 2744 Ed.
1383 2720 1436 2755 15.
1462 2713 1630 2744 τοσοῦτον
1646 2715 1679 2744 et
1696 2711 1821 2755 χρόνον
1840 2711 1883 2744 Β.
1901 2711 1945 2744 cf.

354 2768 461 2801 supra
480 2756 547 2791 260
565 2768 595 2790 a.
614 2757 768 2803 τοσούτῳ
786 2759 851 2803 γὰρ
868 2759 980 2803 χρόνῳ
999 2757 1066 2791 Ed.
1083 2757 1149 2803 γὰρ
1167 2768 1238 2791 om.
1260 2757 1302 2791 B.
1591 2765 1645 2802 17.
1669 2756 1884 2802 βραχύτερον
1903 2757 1945 2791 Β.

354 2830 408 2853 20.
434 2810 600 2864 cryptat'v‘b’ft
616 2822 662 2866 τῷ
686 2820 727 2855 Β.
864 2831 920 2863 24.
946 2819 1147 2865 ἀναγκαίους
1165 2820 1208 2854 Β.
1349 2819 1404 2854 26.
1431 2820 1471 2854 οὐ
1488 2818 1612 2880 μάτην]
1631 2820 1771 2865 conjicit
1788 2820 1827 2853 οὐ
1843 2821 1947 2864 μόνον

353 2866 388 2899 D
408 2877 479 2910 mg.
499 2866 559 2900 sed
577 2867 717 2901 frustra.
895 2877 950 2912 27.
976 2868 1080 2912 ἄκρον
1100 2866 1141 2901 Β.
1160 2866 1266 2912 ἀγρὸν
1284 2867 1365 2911 (sic)
1385 2867 1431 2901 D.
1451 2867 1510 2912 qui
1528 2866 1614 2912 ἄγαν
1631 2867 1778 2924 conjecit
1795 2866 1889 2900 unde
1906 2873 1946 2900 ut

352 2912 490 2946 videtur
507 2913 592 2959 ἄγαν
611 2914 677 2948 Ed.
801 2925 857 2959 29.
883 2914 1125 2959 εὐφυεστάτως
1142 2913 1217 2959 τὴν]
1238 2914 1474 2959 εὐφυεστάτην
1494 2914 1535 2947 Β.
1600 2912 1760 2960 ἀργύροις
1779 2912 1821 2947 Β.
1839 2912 1944 2958 ἀργυ-

350 2959 435 3004 ρίοις
454 2959 520 2993 Ed.
