2084 3317
146 141 200 183 vi.
220 142 287 183 66.
357 142 432 183 IN
474 142 515 182 S.
551 140 886 183 JOANNEM.
949 138 1072 179 LIB.
1107 137 1185 177 IV.
1248 136 1382 177 CAP.
1418 135 1504 176 III.
1646 135 1728 174 557

144 250 262 318 ε”χεις
295 253 370 303 καὶ
404 250 572 302 τούτου
606 250 689 302 τὸν
725 250 874 302 τύπον
899 252 947 301 ἐν
978 249 1295 317 ἀρχαιοτέροις
1330 245 1726 313 συγγράμμασιν.

145 331 288 399 ὅνπερ
328 332 422 399 γὰρ
464 332 641 395 τρόπον
679 337 774 384 τοῖς
816 330 936 382 κατὰ
981 329 1066 395 τὴν
1104 329 1278 396 ε”ρημον
1316 327 1620 392 ἀπιστήσασι
1665 329 1733 395 τῷ

146 417 267 483 Θεῷ,
299 413 353 465 τὸ
388 417 619 465 εἰσελθεῖν
649 418 711 468 εἷς
749 412 836 478 τὴν
868 416 960 479 γῆν
992 415 1075 476 τῆς
1112 411 1398 477 ἐπαγγελίας
1437 410 1490 460 οὐ
1528 408 1728 469 δέδοται,

143 496 266 546 οὕτω
293 498 368 546 καὶ
394 500 490 550 τοῖς
516 494 591 547 διὰ
622 498 706 559 τῆς
739 496 974 548 ἀπειθείας
1008 492 1286 559 ἀτιμάζουσι
1319 490 1402 543 τὸν
1430 489 1620 556 Κύριον,
1647 490 1730 539 οὑκ

101 587 123 626 5
144 576 281 642 ἐδόθη
316 575 371 629 τὸ
407 581 639 629 εἰσελθεῖν
665 581 727 631 εἰς
764 577 850 641 τὴν
881 583 975 628 τῶν
1005 577 1215 642 οὐρανῶν
1240 574 1509 636 βασιλείαν,
1534 571 1588 636 ῆς
1622 570 1680 635 ῆν
1704 571 1730 621 ὁ

143 657 289 713 τύπος
327 662 411 723 τῆς
450 660 735 725 ἐπαγγελίας
774 658 803 722 ἡ
843 662 922 724 γῆ.
993 661 1069 708 καὶ
1109 658 1192 708 οὐκ
1230 664 1258 686 “
1285 656 1442 709 ἀδικος
1480 655 1505 705 ὁ
1545 652 1667 708 Θεος
1706 654 1811 730 ὁὶ)5
1796 647 1889 679 Rom
1908 647 1954 678 iii.

897 739 909 756 Ι
960 740 984 757 ⁵)

144 741 481 836 “ε’πιφε’ρων”
458 740 646 809 εκάστω
680 739 766 804 τὴν
792 741 954 806 ὀργην·
1026 739 1201 793 δικαιος
1225 737 1319 804 γὰρ
1343 736 1408 788 ὧν
1434 734 1554 787 κατὰ
1580 733 1730 804 φύσιν

144 822 261 888 ὁριεῖ
280 821 469 876 πάντως
494 821 628 888 ὀρθὰ,
651 844 726 872 και
752 821 806 872 τὸ
832 825 999 872 οικεῖον
1018 822 1268 872 ἀπευθυνεῖ
1290 823 1432 884 κρῖμα
1458 816 1733 883 πρεπόντως

140 906 201 970 τῇ
228 905 320 972 ἰδίᾳ
346 903 503 973 φύσει,
532 902 620 954 κᾶν
644 902 709 967 μὴ
745 907 928 966 νοοῖμεν
954 902 1084 953 αὐτοὶ
1118 904 1202 965 τῆς
1238 899 1354 967 ὑπὲρ
1391 900 1511 964 ἡμᾶς
1545 902 1727 949 οἰκονο-

75 1009 123 1035 10
142 984 251 1048 μίας
276 984 361 1049 τὴν
386 983 508 1036 ὀδόν.

216 1068 482 1133 Χρησίμως
507 1065 658 1132 γεμὴν
683 1067 708 1117 ὁ
734 1065 962 1132 μακάριος
989 1062 1355 1131 Εὐαγγελιστὴς
1387 1061 1544 1114 πάντα
1581 1063 1734 1130 φησὶν

142 1146 305 1198 εἰδέναι
348 1146 431 1199 τὸν
468 1149 672 1213 Ἰησοῦν,
712 1150 786 1199 καὶ
833 1149 916 1200 οὐκ
960 1149 1196 1213 ἀγνοῆσαι
1234 1145 1383 1198 πάλιν
1422 1147 1529 1199 τίνες
1569 1142 1656 1208 μὲν
1697 1151 1731 1195 οἱ

142 1228 415 1294 ἀπειθήσειν
454 1230 728 1294 μέλλοντες,
771 1234 837 1286 τίς
882 1230 930 1281 δὲ
975 1236 992 1282 ὁ
1034 1232 1117 1293 τῆς
1159 1233 1221 1283 εἱς
1262 1227 1402 1278 αὐτὸν
1446 1227 1731 1286 δυσσεβείας

143 1311 392 1377 ὑπουργὸς,
417 1312 492 1363 ἵνα
517 1311 665 1364 πάλιν
692 1315 852 1377 νοῆται
879 1311 1015 1375 Θεὸς,
1041 1313 1103 1365 ὡς
1129 1317 1157 1341 “
1177 1310 1308 1365 εἰδὼς
1342 1308 1400 1361 τά
1431 1306 1588 1360 πάντα
1619 1309 1731 1375 πρὶν
1793 1310 1917 1392 guiffiz

554 1398 574 1408 Α
628 1395 652 1411 ’2

143 1399 170 1422 ‘⁶
197 1393 422 1460 γενέσεως
453 1395 623 1446 αὐτων.

1749 1512 1770 1539 ο

137 1579 216 1622 Ἐκ
254 1581 407 1624 τούτου
444 1581 600 1625 Πολλοὶ
637 1582 723 1624 τῶν
755 1582 959 1632 μαθΗτών
992 1582 1120 1623 αὑτοῦ
1159 1580 1356 1622 ἀπῆλθον
1391 1578 1451 1621 εἰς
1489 1579 1539 1621 τὰ
1579 1578 1731 1630 ὀπίσω,
1753 1590 1803 1626 66

500 1665 564 1708 καὶ
603 1667 746 1708 οὐκέτι
782 1666 866 1715 μετ’
911 1666 1041 1708 αὐτοῦ
1080 1665 1380 1722 Περιεπάτουν.

218 1781 417 1848 Σκληρά
452 1804 553 1835 πως
587 1783 690 1832 ἐστὶ
724 1785 821 1834 τοῖς
855 1780 1098 1833 ἀσυνέτοις
1133 1780 1203 1829 ἀεὶ
1237 1778 1298 1829 τὰ
1333 1775 1483 1846 σοφὰ,
1510 1778 1585 1827 καὶ
1619 1775 1734 1842 ὅπερ

142 1862 201 1914 ἂν
227 1864 380 1928 οἴηταί
401 1887 470 1917 τις
496 1865 572 1915 καὶ
600 1864 653 1914 οὐ
678 1863 875 1929 μετρίως
901 1861 1090 1926 ὀνήσειν
1116 1859 1297 1922 αὐτοὺς,
1324 1866 1464 1911 τοῦτο
1495 1856 1735 1911 πολλάκις

76 1970 125 1995 20
144 1946 307 2011 ὁρᾶται
353 1948 428 1997 καὶ
472 1945 726 2013 ἐπιζήμιον.
799 1944 943 2010 ὅνπερ
987 1942 1080 2010 γὰρ
1124 1941 1303 2009 τρόπον
1346 1946 1442 1995 τοῖς
1486 1939 1573 2005 τὴν
1617 1939 1734 2006 ὄψιν

143 2029 352 2093 ἀλγοῦσι
377 2027 464 2092 τὴν
490 2025 767 2091 σωματικὴν
792 2024 991 2094 μάχεται
1016 2024 1102 2089 μὲν
1127 2031 1210 2076 τοῦ
1246 2024 1383 2088 ἡλίου
1416 2023 1470 2074 τὸ
1503 2026 1621 2091 φῶς,
1647 2019 1735 2086 ἡδὺ

144 2109 200 2160 δέ
218 2132 318 2163 πως
353 2111 455 2161 ἐστὶ
490 2108 544 2161 τὸ
580 2108 845 2178 ἀφεγγέσιν
870 2106 1263 2174 ἐγκαθιδρύεσθαι
1290 2103 1466 2168 τόποις,
1493 2105 1614 2155 οὕτω
1638 2107 1733 2157 τοῖς
1753 2113 1782 2154 d

144 2196 345 2242 νοσοῦσι
379 2191 439 2242 τὰ
473 2190 593 2242 κατὰ
626 2190 709 2242 τὸν
741 2196 865 2253 νοῦν,
892 2191 1075 2258 ἀπεχθῆ
1111 2212 1197 2253 μεν
1226 2192 1323 2239 τῶν
1354 2185 1646 2252 μαθημάτων
1676 2184 1735 2236 τὰ

143 2272 558 2340 περισκελεστερα,
592 2276 667 2324 καὶ
705 2296 765 2324 τα
804 2272 1097 2339 δυσευρέτοις
1134 2271 1329 2324 ἐννοίαις
1364 2266 1732 2331 ε’πεσκιασμενα,

78 2368 126 2407 25
144 2355 497 2422 βδελυρώτατα,
536 2355 624 2407 κᾶν
667 2353 795 2407 πολὺ
840 2354 894 2406 τὸ
944 2353 1189 2422 ὠφέλιμον
1234 2352 1344 2420 ἐχοι,
1389 2352 1642 2419 προσφιλῆ
1687 2348 1735 2400 δὲ

145 2442 336 2502 μᾶλλον
368 2437 428 2489 τὰ
464 2460 608 2504 μικρα
645 2460 721 2488 και
759 2436 933 2501 ἡδιονα,
969 2435 1057 2487 κᾶν
1089 2434 1233 2500 μηδεν
1267 2434 1375 2485 ἐσθ’
1404 2432 1480 2484 ὅτε
1515 2434 1735 2499 περιποιῇ

146 2520 200 2572 τὸ
232 2519 495 2573 λυσιτελές.
547 2517 578 2583 ἢ
612 2518 706 2585 γὰρ
741 2519 824 2569 οὐκ
858 2520 908 2569 ἐκ
944 2522 1038 2569 τῶν
1065 2517 1382 2584 προκειμένων
1407 2513 1461 2566 τὸ
1495 2513 1736 2580 εἰρημένον

147 2601 320 2667 ἀληθὲς
354 2599 407 2652 ὃν
438 2600 728 2668 εὑρήσομεν;
773 2598 827 2651 τὸ
863 2604 987 2651 θεῖον
1019 2601 1095 2650 καὶ
1127 2597 1252 2664 μέγα
1286 2595 1548 2663 μυστήριον
1574 2617 1730 2662 παρα-

199 2765 229 2788 1.
256 2750 503 2798 ἀρχαιοτέροις]
522 2751 643 2797 ἀρχαῖς
661 2752 704 2786 B.
887 2764 921 2794 4.
948 2751 1072 2796 Κύριον
1092 2750 1133 2784 Β.
1152 2749 1303 2794 Χριστὸν
1321 2747 1388 2782 Ed.
1580 2745 1613 2779 6.
1640 2747 1658 2778 ὁ
1676 2746 1735 2779 alt.

149 2805 374 2844 assumptum
391 2811 432 2833 ex
452 2799 494 2834 B.
615 2808 646 2843 7.
672 2799 717 2833 ὢν
734 2810 804 2833 om.
826 2798 867 2832 B.
980 2799 1013 2832 8.
1040 2796 1157 2855 κριμιι]
1177 2797 1215 2830 τὸ
1234 2798 1334 2840 κρῖμα
1355 2794 1395 2829 Β.
1509 2804 1541 2837 9.
1569 2807 1675 2836 νωμεν
1695 2792 1736 2826 Β.

154 2859 207 2892 19.
234 2848 287 2880 καὶ
305 2851 526 2891 assumptum
545 2857 586 2879 ex
608 2845 649 2879 B.
794 2856 848 2880 20.
875 2846 1001 2888 τρόπον
1017 2845 1082 2899 γὰρ
1100 2854 1239 2877 mverso
1257 2841 1427 2877 ordineB
1598 2849 1653 2872 22.
1680 2838 1734 2883 τὸ]

150 2896 219 2929 τοῖς
239 2893 280 2928 Β.
450 2903 505 2936 24.
533 2893 573 2926 τὰ
591 2890 824 2938 δισευρέτοις]
844 2893 914 2927 ταῖς
932 2889 1151 2934 δυσευρήτοις
1171 2889 1211 2923 B.
1384 2887 1438 2921 26.
1466 2900 1543 2931 περι
1561 2897 1624 2931 pro
1641 2899 1736 2930 περι-

150 2943 228 2985 ποιῇ
246 2941 284 2975 τὸ
305 2941 346 2975 Β.
