2021 3296
110 144 136 184 i.
154 157 194 195 4.
358 142 431 183 IN
473 141 516 182 S.
549 139 883 181 JOANNEM.
946 138 1071 179 LIB.
1106 138 1141 178 Ι.
1203 138 1338 179 CAP.
1371 137 1451 180 VI.
1644 138 1698 179 77

109 253 335 316 μηδαμῶς
372 253 434 304 εἷς
473 255 613 301 τοῦτο
653 254 736 300 τοῦ
774 247 1064 312 ποιήσαντος
1104 249 1246 298 Θεοῦ.
1317 244 1450 297 οὐδὲν
1488 245 1570 296 οὖν
1610 243 1702 310 ἄρα

109 331 164 384 τὸ
213 336 380 384 πλεῖον
429 333 478 382 ἐν
522 334 632 400 Θεῷ
679 329 810 397 παρὰ
860 327 946 393 τὴν
990 329 1161 380 κτίσιν.
1241 329 1420 394 ἐνεργεῖ
1466 326 1561 393 γὰρ
1615 326 1704 393 οὐχ

108 415 270 479 ἧττον,
311 412 339 478 ἢ
383 415 446 468 ὡς
483 411 541 464 ἂν
576 413 767 477 δύνηται
809 409 944 465 Θεός.
1013 409 1143 461 ἀλλα
1186 415 1325 461 τοῦτο
1366 409 1561 461 ατοπον·
1619 408 1703 458 οὐκ

109 497 201 562 ἄρα
235 493 430 560 γενητὸς
469 495 493 545 ὃ
530 493 657 558 Υἱὸς,
692 493 814 548 Θεὸς
849 491 898 545 δὲ
932 496 1141 557 μᾶλλον,
1173 515 1248 544 και
1288 490 1364 542 διὰ
1403 495 1541 542 τοῦτο
1583 488 1704 541 κατὰ

68 594 90 631 5
111 576 260 646 φύσιν
294 578 370 628 καὶ
405 575 513 643 ζωή.

183 679 315 708 ΑΛΛΟ.
355 658 458 723 Τὴν
485 658 612 710 θείαν
639 658 977 725 ὑπερθαυμάζει
1004 656 1167 726 φύσιν,
1190 658 1266 707 καὶ
1292 653 1426 720 μάλα
1451 655 1653 717 εἰκότως,
1677 655 1702 705 ὁ

110 740 391 811 ψαλμωδὸς,
425 764 499 791 και
539 739 596 804 δὴ
634 742 711 790 καὶ
749 741 935 809 ἀξίωμα
975 738 1240 791 κάλλιστον
1272 738 1552 801 ἀνατίθησιν
1584 737 1742 804 αὐτῇο

110 823 266 890 λεγων
298 830 324 853 “
343 822 459 874 Οτι
496 821 627 888 παρὰ
660 845 739 872 σοι
772 822 903 888 πηγὴ
940 821 1073 887 ζωῆς.
1078 822 1101 837 ”
1156 820 1266 870 ἀλλ’
1296 820 1424 885 εἴπερ
1460 819 1702 883 ὑπεστησε
1765 828 1866 901 ΞΠ
1879 879 1917 901 10

109 905 193 956 τὸν
219 904 382 956 Υἱὸν
363 927 387 954 ο
426 903 609 970 Πατὴρ,
635 927 711 954 και
747 905 829 955 οῦκ
865 906 915 955 ἐκ
949 906 1032 967 τῆς
1067 902 1233 955 οὐσίας
1270 901 1364 968 ἔχει
1398 904 1482 965 τῆς
1516 901 1701 963 ἑαυτοῦ,
1920 892 1928 900 0

45 1013 92 1038 10
110 987 324 1054 ζωοποιεῖ
346 985 394 1037 δε
420 988 496 1037 καὶ
527 988 675 1040 οὕτως
710 1009 830 1053 εχων
855 985 915 1036 τὰ
949 983 1124 1052 γενητὰ
1160 1007 1236 1035 και
1271 981 1362 1048 ζωὴ
1401 980 1522 1033 κατὰ
1556 981 1706 1050 φύσιν

111 1071 242 1121 ἐστὶν
269 1070 331 1122 ὡς
366 1066 607 1135 ζωοποιὸς,
637 1069 686 1118 τί
716 1067 870 1132 μάτην
902 1069 927 1119 ὁ
961 1065 1229 1136 ψαλμῳδὸς
1268 1065 1540 1116 διατείνεται
1575 1062 1706 1129 παρὰ

110 1150 239 1220 μόνῳ
284 1154 351 1220 τῷ
394 1154 501 1219 Θεῷ
541 1148 700 1216 πηγὴν
738 1149 855 1216 ζωῆς
900 1147 1015 1200 εἶναι
1060 1148 1247 1213 λέγων,
1306 1146 1563 1214 ἐπιδέχεται
1612 1144 1706 1212 γὰρ

111 1231 224 1283 αὐτὸ
252 1234 327 1283 καὶ
354 1232 381 1296 ἡ
407 1236 503 1282 τῶν
528 1235 738 1297 γενητῶν
764 1232 924 1301 φύσις,
952 1234 990 1282 εἰ
1026 1229 1251 1296 ζωοποιεῖ,
1281 1228 1430 1280 καίτοι
1465 1231 1548 1292 τῆς
1582 1227 1707 1281 θείας

116 1315 200 1365 οὐκ
249 1312 474 1381 ὑπάρχων
518 1314 683 1368 οὐσίας
735 1314 760 1364 ὁ
805 1312 919 1367 Υἱὸς
971 1312 1092 1364 κατὰ
1135 1311 1222 1377 τὴν
1267 1316 1407 1362 τινῶν
1452 1311 1703 1373 ἀβουλίαν.

47 1412 93 1451 15
113 1394 244 1447 ἀλλὰ
283 1401 422 1447 τοῦτο
468 1395 664 1447 ἄτοπον·
725 1396 893 1446 οὐκοῦν
932 1394 1022 1461 ζωὴ
1062 1393 1182 1446 κατὰ
1221 1393 1374 1463 φύσιν
1413 1393 1438 1443 ὁ
1476 1392 1606 1455 Υἱὸς,
1646 1394 1708 1446 ὡς

113 1476 234 1532 Θεὸς
268 1479 318 1529 ἐκ
349 1481 488 1540 Θεοῦ,
516 1480 591 1528 καὶ
623 1476 713 1544 ζωὴ
747 1479 797 1528 ἐκ
833 1477 965 1544 ζωῆς.
1726 1483 1754 1524 (1

186 1580 319 1611 AAAO.
360 1563 418 1611 Εὶ
453 1557 544 1626 ζωὴ
581 1557 701 1610 κατὰ
735 1558 886 1627 φύσιν
918 1556 1143 1626 ὑπάρχων
1177 1557 1200 1608 ὁ
1227 1555 1342 1610 Υἱὸς
1376 1555 1570 1623 γενητός
1605 1557 1709 1607 ἐστι

112 1645 188 1694 καὶ
214 1642 540 1706 πεποιημένος,
566 1639 646 1692 ἅτε
674 1639 730 1705 δὴ
758 1639 811 1692 τὸ
838 1642 887 1691 ἐκ
913 1643 996 1704 τῆς
1023 1641 1188 1694 οὐσίας
1220 1638 1335 1690 εἶναι
1366 1644 1449 1690 τοῦ
1476 1642 1601 1689 Θεοῦ
1634 1639 1710 1688 καὶ

114 1725 306 1792 Πατρὸς
333 1726 416 1775 οὐκ
443 1723 563 1791 ε”χων
590 1721 710 1773 κατὰ
736 1722 822 1787 τὴν
851 1723 1037 1774 ἐκείνων
1063 1721 1301 1784 ὑπόνοιαν,
1328 1719 1589 1789 ἐπιδέξεται
1614 1723 1710 1770 τῶν

45 1836 94 1861 20
113 1811 323 1874 γενητῶν
356 1806 383 1870 ἡ
419 1805 567 1874 φύσις
600 1803 655 1856 τὸ
691 1801 808 1855 εἶναι’
839 1826 888 1855 τε
924 1805 1000 1855 καὶ
1035 1807 1287 1854 καλεῖσθαι
1323 1802 1432 1869 ζωή·
1490 1802 1626 1853 ἔσται
1661 1799 1711 1851 δὲ

112 1888 268 1941 πάντα
294 1886 385 1955 ζωὴ
424 1884 545 1938 κατά
580 1909 634 1952 γε
668 1885 751 1937 τὸν
778 1887 827 1937 ἐν
853 1885 1045 1950 δυνάμει
1072 1885 1234 1951 λόγον,
1263 1887 1339 1936 καὶ
1375 1888 1412 1936 εἶ
1448 1883 1590 1949 μήπω
1625 1883 1711 1947 τὴν

111 1977 195 2023 τοῦ
233 1969 516 2036 πράγματος
554 1967 787 2034 ἐνέργειαν
826 1968 936 2036 ἔχει·
989 1967 1044 2019 τὸ
1085 1966 1179 2033 γὰρ
1218 1967 1344 2020 ὅλως
1383 1964 1502 2017 εἷναί
1535 1989 1580 2017 τι
1617 1988 1706 2017 πε-

113 2052 278 2121 φυκὸς,
305 2051 373 2116 ε’ίη
400 2049 551 2115 δήπου
578 2048 767 2103 πάντως
793 2049 864 2113 ἂν,
893 2051 969 2101 καὶ
996 2052 1032 2100 εἶ
1060 2049 1203 2114 μήπω
1230 2048 1443 2116 γε’γονεν·
1485 2048 1579 2116 ἔχει
1616 2046 1710 2114 γὰρ
1727 2072 1749 2099 e

112 2136 161 2185 ἐν
186 2139 245 2201 τῇ
282 2133 427 2203 φύσει
461 2131 515 2184 τὸ
551 2131 800 2183 δύνασθαι.
857 2131 933 2183 ὅτε
968 2132 1126 2182 τοίνυν
1157 2130 1313 2182 κοινὸν
1343 2130 1428 2194 μὲν
1460 2135 1519 2199 τῇ
1559 2132 1710 2182 κτίσει

48 2239 95 2277 25
113 2215 167 2268 τὸ
194 2214 309 2267 εἶναι
335 2215 441 2281 ζωὴ,
468 2215 585 2265 ἰ’διον
612 2213 661 2265 δὲ
697 2216 772 2265 καὶ
807 2213 952 2278 μόνον
976 2213 1175 2277 οὐδενὸς,
1201 2214 1252 2265 τί
1280 2213 1435 2278 μάτην
1461 2214 1533 2282 ἐφ’
1562 2215 1710 2281 ἑαυτῷ

115 2297 340 2365 κομπάζει
384 2297 540 2363 λέγων
579 2297 604 2347 ὁ
643 2295 758 2351 Υἱός
800 2303 827 2326 “
852 2295 982 2362 Ἐγώ
1029 2300 1119 2359 εἶμι
1163 2296 1191 2359 ἡ
1236 2294 1327 2362 ζωή
1352 2296 1394 2357 ;”
1453 2297 1575 2363 χρῆν
1615 2293 1709 2360 γὰρ

115 2378 266 2444 δήπου
296 2384 487 2444 μᾶλλον
513 2383 657 2430 εἰπεῖν
680 2378 810 2445 Ἐγώ
845 2382 936 2442 εἰμι
970 2379 1075 2442 μεθ’
1106 2379 1235 2441 ὑμῶν
1262 2378 1289 2441 ἡ
1326 2376 1434 2444 ζωή.
1489 2381 1628 2427 τοῦτο
1663 2373 1711 2426 δὲ

1770 2296 1863 2328 Infra

1769 2342 1834 2372 xiv.
1855 2339 1885 2372 6.

115 2458 173 2525 ἦν
198 2483 299 2514 πως
324 2464 400 2511 καὶ
427 2461 764 2526 ἀληθέστερον,
793 2460 920 2526 εἴπερ
948 2459 1095 2512 ὅντως
1127 2459 1323 2524 γενητὸς
1355 2457 1580 2524 ὑπάρχων
1607 2459 1711 2508 ἐστὶ

116 2543 192 2592 καὶ
218 2540 324 2608 ζωή·
366 2541 522 2606 ἐπειδὴ
556 2540 618 2604 δὲ,
647 2543 709 2595 ὡς
744 2541 860 2593 ’ίδιον
886 2541 1068 2608 ἀγαθὸν
1093 2541 1243 2610 ἑαυτῷ
1277 2540 1545 2606 περιτίθησι
1580 2537 1710 2608 μόνῳ

48 2646 99 2682 30
117 2623 171 2675 τὸ
209 2621 324 2674 εἶναι
358 2623 462 2690 ζωὴ,
491 2627 636 2689 δῆλος
670 2622 728 2676 ἂν
755 2624 824 2689 εἴη
859 2622 1031 2675 λοιπὸν
1057 2623 1111 2674 οὐ
1145 2627 1242 2676 τοῖς
1277 2625 1489 2688 γενητοῖς
1523 2619 1708 2683 ἑαυτὸν,

166 2772 200 2809 5.
227 2763 280 2798 καὶ
297 2774 367 2797 om.
388 2763 430 2798 B.
637 2775 691 2799 10.
717 2764 815 2800 οὗτος
833 2764 880 2798 D.
884 2763 927 2798 Ε.
975 2763 1115 2816 γενητὰ
1134 2762 1180 2796 D.
1186 2761 1227 2795 E.
1246 2767 1280 2795 et
1298 2760 1347 2795 Sic
1365 2759 1505 2806 conjicit
1521 2759 1617 2794 Aub.
1633 2773 1710 2805 γεν-

119 2811 200 2854 νητὰ
219 2810 261 2844 Β.
280 2810 381 2853 νοητὰ
400 2809 467 2844 Ed.
666 2822 720 2846 12.
746 2811 810 2857 λεγ
813 2826 858 2845 ων
875 2807 957 2845 εἶναι
974 2822 1034 2843 mv
1037 2820 1114 2843 erso
1132 2808 1254 2842 ordine
1273 2807 1316 2841 B.
1512 2817 1565 2849 14.
1592 2806 1712 2842 οὐσίαι·

119 2862 344 2901 assumptum
360 2868 401 2891 ex
421 2856 464 2891 B.
666 2868 721 2892 20.
749 2859 780 2892 A
798 2858 863 2902 ζωὴ
881 2856 925 2891 ad
944 2858 1008 2900 ζωὴ
1026 2856 1178 2889 transilit
1198 2854 1239 2887 B.
1444 2863 1500 2889 22.
1525 2867 1557 2888 τι
1574 2864 1645 2887 om.
1668 2852 1710 2888 B.

121 2914 176 2947 23.
203 2904 336 2938 πάντως
352 2918 417 2938 που
435 2903 572 2937 inverso
590 2903 712 2939 ordine
731 2904 774 2940 B.
928 2912 984 2947 25.
1010 2903 1113 2945 μόνον
1131 2901 1173 2936 Β.
1191 2902 1300 2945 μόνως
1318 2899 1386 2935 Ed.
1541 2908 1596 2945 27.
1621 2900 1712 2944 ὑμῶν

121 2949 263 2985 Β.1).Ε.
282 2949 348 2984 Ed.
367 2962 438 2995 mg.
457 2948 549 2994 ἡμῶν
566 2949 634 2984 Ed.
826 2950 882 2985 28.
909 2949 984 2984 ἐστι
1003 2960 1073 2983 om.
1095 2947 1137 2982 B.
