2084 3317
189 148 247 191 iii.
267 165 335 208 33.
423 155 499 197 IN
540 158 581 200 s.
616 158 951 204 JOANNEM.
1014 165 1137 207 ΜΒ.
1174 168 1232 208 II.
1296 170 1428 212 CAP.
1465 173 1551 214 111.
1696 177 1780 217 249

187 257 218 323 ἢ
238 262 414 328 λεγε’τω
432 263 582 317 πάλιν
601 267 711 332 ἡμῖν
731 271 756 320 ὁ
783 272 839 322 δι’
860 273 1081 337 ἐναντίας,
1099 281 1200 331 πῶς
1227 279 1254 342 ἡ
1281 280 1380 330 θειά
1406 285 1594 344 τιμᾶται
1616 283 1776 351 φύσις,

187 343 250 396 ὡς
284 344 598 410 ἀληθεύουσα,
627 353 710 413 τῆς
745 358 829 404 τοῦ
865 357 1086 422 Σωτῆρος
1121 360 1253 423 ἡμῶν
1277 364 1534 428 μαρτυρίας
1568 368 1775 431 παραδε-

184 423 422 490 δεγμένης.
479 433 518 479 εὶ
551 429 645 497 γὰρ
682 431 807 487 ὅλως
842 436 926 487 οὐκ
959 437 1062 489 ε”στι
1099 441 1218 492 κατὰ
1253 443 1403 511 φύσιν
1431 444 1566 508 Θεὸς,
1593 448 1677 498 οὐκ
1712 452 1775 503 εἷς

182 503 269 568 τὴν
314 508 443 559 θείαν
485 512 736 578 εὐσεβήσει
787 516 937 585 φύσιν
988 521 1013 571 ὁ
1063 524 1314 587 πιστεύων,
1360 528 1422 580 ὡς
1473 529 1769 593 ἀληθεύοντι,

138 598 160 637 5
180 590 371 649 μᾶλλον
397 590 446 642 δὲ
472 596 535 647 εἰς
562 593 611 645 ἓν
636 601 731 648 τῶν
757 600 1031 664 κτισμάτων
1055 606 1155 656 κατ’
1184 607 1382 662 ἐκείνους
1407 608 1461 660 τὸ
1488 610 1768 665 κάλλιστον.
1790 634 1812 661 e

179 668 337 735 ἐπειδὴ
373 673 422 724 δὲ
457 681 541 726 τοῦ
576 679 821 742 ἀληθεύειν
851 682 880 746 ἡ
919 687 1087 753 ψῆφος
1119 691 1181 742 εἷς
1214 689 1339 740 Θεὸν
1370 692 1653 745 ἀνατείνεται
1686 720 1764 747 πι-

178 755 463 812 στευομένου
509 761 738 825 Χριστοῦ,
784 762 1029 830 πρόδηλον
1074 768 1226 833 δήπου
1274 772 1464 828 πάντως
1508 777 1654 840 ἐστὶν,
1699 778 1769 830 ὅτι

178 831 300 887 Θεὸς
328 836 566 906 ὑπάρχων,
589 842 642 892 οὐ
668 845 976 911 ψευδώνυμος
1003 850 1143 904 αὐτὸς
1167 852 1240 921 ἐφ’
1268 856 1416 925 ἑαυτῷ
1440 856 1526 921 τὴν
1553 858 1646 910 ἀπὸ
1673 866 1768 912 τῶν

174 918 524 972 συναινούντων
549 923 741 991 ἁρπάζει
766 927 919 992 τιμήν.

105 1013 154 1040 10
248 995 389 1049 Ἀλλ’
418 1002 472 1052 οὐ
497 1004 789 1070 συνθήσεται
815 1010 900 1073 μὲν
926 1012 1045 1063 κατὰ
1072 1013 1126 1065 τὸ
1153 1016 1272 1071 εἰκὸς
1299 1018 1479 1075 τούτοις
1510 1023 1644 1085 ἡμῶν
1670 1030 1766 1079 τοῖς

172 1075 335 1143 λόγοις
371 1082 396 1132 ὁ
432 1086 515 1148 τῆς
552 1088 777 1152 ἀληθείας
811 1093 991 1160 ἐχθρὸς,
1019 1097 1359 1165 ἀνασκιρτήσει
1394 1103 1442 1153 δὲ
1477 1103 1611 1170 με’γα,
1640 1107 1765 1158 Θεὸν

169 1156 284 1212 εἶναι
323 1164 442 1215 κατὰ
481 1167 631 1234 φύσιν
670 1172 724 1222 ού
761 1176 1140 1244 παραδεχόμενος
1179 1180 1262 1232 τὸν
1293 1184 1427 1235 Υὶόν·
1486 1188 1580 1252 ἐρεῖ
1616 1188 1664 1239 δὲ
1706 1190 1763 1254 δὴ

167 1240 316 1295 πάλιν
344 1249 660 1321 Κατασοφίζῃ
684 1255 767 1305 τὸν
791 1255 956 1323 λόγον,
983 1257 1021 1309 (5
1047 1262 1195 1326 οὗτος,
1222 1267 1297 1316 καὶ
1323 1268 1542 1337 στροφὰς
1568 1271 1762 1326 ἐπινοεῖς

166 1327 490 1381 πολυπλόκων
529 1335 858 1402 θεωρημάτων,
892 1341 978 1405 τὴν
1017 1344 1178 1409 ἁπλῆν
1216 1347 1395 1413 τρόπον
1432 1351 1537 1402 τινά
1574 1355 1649 1404 καὶ
1688 1356 1799 1404 εύ-ὶι
1837 1369 1916 1406 167
1932 1370 1985 1407 Α.

97 1418 144 1457 15
166 1409 294 1458 θεῖαν
332 1412 401 1461 ἀεὶ
441 1413 647 1468 διάνοιαν
684 1423 1069 1486 παραιτούμενος.
1127 1429 1282 1494 ἐπειδὴ
1330 1432 1424 1499 γὰρ
1467 1435 1524 1503 ἐξ
1559 1437 1758 1502 οὐρανοῦ

163 1492 487 1557 καταβέβηκεν
537 1497 562 1548 ὁ
613 1506 696 1551 τοῦ
742 1506 868 1555 Θεοῦ
914 1506 1074 1572 Λόγος
1119 1512 1373 1579 διαῤῥήδην
1416 1521 1546 1576 βοῶν
1592 1525 1618 1547 “
1645 1519 1754 1571 Ἀπ’
1817 1520 1960 1604 31νῇῗο

163 1576 191 1599 “
216 1572 417 1635 ἐμαυτοῦ
456 1578 509 1628 οὐ
547 1585 700 1645 λαλῶ,
732 1585 844 1636 ἀλλ’
885 1589 910 1637 ὁ
948 1589 1145 1658 πέμψας
1182 1616 1240 1657 με
1280 1595 1463 1661 Πατὴρ,
1496 1600 1635 1654 αὐτός
1673 1625 1754 1664 μοι
1815 1608 1871 1640 Χῑῑ·
1887 1619 1941 1649 49·

159 1658 188 1681 “
214 1655 412 1721 ἐντολὴν
431 1659 572 1712 ε”δωκε
597 1663 647 1714 τί
667 1664 780 1717 ε’ίπω
808 1671 882 1719 καὶ
909 1671 958 1721 τί
979 1673 1234 1738 λαλήσω,”
1263 1680 1337 1728 καὶ
1363 1679 1512 1731 πάλιν
1540 1689 1566 1711 “
1584 1682 1752 1735 Πάντα
1814 1684 1866 1766 {¹5⁸
1884 1697 1935 1717 xv.

160 1740 187 1764 ‘⁶
213 1733 244 1786 ἃ
282 1737 465 1801 ἤκουσα
502 1744 632 1810 παρὰ
672 1754 754 1798 τοῦ
789 1753 982 1817 Πατρὸς
1020 1756 1282 1822 ἀπαγγελῶ
1322 1761 1525 1826 ὑμῖν,”ἢ
1565 1767 1655 1826 καὶ,
1689 1768 1751 1820 ὡς

87 1838 138 1864 20
158 1818 296 1872 αὐτὸς
321 1822 370 1871 ἐν
395 1827 491 1877 τοῖς
517 1826 687 1896 ἐφεξῆς
724 1831 749 1880 ὁ
784 1829 916 1897 ἅγιος
942 1837 1281 1906 διεμαρτύρατο
1307 1845 1578 1910 βαπτιστής
1605 1854 1633 1876 “
1649 1846 1750 1898 ΑΟν
1813 1850 1947 1934 ξίξῖξῃμ

156 1905 183 1928 “
209 1900 303 1967 γὰρ
334 1905 613 1959 ἀπέστειλεν
640 1911 664 1961 ὁ
692 1912 814 1967 Θεὸς
848 1915 907 1966 τὰ
941 1917 1130 1984 ῥήματα
1164 1928 1247 1974 τοῦ
1273 1927 1398 1977 Θεοῦ
1432 1929 1617 1980 λαλεῖ·”
1672 1931 1748 1981 διὰ
1896 1926 1903 1934 ⁸

153 1987 293 2034 τοῦτο
333 1985 459 2052 λε’γει
499 1992 605 2057 περὶ
647 1994 790 2047 αὐτοῦ
827 1997 885 2049 ‘O
924 2001 1179 2069 λαμβάνων
1221 2009 1352 2058 αὐτοῦ
1397 2008 1466 2069 τὴν
1506 2015 1745 2083 μαρτυρίαν
1764 2023 1791 2064 b

152 2063 423 2133 ἐσφράγισεν
462 2071 522 2122 ὅτι
563 2079 581 2125 ὁ
622 2075 735 2132 Θεὸς
773 2078 937 2141 ἀληθής
975 2084 1106 2136 ἐστιν.
1172 2088 1355 2154 ἀληθὴς
1395 2091 1489 2158 γάρ
1534 2093 1678 2149 ὅντως
1721 2098 1745 2146 ὁ

152 2145 275 2201 Θεὸς
301 2152 376 2200 καὶ
407 2154 596 2220 Πατήρ·
638 2156 703 2209 σὺ
730 2158 779 2211 δὲ
805 2161 916 2225 ἡμῖν
941 2168 1004 2218 εἰς
1039 2165 1122 2218 τὸν
1149 2168 1266 2221 Υὶὸν
1288 2174 1582 2241 περιτρέπειν
1607 2184 1744 2248 πειρᾷ

80 2246 128 2284 25
149 2226 203 2277 τὸ
229 2229 369 2300 ἑτέρῳ
395 2237 796 2302 χρεωστούμενον.

222 2313 289 2362 Τί
317 2315 399 2365 οῦν
424 2316 544 2383 πρὸς
578 2327 727 2373 ταῦτα
762 2327 838 2376 καὶ
872 2329 983 2395 παρ’
1012 2330 1146 2394 ἡμῶν
1171 2334 1435 2401 εἰρήσεται,
1479 2337 1552 2406 ἀρ’
1580 2343 1661 2392 οὖν
1693 2345 1740 2394 ἐν

145 2392 413 2461 προφήταις
440 2399 550 2463 ἡμῖν
576 2402 601 2452 ὁ
631 2407 911 2473 Μονογενὴς
938 2413 1193 2482 τετάξεται,
1220 2417 1306 2482 τὴν
1330 2422 1596 2489 προφήταις
1627 2427 1738 2490 πρέ-

144 2495 336 2527 πουσαν
362 2480 599 2534 διακονίαν
625 2487 933 2556 ἀποπληρῶν,
960 2496 1036 2545 καὶ
1062 2496 1217 2563 ἕτερον
1242 2502 1314 2551 ἐπὶ
1339 2502 1489 2573 τούτῳ
1515 2505 1738 2570 πράττων

184 2555 194 2569 >
241 2556 254 2572 Ι

143 2558 305 2619 ουδεν;
353 2561 441 2612 τίνι
480 2563 574 2632 γὰρ
607 2572 702 2620 τῶν
733 2569 884 2624 ὅντων
917 2576 1001 2627 οὐκ
1039 2579 1381 2638 ἀνενδοιάστως
1418 2587 1731 2651 παραδεκτὸν,

186 2785 221 2819 3.
248 2776 307 2810 οὐκ
325 2778 399 2813 ἔστι
418 2782 500 2815 κατὰ
517 2783 626 2828 φύσιν
643 2786 710 2822 hoc
727 2790 850 2826 ordine
869 2792 911 2828 B.
1081 2798 1113 2832 8.
1141 2799 1321 2845 ιῖπότομων
1338 2802 1418 2847 (Sic)
1438 2816 1500 2849 pro
1517 2805 1583 2839 ἀπὸ
1601 2811 1667 2842 τῶν
1688 2809 1728 2843 Β.

142 2831 195 2854 10.
222 2821 313 2865 ἡμῶν
333 2824 412 2860 B.D
432 2834 470 2862 ut
488 2830 558 2865 vid.
579 2831 655 2875 ἡμῖν
674 2835 739 2870 Ed.
902 2850 953 2885 15.
981 2842 1017 2876 δέ
1036 2855 1098 2887 pro
1116 2847 1182 2890 γὰρ
1206 2846 1247 2881 Β.
1400 2851 1452 2884 16.
1477 2855 1569 2892 βοῶν
1590 2854 1630 2888 Β.
1649 2855 1728 2889 «ἶνα-

137 2869 230 2908 βοῶν
249 2869 315 2904 Ed.
497 2877 549 2911 18.
574 2879 696 2915 ἔδωκεν
717 2883 756 2917 Β.
776 2885 820 2919 cf.
839 2886 872 2919 ἰη
893 2889 937 2921 xii
959 2888 1089 2933 l'roph.
1110 2894 1153 2936 98
1173 2905 1202 2931 c,
1221 2895 1290 2938 830
1308 2907 1339 2937 a,
1359 2896 1427 2940 850
1445 2898 1479 2932 (l.
1498 2899 1640 2935 δέδωκεν
1663 2903 1725 2936 Ed.

142 2925 194 2959 19.
221 2916 422 2965 ἀπαγγελῶ]
445 2922 497 2956 Of.
517 2923 550 2957 in
571 2926 614 2959 xii
636 2927 761 2973 Proph.
780 2933 822 2965 62
844 2933 876 2967 b.
932 2935 949 2976 ἢ
973 2936 1061 2971 Β.Ι).
1080 2938 1109 2971 εἰ
1130 2939 1194 2973 Ed.
1251 2941 1294 2975 ὡς
1312 2954 1381 2977 om.
1406 2945 1444 2978 Β.
1544 2958 1598 2991 23.
1625 2948 1728 2986 ὅντως

138 2960 180 2995 Β.
199 2962 294 2997 ἐστιν
314 2965 379 3000 Ed.
526 2971 579 3005 26.
605 2974 670 3019 γὰρ
690 2988 751 3019 pro
768 2979 845 3023 παρ’
867 2980 908 3015 Β.
1055 2995 1108 3028 29.
1135 2987 1193 3019 οὐκ
1212 2999 1280 3022 0111.
1302 2989 1344 3024 B.

195 3028 284 3058 von.
309 3032 335 3060 1.
893 3048 916 3074 Κ
944 3036 965 3075 l<
