2084 3317
155 172 209 212 iv.
232 185 297 214 22.
404 172 475 211 IN
520 172 561 212 S.
596 170 931 211 JOANNEM.
996 170 1118 210 LIB.
1156 170 1213 209 II.
1277 170 1409 210 CAP.
1446 171 1496 209 V.
1665 172 1747 212 277

157 279 347 345 γέγονεν
374 280 633 345 ἄνθρωπος,
662 279 925 345 ἀποσώζων
958 278 1004 329 δὲ
1041 282 1260 345 πανταχῆ
1298 281 1379 340 τῆς
1415 278 1531 341 μετὰ
1569 279 1746 342 σαρκὸς

158 362 418 425 οἰκονομίας
444 362 526 411 τὸν
553 361 715 426 λόγον.

235 443 341 494 Κᾶν
381 441 596 508 μεγαλην
636 443 734 510 ἰ’δῃς
780 446 854 493 καὶ
902 444 1118 510 ὑπερφυᾶ
1163 442 1247 506 τὴν
1288 465 1586 505 ταπεινωσιν,
1625 447 1741 493 θαυ·
1764 465 1785 491 e

157 524 343 589 μαστὴς
382 526 612 591 εἰσερχου,
644 524 708 589 μὴ
749 523 1022 591 κατήγορος,
1053 523 1117 587 μὴ
1158 524 1520 591 φιλεγκλήμων,
1554 529 1746 587 μᾶλλον

116 606 206 659 ὅδὲ
245 607 464 672 μιμητής.
536 606 771 660 τοιούτους
811 608 836 656 ὁ
878 610 1073 659 Παῦλος
1112 607 1232 670 ἡμᾶς
1277 608 1478 672 ὁρᾶσθαι
1521 607 1744 664 βούλεται

156 689 313 754 λε’γων
349 696 375 717 “
404 693 561 740 Τοῦτο
597 693 811 757 φρονεῖτε
852 688 1051 742 ἕκαστος
1090 689 1138 738 ἐν
1179 691 1287 750 ὑμῖν
1325 690 1479 742 αὐτοῖς
1519 688 1544 740 ὃ
1584 691 1658 739 καὶ
1697 692 1745 740 ἐν

159 778 184 799 “
211 775 411 840 Χριστῷ
436 769 613 834 Ἰησοῦ,
631 769 679 824 ὃς
707 772 755 820 ἐν
782 773 945 838 μορφῇ
974 773 1099 820 Θεοῦ
1126 769 1351 837 ὑπάρχων
1377 773 1463 838 οὐχ
1490 771 1746 837 ἁρπαγμὸν

157 860 184 882 “
210 854 428 919 ἡγήσατο
465 853 518 903 τὸ
560 851 673 903 εἶναι
713 852 796 902 ἰ’σα
830 856 953 921 Θεῷ,
983 853 1092 902 ἀλλ’
1123 852 1288 903 ἑαυτὸν
1322 853 1519 904 ε’κένωσε
1555 853 1747 922 μορφὴν

156 944 183 964 “
211 935 384 986 δούλου
435 934 616 996 λαβὼν,
664 937 712 984 ἐν
759 934 1015 997 ὁμοιώματι
1060 935 1324 1000 ἀνθρώπων
1369 935 1631 1000 γενόμενος,
1673 939 1747 987 καὶ

156 1024 183 1046 “
210 1017 424 1085 σχήματι
450 1019 646 1084 εὑρεθεὶς
674 1019 734 1070 ὡς
762 1016 1009 1082 ἅνθρωπος
1040 1017 1353 1067 ἐταπείνωσεν
1378 1016 1582 1069 ἑαυτόν.”
1635 1019 1748 1087 ὁρᾷς

155 1098 283 1153 ὅπως
321 1099 761 1164 ταπεινοφροσύνης
801 1098 1062 1163 ὑπόδειγμα
1100 1097 1296 1164 γέγονεν
1335 1100 1445 1163 ἡμῖν
1483 1100 1508 1150 ὁ
1547 1099 1662 1154 Υἱὸς
1700 1103 1747 1150 ἐν

155 1180 340 1246 ἰσότητι
379 1180 464 1244 μὲν
497 1179 723 1248 ὑπάρχων
757 1186 840 1231 τοῦ
877 1179 1066 1246 Πατρὸς
1106 1182 1181 1231 καὶ
1219 1182 1268 1231 ἐν
1299 1185 1477 1250 μορφῇ,
1505 1181 1626 1233 καθὰ
1663 1183 1744 1248 γε’-

155 1282 380 1329 γραπται·
425 1262 762 1327 καταβεβηκὼς
790 1261 839 1312 δὲ
867 1263 921 1312 δι’
949 1263 1069 1326 ἡμᾶς
1100 1266 1163 1315 εἰς
1193 1263 1409 1314 ἑκούσιον
1436 1264 1646 1328 ὑπακοὴν
1674 1269 1748 1316 καὶ

155 1344 473 1408 ταπείνωσιν;
522 1349 623 1398 πῶς
659 1345 740 1395 οὖν
772 1345 862 1410 ἄρα
899 1343 953 1394 τὸ
990 1347 1072 1408 τῆς
1107 1346 1328 1409 ὑπακοῆς,
1358 1350 1460 1400 πῶς
1494 1345 1541 1397 δὲ
1577 1345 1630 1398 τὸ
1667 1351 1748 1411 τῆς

92 1445 138 1483 15
157 1428 481 1481 ταπεινώσεως
521 1427 608 1478 ἔδει
648 1428 902 1496 φαίνεσθαι
942 1430 1123 1496 σχῆμα,
1153 1425 1183 1491 ἢ
1219 1426 1439 1492 δηλονότι
1475 1427 1551 1480 διὰ
1585 1452 1743 1494 πραγ-

156 1507 318 1572 μάτων
350 1512 424 1559 καῖ
461 1509 620 1574 λόγων
653 1512 735 1572 τῆς
774 1514 1060 1575 θεοπρεποῦς
1092 1510 1227 1577 ἀξιας
1264 1511 1644 1574 ὑποβεβηκότων,
1674 1515 1749 1562 καὶ

156 1591 283 1642 πολὺ
318 1590 372 1642 τὸ
411 1590 611 1642 ἐ’λαττον
638 1591 842 1658 ἐχόντων
868 1590 895 1655 ὴ
933 1594 980 1641 ἐν
1012 1590 1182 1658 οἷσπερ
1218 1591 1275 1656 ἧν
1310 1616 1486 1658 γυμνος
1521 1593 1586 1644 ἐτι
1620 1595 1749 1662 παρὰ

160 1676 315 1740 Πατρι
338 1673 508 1739 Λογος,
536 1676 611 1723 καὶ
639 1674 952 1735 ἀσύμπλοκος
980 1677 1061 1736 τῆς
1086 1679 1169 1724 τοῦ
1196 1673 1369 1725 δούλου
1395 1679 1612 1743 μορφῆς·
1602 1717 1613 1739 ,
1656 1683 1749 1728 ποῦ

1808 692 1893 723 Phil.
1915 692 1946 722 ii.

1766 1127 1787 1149 a
1819 1117 1899 1150 186
1918 1116 1967 1149 A.

156 1754 251 1821 γὰρ
287 1755 411 1809 ὅλως
447 1755 589 1806 αὑτὸν
621 1756 991 1820 καταβεβηκέναι
1027 1755 1260 1823 φήσομεν,
1288 1760 1324 1806 εἰ
1363 1757 1428 1821 μή
1463 1781 1507 1808 τι
1542 1761 1617 1809 καὶ
1655 1764 1748 1810 τῶν
1768 1770 1794 1809 b

89 1862 139 1887 20
156 1838 267 1904 παρ’
295 1836 434 1906 ἀξίαν
461 1840 702 1900 ὑπομεῖναι
731 1838 977 1900 δώσομεν,
1024 1838 1186 1903 γέγονε
1213 1837 1261 1889 δὲ
1287 1843 1388 1893 πῶς
1414 1841 1462 1890 ἐν
1488 1841 1750 1907 ἀνθρώπων

157 1921 416 1983 ὁμοιώματι
442 1919 561 1971 κατὰ
587 1918 672 1984 τὴν
698 1926 780 1971 τοῦ
811 1920 1013 1971 Παύλου
1041 1919 1218 1987 φωνὴν,
1245 1924 1281 1971 εὶ
1309 1921 1374 1986 μὴ
1401 1921 1454 1972 τὸ
1487 1923 1751 1990 ἀνθρώποις

156 2003 338 2068 πρέπον
365 2002 631 2067 ἐμιμήσατο
653 2025 662 2061 ;
705 2007 904 2068 πρᾶγμα
933 2002 980 2052 δὲ
1008 2002 1272 2069 ἀνθρώποις
1297 2005 1698 2070 πρεπωδέστατον
1724 2006 1750 2071 ἡ

157 2085 498 2150 προσκύνησις,
535 2087 596 2137 ὡς
639 2087 686 2135 ἐν
726 2085 1007 2151 ὀφλήματος
1046 2085 1176 2153 τάξει
1216 2086 1549 2151 κατατιθεμένη
1587 2111 1637 2139 τε
1676 2091 1750 2140 καὶ

158 2167 499 2233 προσαγομένη
525 2166 643 2232 πρὸς
670 2167 801 2231 ἡμῶν
828 2170 894 2236 τῷ
920 2170 1044 2236 Θεῷ.
1100 2169 1266 2219 οὐκοῦν
1291 2174 1555 2234 προσκυνεῖ
1578 2169 1663 2233 μὲν
1691 2173 1751 2223 ὡς

89 2265 137 2303 25
158 2249 418 2315 ἄνθρωπος,
445 2249 519 2300 ὅτε
554 2249 747 2314 γέγονεν
778 2249 1040 2315 ἅνθρωπος,
1073 2256 1406 2315 προσκυνεῖται
1446 2251 1493 2302 δὲ
1528 2254 1596 2303 ἀεὶ
1633 2252 1751 2317 μετὰ

160 2330 364 2397 Πατρὸς,
403 2333 499 2382 ἐπεὶ
539 2330 660 2385 Θεὸς
698 2330 757 2396 ἦν
794 2331 902 2382 ἐστι’
937 2354 986 2382 τε
1025 2335 1099 2383 καὶ
1141 2331 1276 2385 ἔσται
1321 2333 1442 2385 κατὰ
1486 2333 1636 2402 φύσιν
1676 2338 1791 2386 acaia

159 2413 394 2475 ἀληθινός.

233 2495 375 2545 Ἀλλ’
404 2496 487 2544 οὐκ
520 2495 732 2564 ἀνέξεται
766 2494 914 2547 πάλιν
943 2496 967 2546 ὁ
1000 2496 1054 2545 δι’
1085 2496 1309 2559 ἐναντίας,
1336 2499 1480 2550 ἐκεῖνο
1517 2497 1564 2550 δὲ
1599 2499 1753 2565 λέγων

159 2576 569 2640 ἀνταναστήσεται
598 2576 684 2640 Μὴ
710 2577 888 2646 ξενίζου
914 2583 1200 2643 προσκυνεῖν
1226 2579 1302 2630 ὅτε
1329 2580 1487 2649 φαμὲν
1512 2581 1594 2632 τὸν
1621 2581 1750 2632 Υὶόν·

209 2737 241 2770 5.
260 2725 418 2770 μωμητὴς
435 2727 516 2770 (Sic)
537 2726 577 2760 Β.
638 2726 721 2770 ἡμᾶς
739 2728 756 2760 ὁ
775 2728 913 2763 Παῦλος
931 2727 1069 2762 inverso
1087 2728 1209 2762 ordine
1230 2728 1271 2763 B.
1368 2729 1401 2763 6.
1420 2730 1579 2774 φρονεῖτε
1601 2730 1642 2764 Β.
1661 2732 1751 2776 φρο-

1101 2785 1135 2800 Εω

163 2807 258 2841 νείτω
278 2806 386 2840 E(].“
400 2807 444 2841 al
462 2807 652 2852 φρονεῖτε”
672 2807 738 2841 Ed.
757 2820 829 2852 mg.
848 2807 956 2842 τούτω
973 2809 1116 2861 φρονείτ
1135 2808 1251 2850 (Sie—
1224 2824 1252 2827 ss
1272 2810 1431 2853 φρονειτε
1449 2815 1483 2843 et
1500 2810 1684 2854 φρονείτω)
1707 2811 1751 2845 D.

167 2867 218 2888 11.
246 2853 337 2897 ἡμῶν
358 2853 398 2887 Β.
537 2863 588 2897 15.
615 2853 788 2900 δηλονότι]
817 2859 849 2895 -Ι-
872 2857 889 2888 ὁ
910 2854 975 2889 Ed.
994 2855 1104 2889 invito
1126 2855 1165 2888 Β.
1186 2856 1234 2897 (et
1252 2861 1291 2888 ut
1310 2855 1379 2889 vid.
1400 2856 1462 2899 D.)
1529 2857 1581 2891 διὰ
1600 2861 1666 2892 τῶν
1686 2858 1751 2892 Ed.

162 2901 271 2934 nivito
293 2900 333 2934 B.
465 2900 516 2933 18.
544 2899 671 2946 Πατρὶ]
692 2903 818 2947 πατρὸς
840 2901 880 2935 Β.
898 2903 1000 2946 πατρὶ
1022 2902 1050 2935 Β
1069 2914 1140 2945 mg.
1272 2912 1327 2935 20.
1355 2902 1390 2936 δέ
1409 2910 1630 2963 assumptum
1651 2917 1690 2938 ex
1714 2905 1753 2939 B.

163 2959 217 2992 23.
246 2946 463 2990 κατατιομένη
484 2946 563 2991 (sic)
586 2947 720 2991 Migne.
852 2959 907 2990 24.
932 2950 1017 2991 πρὸς
1037 2948 1078 2982 Β.
1097 2963 1165 2991 πιιρ
1197 2947 1261 2981 ld.
1392 2948 1492 2983 26.
1474 2965 1514 2993 ην
1530 2958 1752 2996 assumptum

162 3006 203 3028 ex
225 2994 265 3028 B.
413 3005 467 3038 29.
494 2993 783 3037 ἀνταναστὴσετιιι
804 2995 845 3028 Β.
864 2994 1092 3038 ἀναστήσεται
1114 2994 1180 3028 Ed.
