2021 3296
331 721 463 766 ΤΟΥ
512 721 607 766 EN
653 721 884 766 ΑΓΙΟΙΣ
933 720 1211 766 ΠΑΤΡΟΣ
1261 723 1458 768 ΗΜΩΝ

569 898 1216 968 ΚΥΡΙΛΛΟΥ

409 1084 888 1113 ΑΡΧΙΕΠΙΣΚΟΠΟΥ
940 1084 1388 1121 ΑΛΕΞΑΝΔΡΕΙΑΣ,

485 1215 774 1252 EPMHNEIA
808 1215 942 1252 HTOI
973 1215 1304 1252 THOMNHMA

223 1374 333 1422 ΕΙΣ
373 1373 466 1422 ΤΟ
508 1373 693 1421 ΚΑΤΑ
735 1372 1060 1420 ΙΩΑΝΝΗΝ
1101 1372 1560 1420 ΕΥΑΓΓΕΛΙΟΝ.

58 1394 79 1432 <51

690 1570 1097 1618 PRAEFATIO.

177 1712 204 1735 ‘⁶
233 1707 488 1756 ΚΥΡΙΟΣ
533 1703 676 1754 δώσει
717 1705 844 1770 ῥῆμα
886 1708 983 1757 τοῖς
1027 1702 1457 1769 εὐαγγελιζομένοις
1503 1700 1808 1788 δυνοῖμειαΡε-
1822 1713 1913 1745 lxvii-

101 1793 128 1816 “
153 1787 357 1854 πολλῇ,”
398 1789 557 1838 καλῶς
594 1807 651 1850 γε
689 1783 885 1853 σφόδρα
927 1789 1075 1836 ποιῶν
1114 1785 1138 1834 ὁ
1185 1783 1400 1853 μελωδὸς
1445 1784 1691 1852 ἀναφθέγ-

99 1886 247 1934 γεται·
287 1870 456 1935 χρῆναι
483 1867 531 1918 δὲ
558 1864 685 1930 οἶμαι
710 1865 830 1933 πρὸς
855 1889 994 1917 τουτο
1017 1865 1233 1931 βαδίζειν,
1252 1867 1306 1916 οὐ
1331 1888 1440 1920 τους
1465 1863 1695 1933 τυχόντας

35 1978 82 2002 10
101 1953 281 2013 ἁπλῶς,
307 1949 440 2000 ἀλλὰ
472 1947 581 2002 τοὺς
616 1948 693 1999 διὰ
729 1951 811 2012 τῆς
849 1948 1028 1999 ἄνωθεν
1057 1948 1448 2016 πεφωτισμένους
1483 1947 1689 2015 χάριτος·

99 2034 196 2084 ἐπεὶ
228 2032 308 2083 καί
331 2038 357 2061 “
376 2034 526 2082 Πᾶσα
559 2031 712 2098 σοφία
746 2030 876 2096 παρὰ
905 2031 1128 2097 Κυριόυ,”
1160 2029 1282 2081 καθὰ
1315 2029 1590 2096 γέγραπται,
1618 2031 1692 2080 καὶ
1756 2048 1898 2080 Sir.i.1.

100 2122 128 2143 ‘⁶
156 2118 307 2165 Πᾶσα
345 2112 393 2164 δὲ
439 2111 573 2166 δόσις
619 2111 774 2178 ἀγαθὴ
817 2114 892 2163 καὶ
930 2116 1026 2163 πᾶν
1064 2111 1259 2178 δώρημα
1297 2110 1477 2162 τέλειον
1516 2111 1692 2162 ἄνωθέν
1755 2125 1906 2155 S-Jac-i-

101 2203 129 2225 “
154 2197 258 2246 ἐστι
293 2198 583 2255 καταβαῖνον
616 2192 710 2245 ἀπὸ
748 2199 831 2244 τοῦ
864 2192 1056 2260 Πατρὸς
1093 2198 1189 2244 τῶν
1222 2192 1440 2261 φώτων.”
1493 2198 1692 2260 πρᾶγμα
1757 2175 1806 2208 η’

100 2276 186 2340 μὲν
211 2276 305 2343 γὰρ
339 2275 590 2345 σφαλερόν
615 2299 665 2327 τε
700 2278 776 2327 καὶ
812 2277 894 2327 οὐκ
928 2274 1122 2341 ἀζήμιον
1154 2280 1250 2329 τοῖς
1283 2280 1499 2338 πολλοῖς,
1527 2277 1551 2325 ὁ
1586 2277 1691 2341 περὶ

38 2378 83 2416 15
102 2362 185 2423 τῆς
219 2356 443 2409 ἀνωτάτω
477 2362 650 2409 πασῶν
681 2358 845 2412 οὐσίας
882 2359 958 2408 καὶ
992 2362 1087 2408 τῶν
1113 2358 1212 2408 κατ’
1242 2356 1387 2422 αὐτὴν
1417 2359 1735 2424 μυστηρίωνΙ)

103 2443 266 2507 ὁρᾶται
304 2439 462 2505 λόγος·
513 2442 673 2507 χρῆμα
711 2438 765 2490 δέ
795 2462 841 2490 τι
880 2439 1103 2490 κινδύνων
1143 2439 1515 2505 ἀπηλλαγμένον
1554 2440 1581 2502 ἡ
1617 2441 1691 2490 ἐπὶ

102 2521 282 2574 τούτοις
320 2519 453 2586 σιγή.
502 2521 612 2570 ἀλλ’
642 2520 863 2589 ἐξίστησι
898 2519 984 2584 μὲν
1012 2521 1133 2584 ἡμᾶς
1171 2519 1359 2584 ταύτης,
1398 2521 1546 2571 καίτοι
1581 2522 1691 2572 λίαν

104 2603 174 2655 ὅτι
198 2602 433 2670 προσήκοι
462 2607 651 2653 σιωπᾶν
677 2602 926 2666 οἰομένους,
953 2603 979 2653 ὁ
1005 2603 1079 2653 ἐπὶ
1104 2600 1296 2653 πάντων
1323 2601 1443 2655 Θεός
1470 2609 1496 2632 “
1515 2602 1685 2668 Λάλει,
1752 2617 1842 2646 Acta
1855 2616 1913 2646 SS-

1751 2660 1839 2708 ΑΡΡ

1751 2702 1841 2733 xviii
1860 2712 1891 2743 9.

153 2761 229 2796 Lib.
244 2772 274 2796 1.
288 2760 435 2795 Codices
449 2760 490 2795 B.
496 2761 542 2795 D.
546 2760 589 2795 E.
632 2760 802 2794 Praefatio
820 2758 940 2794 deest·
933 2771 969 2793 m
981 2760 1023 2794 E.
1053 2760 1106 2794 tit.
1118 2760 1223 2805 incip.
1237 2762 1297 2794 τοῦ
1314 2760 1502 2806 ἁγιωτάτου
1515 2762 1689 2807 Κυρίλλου

104 2809 373 2866 ἀρχιεπισκόπου
391 2807 438 2841 D.
642 2818 676 2852 9.
703 2804 794 2850 οἶμαι
812 2806 872 2840 δὲ’
865 2818 1004 2840 lnverso
1022 2806 1144 2840 ordine
1163 2807 1204 2840 B.
1422 2818 1474 2842 12
1501 2808 1537 2841 δὲ
1555 2820 1625 2843 om.
1646 2809 1688 2843 B.

108 2867 161 2901 13.
188 2855 253 2889 ἀπὸ
272 2854 315 2888 Β.
332 2853 423 2897 παρὰ
441 2853 508 2888 Ed.
654 2865 704 2896 14.
732 2853 913 2910 σφαλερὸν
928 2853 995 2898 γὰρ
1012 2853 1150 2886 inverso
1167 2853 1288 2887 ordine
1309 2853 1350 2887 Β.
1494 2864 1546 2899 15.
1573 2857 1690 2899 ὁρᾶται

104 2901 299 2946 μυστηρίων
314 2901 452 2934 inverso
469 2899 592 2934 ordine
610 2899 652 2934 Β.
816 2907 868 2944 17.
893 2898 978 2943 ἡμᾶς
995 2898 1116 2942 ταύτης
1134 2899 1200 2933 hoc
1219 2899 1340 2934 Ordine
1360 2899 1402 2935 B.
1560 2902 1613 2936 18.
1638 2901 1689 2936 ὅτι

103 2947 271 2993 προσήκοι
290 2948 421 2981 σιωπᾶν
440 2945 514 2981 Β.’“
498 2962 517 2989 η
535 2945 701 2992 προσήκοι
723 2945 904 2991 [προσήκει
923 2945 989 2979 Ed.
993 2944 1008 2990 ]
1029 2961 1095 2990 τιμι
1091 2948 1126 2980 ”iv
1145 2945 1191 2979 D.
1212 2945 1303 2980 Edd.

163 3015 252 3042 V.01
278 3015 309 3042 I.
885 3013 910 3039 B
