2073 3296
369 145 425 184 24
773 151 821 190 Β.
855 151 1132 193 CYRILLI
1174 154 1551 198 ALEXANDR.
1870 161 1896 201 i.
1921 174 1953 201 1.

368 257 633 320 περιαθρῶν
658 258 998 323 βλαστήματα,
1025 267 1273 330 μονονουχὶ
1297 263 1415 329 πρὸς
1441 265 1558 317 αὐτὰ
1584 269 1802 333 δρομαῖος
1828 269 1956 336 ε”ρχε-

368 357 458 397 ται,
475 338 549 386 καὶ
571 339 816 402 ἀποτέμνει
843 346 1027 407 γοργῶς
1048 342 1358 411 πανταχόθεν,
1375 351 1470 400 τοῖς
1497 348 1835 417 ἐντευξομένοις
1860 355 1957 405 τοῖς

368 417 477 482 παρ’
504 419 646 469 αὑτοῦ
672 422 1022 488 συγγράμμασι
1050 423 1104 475 τὸ
1130 426 1178 475 ἐν
1205 427 1323 494 ὀρθῇ
1351 431 1409 495 τῇ
1441 428 1598 481 πίστει
1626 430 1955 499 φυλάττεσθαι

368 498 626 566 προξενῶν.
672 502 754 552 θέα
780 502 874 569 γὰρ
901 503 957 567 δὴ
983 504 1130 556 πάλιν
1156 513 1239 558 τοῦ
1264 509 1656 578 πνευματοφόρου
1681 512 1766 577 τὴν
1793 516 1955 582 νῆψιν.

369 580 579 650 ἐδίδαξεν
604 584 652 633 ἐν
677 589 773 637 τοῖς
805 590 1155 651 προλαβοῦσιν,
1183 590 1243 642 ὡς
1277 588 1335 654 ἧν
1362 591 1386 640 ὁ
1415 591 1571 657 Λόγος
1604 595 1652 644 ἐν
1678 596 1815 662 ἀρχῇ,
1842 618 1952 646 του·
1976 615 1998 652 5

369 661 543 726 τέστιν,
570 665 617 714 ἐν
644 668 710 734 τῷ
738 669 846 735 Θεῷ
871 669 947 718 καὶ
976 671 1145 735 Πατρῖ,
1173 669 1385 738 καθάπερ
1411 672 1669 739 εἰρήκαμεν.
1723 675 1879 740 ἐπειδὴ
1906 676 1956 727 δὲ

325 740 424 793 1)τὸ
458 746 541 807 τῆς
577 746 781 801 διανοίας
817 747 946 812 ὅμμα
980 753 1343 819 πεφωτισμένον
1373 754 1494 822 ἔχων
1520 756 1604 806 οὐκ
1638 755 1809 822 ἠγνόει,
1836 757 1956 808 κατὰ

368 824 422 875 τὸ
447 825 577 890 εἰκὸς,
604 829 666 882 ὡς
691 829 1051 895 ἀναστήσονταί
1071 856 1191 887 τινες
1225 836 1274 885 ἐκ
1307 839 1495 900 πολλῆς
1531 838 1732 902 ἀμαθίας
1767 839 1846 890 ἕνα
1879 842 1955 891 καὶ

367 905 450 958 τὸν
500 907 641 960 αὐτὸν
692 908 805 963 εἶναι
856 912 1075 979 λέγοντες
1128 915 1318 983 Πατέρα
1368 919 1443 968 καὶ
1493 917 1624 983 Υἱὸν,
1676 922 1751 971 καὶ
1809 920 1955 983 μόνον

366 988 569 1054 ὀνόμασι
594 991 680 1057 τὴν
706 994 845 1059 ἁγίαν
867 995 1051 1061 Τριάδα
1077 997 1455 1063 διαστέλλοντες,
1475 1002 1524 1051 ἐν
1549 999 1598 1051 δὲ
1624 1001 1956 1055 ὑποστάσεσιν
1979 1029 2026 1053 10

367 1073 529 1127 ἱδικαῖς
568 1074 622 1124 οὑ
659 1082 1016 1143 συγχωροῦντες
1056 1078 1294 1147 ὑπάρχειν,
1329 1080 1383 1131 ἵν’
1423 1082 1448 1132 ὁ
1482 1081 1651 1149 Πατὴρ
1689 1082 1773 1147 μὲν
1810 1083 1955 1139 ὅντως

365 1156 527 1217 νοῆται
567 1154 737 1223 Πατὴρ
780 1159 856 1208 καὶ
903 1159 990 1226 οὐχ
1030 1158 1160 1219 Υἱὸς,
1201 1161 1317 1216 Υἱὸς
1357 1163 1404 1214 δ’
1445 1164 1503 1213 αὖ
1543 1163 1692 1215 πάλιν
1730 1164 1955 1233 ὑπάρχειν

365 1234 491 1289 ἰδίως
524 1237 549 1287 ὁ
576 1237 690 1292 Υἱὸς
728 1241 803 1290 καὶ
843 1240 896 1290 οὑ
924 1239 1106 1307 Πατὴρ,
1135 1241 1298 1310 ὥσπερ
1333 1245 1415 1295 οὖν
1440 1247 1516 1296 καὶ
1551 1247 1576 1297 ὁ
1612 1249 1694 1310 τῆς
1731 1248 1954 1312 ἀληθείας

328 1316 459 1384 οὲχει
502 1317 662 1385 λόγος·
716 1322 980 1387 ἀναγκαίως
1020 1326 1096 1375 καὶ
1135 1324 1253 1391 πρὸς
1292 1326 1482 1390 ταύτην,
1521 1331 1583 1382 ὡς
1628 1330 1954 1396 ε’πιπαροῦσαν

365 1397 468 1463 ἤδη,
514 1402 612 1451 κατ’
658 1403 802 1453 ἐκεῖνο
846 1411 1008 1471 καιροῦ
1053 1407 1363 1472 κεκινημένην,
1407 1407 1436 1473 ἢ
1482 1412 1556 1460 καὶ
1600 1410 1803 1462 ε”σεσθαί
1839 1435 1954 1463 ποτε
1977 1434 2022 1473 15
2072 1461 2073 1477 1

363 1478 656 1546 μέλλουσαν,
686 1483 772 1548 τὴν
807 1485 987 1551 αἵρεσιν
1021 1487 1330 1555 ἐξοπλίζεται,
1362 1492 1437 1541 καὶ
1474 1491 1531 1555 δὴ
1563 1491 1681 1558 πρὸς
1712 1495 1953 1560 ἀναίρεσιν

363 1564 505 1628 αὐτῆς
539 1567 858 1632 παρατίθησιν
888 1568 1020 1623 εὐθὺς
1058 1573 1125 1639 τῷ
1158 1569 1244 1621 Ἐν
1274 1573 1398 1640 ἀρχῇ
1436 1571 1494 1637 ἧν
1525 1574 1550 1624 ὁ
1577 1573 1734 1641 Λόγος
1771 1574 1826 1626 τό
1860 1581 1951 1628 Καὶ

365 1650 384 1696 ὁ
424 1645 569 1712 Λόγος
613 1643 655 1707 ἧν
695 1650 800 1717 πρός
840 1649 905 1701 τὶν
945 1652 1065 1703 &soff
1124 1657 1342 1721 πανταχῆ
1383 1653 1469 1716 μὲν
1512 1653 1566 1706 τὸ
1611 1652 1652 1717 ἧν
1690 1658 1954 1723 ἀναγκαίως

364 1728 599 1796 ἐπιφέρων
639 1728 715 1780 διὰ
756 1730 841 1794 τὴν
881 1734 1162 1798 προαιώνιον
1201 1735 1424 1800 γέννησιν
1466 1738 1621 1800 αὐτοῦ,
1663 1737 1738 1789 διὰ
1779 1738 1827 1790 δὲ
1870 1744 1954 1790 τοῦ
2071 1810 2073 1819 Ι

363 1807 510 1877 φάναι
547 1809 630 1860 τὸν
661 1811 823 1878 Λόγον
861 1811 975 1865 ὄντα
1012 1815 1120 1884 πρὶς
1160 1815 1226 1868 τὶν
1266 1816 1385 1880 Θεόν,
1427 1817 1475 1869 ἓν
1512 1819 1597 1882 μέν
1634 1843 1676 1870 τι
1717 1823 1792 1871 καὶ
1832 1822 1947 1890 ὑφε-
1975 1846 2024 1871 20

363 1889 540 1954 στηκὸς
580 1892 693 1943 αὐτὸ
739 1895 845 1945 καθ’
892 1894 1029 1948 ἑαυτὸ
1074 1895 1157 1948 τὸν
1197 1897 1315 1949 Υἱὸν
1357 1900 1664 1963 ἐπιδεικνύων,
1706 1902 1861 1969 ἕτερον
1905 1902 1953 1954 δὲ

362 1970 511 2023 πάλιν
551 1972 634 2024 τὸν
677 1974 801 2026 Θεὸν
845 1980 920 2027 καὶ
969 1977 1175 2045 Πατέρα,
1222 1979 1330 2048 πρὶς
1375 1979 1428 2032 ὃν
1471 1978 1513 2042 ἧν
1558 1989 1575 2034 ὁ
1622 1985 1784 2050 Λόγος·
1851 1989 1953 2039 πῶς

317 2052 457 2120 ᾶγὰρ
501 2053 558 2106 ἂν
597 2055 722 2110 ὅλως
764 2055 818 2108 τὸ
865 2057 913 2109 ἓν
951 2061 1136 2130 ἀριθμῷ
1180 2060 1294 2112 αὐτὸ
1340 2062 1459 2129 πρὸς
1501 2063 1650 2127 ἑαυτὸ,
1691 2065 1794 2130 ἤτοι
1840 2067 1950 2133 παρ’

363 2136 525 2206 ἑαυτῷ,
554 2143 706 2189 νοοῖτο
732 2139 989 2208 ὑπάρχειν;
2068 2209 2073 2216 ⁴

427 2217 544 2270 e'Ort
576 2219 625 2270 δὲ
660 2220 843 2285 ἀμαθὴς
872 2227 968 2276 τοῖς
998 2226 1239 2290 αἱρετικοΐς
1265 2227 1342 2276 καὶ
1368 2227 1393 2276 ὁ
1420 2228 1525 2293 περὶ
1550 2227 1729 2279 τούτων
1756 2229 1944 2297 εὑρεθή-
1973 2254 2020 2292 25

361 2321 497 2350 σεται
529 2299 694 2366 λόγος,
726 2301 801 2353 διὰ
841 2306 923 2367 τῆς
957 2305 1006 2354 ἐν
1031 2310 1127 2359 τοῖς
1162 2307 1551 2373 ὑποτεταγμένοις
1587 2312 1781 2376 θεωρίας
1814 2312 1944 2363 διδά-

361 2381 519 2449 ξομεν,
546 2382 631 2447 τὴν
656 2387 750 2434 τῶν
776 2382 1066 2449 ζητουμένων
1091 2387 1310 2449 βάσανον
1335 2391 1506 2456 ἀκριβῆ
1532 2390 1856 2455 ποιησάμενοι.

411 2560 439 2584 1.
465 2549 678 2595 περιᾶρθρῶν
696 2551 738 2585 Β.
975 2565 1008 2598 3.
1033 2553 1112 2599 παρ’
1130 2562 1354 2601 assumptum
1372 2568 1413 2590 ex
1433 2556 1474 2590 B.
1716 2571 1748 2604 9.
1772 2561 1888 2604 μόνοις
1906 2561 1949 2597 Β.

363 2606 415 2629 11.
443 2595 542 2632 ἰδίαις
563 2597 603 2631 Β.
820 2609 873 2633 12.
899 2598 928 2633 δ’
946 2600 1004 2646 αὖ]
1025 2601 1060 2635 δὲ
1080 2601 1123 2635 Β.
1341 2615 1394 2646 14.
1420 2603 1654 2648 ἐπιπαροῦσαν
1673 2605 1706 2639 D
1726 2618 1797 2651 mg.
1818 2607 1860 2641 E.
1881 2607 1948 2652 (di-

359 2642 490 2685 visim.)
518 2643 767 2688 ἐπισπαρεῖσαν
793 2644 840 2679 D.
867 2645 934 2680 Ed.
1017 2647 1059 2682 Β.
1086 2647 1144 2682 dat
1169 2649 1495 2694 ὡσηπαρουσανείδὴ
1515 2667 1544 2677 =
1563 2651 1646 2686 ὡσεὶ
1671 2655 1850 2698 παροῦσαν
1873 2655 1948 2699 ἤδη.

362 2698 416 2733 15.
443 2689 575 2735 καιροῦ]
600 2695 637 2731 -Ι-
658 2692 712 2725 καὶ
731 2691 796 2725 Ed.
820 2692 930 2727 invito
949 2693 1004 2734 B„
1023 2694 1079 2728 cui
1096 2695 1189 2729 favet
1207 2707 1346 2742 quoque
1366 2697 1419 2737 Ε.,
1435 2698 1487 2730 καὶ
1505 2697 1678 2741 κινημένην
1693 2715 1722 2726 =
1738 2701 1949 2745 κεκινημένην

358 2735 539 2770 exhibens.
735 2749 790 2773 20.
815 2739 873 2773 τὸν
890 2746 1112 2786 assumptum
1132 2753 1173 2776 ex
1194 2742 1234 2777 B.
1431 2754 1485 2788 23.
1509 2743 1550 2778 ἂν
1567 2752 1790 2791 assumptum
1807 2759 1849 2781 ex
1868 2747 1947 2782 B.I.

360 2791 415 2826 27.
441 2786 506 2816 τῶν
523 2784 747 2831 ζητουμένων]
767 2785 802 2820 ἐν
819 2788 865 2832 τῷ
883 2787 1071 2835 ζητουμένῳ
1091 2788 1133 2823 Β.
