2084 3317
353 139 435 178 110
485 154 486 157 ¹
751 140 802 182 Β.
835 141 1112 184 CYRILLI
1153 144 1533 187 ALEXANDR.
1852 144 1879 186 i.
1899 159 1937 200 9.

349 246 433 297 οὐκ
475 245 751 315 αὐτόχρημά
794 251 926 302 ἐστιν
965 251 994 315 ἡ
1038 251 1247 315 σύνεσις,
1288 252 1420 304 ἀλλὰ
1459 256 1541 317 τῆς
1581 252 1939 320 ἐνυπαρχούσης

347 328 475 398 αὐτῷ
512 329 750 384 συνέσεως
789 332 1039 399 ὑπουργός·
1106 335 1156 384 ἐν
1195 335 1388 385 συνέσει
1428 334 1522 401 γάρ
1563 338 1656 385 εἶσι
1695 336 1769 384 καὶ
1811 334 1938 385 οῦτοι
1980 330 1982 339 ’

346 409 550 461 συνετοί.
595 412 670 461 καὶ
709 412 734 462 ὃ
774 413 988 481 φωτίζειν
1021 415 1080 465 αὖ
1112 415 1261 466 πάλιν
1292 416 1474 482 ἑτέρους
1510 415 1654 479 εἰδὼς,
1686 416 1768 467 οὐκ
1800 417 1937 466 αὑτο-

347 492 515 557 κυρίως
550 490 607 542 ἂν
634 498 785 544 νοοῖτο
820 494 874 545 τὸ
911 498 1028 564 φῶς,
1055 494 1188 546 ἀλλὰ
1223 494 1383 564 φωτὸς
1417 502 1500 547 τοῦ
1534 499 1582 548 ἐν
1617 498 1743 566 αὐτῷ
1780 499 1932 548 δανει-

346 571 480 636 στὴς,
507 575 582 623 καὶ
609 577 672 628 εἷς
698 574 879 641 ἑτέρους
905 575 1018 627 αὐτὸ
1043 577 1375 643 παραπέμπων
1401 581 1641 641 διδακτῶς,
1669 579 1745 628 καὶ
1778 601 1933 629 κοινο-
1956 597 1978 636 5

346 654 623 718 ποιούμενος
649 659 745 710 τοῖς
775 656 945 711 ἄλλοις
977 656 1093 725 ὅπερ
1127 659 1323 728 εἴληφεν
1348 659 1545 725 ἀγαθόν.
1601 658 1677 709 διά
1701 682 1773 710 τοι
1798 666 1937 711 τοῦτο

122 739 283 814 {Eg-atth-
348 737 423 786 καὶ
447 735 567 803 πρὸς
593 734 702 790 τοὺς
727 738 887 804 ἁγίους
913 739 1218 795 ἀποστόλους
1243 741 1432 806 ἐλέγετο
1459 748 1486 770 “
1503 740 1702 807 Δωρεὰν
1728 740 1936 805 ἐλάβετε,

301 825 376 866 b“
401 816 578 885 δωρεὰν
621 818 767 869 δότε“”
825 819 921 871 ὅσα
961 819 1055 887 γὰρ
1098 820 1156 886 ἧν
1197 823 1246 873 ἐν
1283 823 1440 876 αὐτοῖς
1480 821 1653 888 ἀγαθὰ,
1691 828 1840 873 ταῦτα
1880 821 1937 887 δὴ

348 898 538 954 πάντως
576 902 680 952 ἐστὶ
711 902 788 952 καὶ
818 900 1068 965 θεόσδοτα,
1098 905 1174 954 καὶ
1211 904 1295 954 οὐκ
1333 903 1391 955 ἂν
1424 903 1549 958 ὅλως
1583 905 1710 958 ἰδίοις
1743 907 1938 970 ἀγαθοῖς

347 982 376 1046 ἡ
402 986 498 1033 τῶν
526 982 790 1050 ἀνθρώπων
815 984 1137 1051 ε’ναγλαίζοιτο
1164 985 1325 1054 φύσις,
1346 987 1457 1036 ἀλλ’
1486 985 1589 1036 οὐδὲ
1615 987 1642 1050 ἡ
1669 990 1764 1036 τῶν
1790 987 1937 1052 ἁγίων
1959 1012 2005 1036 10

346 1063 582 1129 ἀγγέλων.
646 1064 766 1129 μετὰ
803 1064 898 1132 γὰρ
931 1072 1014 1117 τοῦ
1051 1069 1313 1131 κεκλῆσθαι
1344 1066 1464 1134 πρὸς
1499 1066 1705 1133 γένεο-ιν,
1743 1070 1819 1118 καὶ
1854 1068 1937 1118 τὸν

344 1151 428 1197 τοῦ
453 1150 555 1200 πῶς
580 1144 694 1197 εἶναι
720 1145 868 1213 λόγον
893 1147 1096 1199 ἕκαστον
1123 1152 1217 1199 τῶν
1243 1147 1392 1199 ὅντων
1418 1148 1547 1215 παρὰ
1576 1152 1700 1200 Θεοῦ
1727 1149 1833 1216 ἔχει,
1861 1153 1937 1200 καὶ

345 1226 479 1278 οὐδὲν
522 1229 571 1278 ἐν
614 1229 769 1282 αὐτοῖς
814 1229 1055 1282 οὐσιωδῶς
1099 1229 1374 1298 ἐνυπάρχειν
1414 1229 1758 1292 διακεισόμεθα,
1802 1229 1827 1281 ’ὸ
1871 1231 1937 1294 μὴ

345 1308 497 1376 δῶρόν
518 1311 622 1361 ἐστι
646 1312 729 1374 τῆς
754 1315 838 1361 τοῦ
864 1311 1115 1365 κτίσαντος
1143 1313 1430 1381 φιλοτιμίας,
1458 1315 1532 1362 καὶ
1567 1311 1696 1379 ῥίζαν
1722 1309 1815 1379 ἔχει
1851 1311 1938 1376 τὴν

305 1396 427 1442 eros)
462 1391 900 1458 δημιουργήσαντος
935 1392 1091 1460 χάριν.
1154 1394 1321 1445 οὐκοῦν
1355 1393 1603 1461 ἐπειδήπερ
1638 1396 1686 1444 ἐν
1715 1393 1936 1445 συνθέσει
1960 1420 2003 1458 15

343 1472 404 1524 τὰ
441 1472 629 1538 γενητὰ,
669 1477 772 1542 φῶς
810 1472 896 1538 μὲν
935 1476 983 1525 ἐν
1021 1475 1178 1529 αὐτοῖς
1217 1475 1349 1526 οὐδὲν
1388 1476 1523 1526 ἔσται
1562 1476 1729 1542 κυρίως
1770 1499 1818 1527 τε
1861 1478 1937 1527 καὶ

344 1556 526 1614 ἁπλῶς,
554 1555 657 1620 ἤτοι
683 1555 968 1619 ἀσυνθέτως,
994 1561 1230 1619 μεθεκτῶς
1256 1557 1304 1609 δὲ
1330 1558 1407 1609 καὶ
1433 1563 1573 1609 τοῦτο
1599 1558 1794 1626 φορέσει
1819 1558 1937 1624 μετὰ

342 1641 438 1689 τῶν
470 1638 638 1689 ἄλλων
674 1640 750 1689 καὶ
785 1637 1004 1699 λαβόντα
1037 1639 1167 1706 παρὰ
1203 1644 1344 1691 Θεοῦ·
1400 1644 1503 1709 φῶς
1542 1639 1590 1692 δὲ
1629 1641 1688 1691 αὖ
1725 1639 1779 1692 τὸ
1818 1643 1937 1706 ἀλη-

343 1718 487 1783 θινὸν,
527 1718 582 1771 τὸ
628 1721 825 1790 φωτίζον
867 1722 1014 1785 ἐστὶν,
1059 1722 1113 1773 οὐ
1158 1720 1213 1773 τὸ
1252 1723 1362 1789 παρ’
1405 1722 1561 1789 ἐτέρου
1602 1721 1934 1791 φωτιζόμενον,

343 1800 458 1869 ὅπερ
494 1803 625 1853 ἐστὶν
660 1803 685 1852 ὁ
719 1802 998 1868 Μονογενὴς
1032 1805 1080 1854 ἐν
1114 1805 1250 1872 ἁπλῇ
1288 1805 1365 1854 καὶ
1403 1804 1648 1875 ἀσυνθέτῳ
1688 1805 1936 1870 νοούμενος
1957 1836 2005 1861 20

343 1882 502 1953 φύσει,
529 1881 729 1949 διπλόης
756 1882 850 1951 γὰρ
877 1884 1071 1950 ἁπάσης
1097 1884 1151 1937 τὸ
1177 1889 1301 1937 θεῖον
1326 1887 1581 1955 ἀποφοιτᾷ.

419 1967 514 2016 Καὶ
557 1970 706 2016 ταῦτα
749 1965 836 2030 μὲν
875 1969 1004 2035 τῇδε·
1064 1965 1213 2019 πάλιν
1255 1966 1304 2019 δὲ
1347 1968 1458 2032 ἡμῖν
1483 1969 1579 2036 ἐρεῖ
1616 1968 1761 2036 τυχὸν
1807 1971 1832 2020 ὁ
1877 1971 1932 2021 δι’

344 2047 554 2102 ἐναντίας
582 2050 641 2098 Εἰ
666 2048 735 2116 μὴ.
759 2052 862 2116 φῶς
889 2049 1103 2117 ὑπῆρχον
1128 2048 1250 2100 κατὰ
1277 2049 1427 2118 φύσιν
1451 2053 1493 2101 οἱ
1519 2049 1659 2116 ἅγιοι,
1687 2050 1763 2101 διὰ
1794 2052 1936 2103 ποίαν

300 2136 328 2178 (1
346 2129 497 2180 αἰτίαν
540 2128 707 2183 αὐτοὺς
749 2130 853 2198 οὐχὶ
899 2129 1058 2200 φωτὸς
1105 2130 1330 2183 ἀπεκάλει
1374 2131 1616 2199 μετόχους,
1655 2132 1789 2184 ἀλλὰ
1833 2138 1936 2202 φῶς

344 2209 579 2278 ὠνόμαζεν
616 2211 641 2262 ὁ
681 2211 881 2278 Σωτήρ,
936 2216 1038 2266 πῶς
1076 2210 1126 2263 δὲ
1165 2213 1419 2282 ἑτεροφυὴς
1457 2214 1486 2278 ἡ
1525 2214 1678 2269 κτίσις
1716 2217 1779 2269 ὡς
1815 2214 1934 2282 πρὸς
1955 2238 2003 2277 25

343 2293 499 2355 αὐτὸν,
544 2295 583 2344 εἰ
633 2291 844 2360 καθάπερ
895 2293 1035 2348 αὐτὸς
1086 2293 1361 2359 ὠνόμασται
1410 2299 1530 2364 φῶς,
1575 2297 1698 2347 οὕτω
1749 2299 1824 2348 καὶ
1875 2297 1934 2348 τὰ

120 2391 281 2431 1b.v.14.
343 2373 548 2442 λογικά,
592 2376 800 2439 ((’Υμεῖς
826 2375 918 2443 γάρ
954 2377 1063 2427 ἐστε
1097 2382 1182 2428 τοῦ
1214 2375 1398 2439 κόσμου
1432 2376 1488 2428 τὸ
1523 2379 1668 2446 φῶς,”
1697 2378 1866 2443 ἤκουον
1892 2384 1935 2430 οἱ

342 2457 565 2522 μαθηταί.
622 2457 689 2509 Τί
722 2458 817 2520 οῦν,
844 2455 881 2508 ὦ
916 2457 1140 2519 βέλτιστε
1159 2480 1172 2521 3
1214 2457 1363 2510 πάλιν
1396 2461 1588 2526 ἐροῦμεν
1617 2461 1755 2530 αὐτῷ·
1809 2464 1936 2512 Θεοῦ

343 2540 431 2590 υἱοὶ
464 2540 541 2590 καὶ
575 2541 669 2590 θεοὶ
703 2538 834 2606 παρὰ
866 2544 968 2593 ταῖς
1002 2540 1145 2595 θείαις
1181 2539 1448 2605 κεκλήμεθα
1481 2546 1703 2610 γραφαῖς,
1730 2541 1849 2594 κατὰ
1879 2542 1934 2594 τό

121 2623 281 2656 Ps.1xxxi.
345 2627 372 2651 ‘⁶
397 2619 528 2686 Ἐγὼ
562 2619 669 2673 εἶπα
705 2622 824 2673 Θεοί
854 2623 961 2673 ἐστε
998 2624 1074 2673 καὶ
1108 2624 1194 2673 υἱοὶ
1232 2623 1442 2691 ὑψίστου
1478 2622 1649 2677 πάντες
1667 2625 1709 2686 ;”
1751 2621 1823 2691 ἆρ’
1851 2625 1933 2676 οὖν
1952 2643 2003 2679 30

344 2703 541 2774 ἀφέντες
576 2703 630 2754 τὸ
667 2701 781 2755 εἶναι
817 2703 936 2756 κατὰ
972 2704 1138 2773 φύσιν,
1167 2705 1282 2770 ὅπερ
1318 2703 1477 2769 ἐσμὲν,
1503 2706 1579 2757 ἐπὶ
1615 2705 1701 2770 τὴν
1727 2706 1854 2758 θείαν
1884 2729 1933 2758 τε

392 2822 425 2856 3.
452 2812 655 2855 αὐτοκυρίως
672 2811 777 2848 edidi.
795 2814 877 2848 αὐτὸ
897 2813 1015 2857 κυρίως
1034 2812 1101 2848 Ed.
1344 2822 1375 2856 5.
1402 2814 1456 2848 καὶ
1474 2815 1570 2858 prius
1588 2821 1811 2859 assumptum
1829 2826 1869 2849 ex
1890 2814 1933 2849 B.

346 2858 379 2892 8.
406 2858 441 2892 ἐν
457 2870 527 2893 om.
546 2859 680 2904 Migne.
844 2872 878 2906 9.
905 2859 997 2905 ἐστὶ]
1018 2858 1100 2894 εἶναι
1121 2859 1162 2894 Β.
1284 2871 1336 2895 12.
1362 2862 1453 2905 παρὰ
1472 2864 1559 2895 Θεοῦ
1576 2862 1647 2906 ἔχει
1664 2862 1731 2897 hoc
1749 2861 1870 2896 ordine
1890 2861 1931 2896 B.

349 2905 401 2938 18.
428 2905 481 2939 καὶ
498 2912 720 2952 assumptum
738 2919 779 2941 ex
800 2907 841 2941 B.
908 2906 949 2941 αὖ
966 2905 1023 2951 τὸ]
1043 2907 1123 2941 αὐτὸ
1143 2906 1176 2940 D
1195 2918 1267 2951 mg.
1288 2906 1329 2940 Ε.
1348 2906 1389 2941 αὖ
1407 2907 1504 2942 deest
1520 2908 1556 2941 in
1576 2908 1617 2942 B.
1774 2918 1829 2953 25.
1856 2908 1932 2942 ὀνο-

344 2951 456 2994 μάζων
476 2951 518 2986 B.
663 2954 718 2987 28.
746 2956 833 2988 Θεοῦ
851 2953 915 2988 υἱοὶ
933 2959 966 2988 et
983 2953 1054 2988 θεοὶ
1071 2953 1161 2989 inter
1179 2966 1214 2988 se
1232 2960 1468 2999 transponunt
1487 2953 1553 2989 Ed.
1574 2955 1682 2991 invito
1701 2955 1743 2990 B.
