2084 3317
133 151 319 207 vii-3-5·
382 151 454 192 IN
500 152 542 193 s,
577 153 914 194 JOANNEM.
978 153 1102 194 ΜΒ.
1136 154 1214 194 1v.
1278 155 1487 197 CARV.
1640 156 1724 196 583

133 261 325 328 γέγονεν
363 263 626 329 ἅνθρωπος,
664 263 833 331 μικρὰς
874 264 938 315 ἔτι
983 263 1067 318 τὰς
1110 264 1365 333 διαλήψεις
1407 265 1572 332 ε”χουσι
1616 268 1722 331 περὶ

132 344 290 407 αὐτοῦ,
321 346 397 394 καὶ
435 344 562 396 πολὺ
600 346 885 413 μετριώτεροι
922 348 1005 410 τῆς
1042 345 1241 410 ἐνούσης
1280 347 1406 416 αὐτῷ
1444 345 1634 414 χάριτός
1672 368 1723 396 τε

132 426 208 475 καὶ
247 426 478 492 ὑπεροχῆς
517 425 844 495 φαντάζονται,
876 427 1026 479 πλέον
1063 427 1150 491 μὲν
1187 432 1283 478 τῶν
1321 427 1490 478 ἄλλων
1524 428 1724 493 ὁρῶντες

132 504 278 568 οὐδὲν,
331 511 432 560 ταῖς
488 508 537 558 δὲ
595 514 767 563 κοιναῖς
824 510 893 561 ἐπ’
954 510 1079 579 αὐτῷ
1136 507 1483 576 διαπαιζόμενοι
1538 507 1719 577 δόξαις,

89 603 112 641 5
133 586 336 650 οἰόμενοί
382 611 432 639 τε
482 589 600 641 κατὰ
650 591 704 642 τὸ
748 590 921 655 ἀληθὲς
964 593 1015 642 ἐκ
1062 590 1243 658 πατρὸς
1286 594 1603 657 γεγεννῆσθαι
1647 592 1724 642 καὶ

133 669 274 720 αὐτὸν
315 675 398 721 τοῦ
436 671 638 741 Ἰωσὴφ,
674 675 750 724 καὶ
791 672 877 737 τὴν
913 673 1231 740 κεκρυμμένην
1273 674 1360 741 οὐχ
1400 673 1601 740 ὁρῶντες
1639 678 1723 724 τοῦ

131 754 396 819 μυστηρίου
433 754 742 819 κατασκευήν·
792 760 995 806 πολλῶν
1033 755 1142 822 γὰρ,
1177 758 1240 809 ὡς
1279 755 1412 818 εἰκὸς,
1449 753 1763 820 λεληθότωςὸ
1793 763 1948 801 398Α·

132 836 646 901 θαυματουργουμένων
689 835 820 903 παρὰ
863 840 1083 903 Χριστοῦ
1134 836 1253 888 κατὰ
1300 837 1386 902 τὴν
1433 838 1717 900 Γαλιλαίαν,

132 917 266 979 κενῆς
302 917 520 985 ἐφίεσθαι
558 917 700 987 δόξης
738 917 881 969 αὐτὸν
920 919 1241 982 ἀναπείθουσι,
1282 921 1358 970 καὶ
1404 921 1467 972 ὡς
1508 919 1634 984 μέγα
1677 942 1722 970 τι

63 1017 112 1042 10
130 1000 292 1063 χρῆμα
341 997 395 1050 τὸ
439 1000 490 1050 ἐκ
533 1004 628 1050 τῶν
666 999 884 1067 ὁρώντων
925 1000 1246 1068 ἀποδέχεσθαι
1291 1005 1449 1064 θαῦμα
1500 1006 1719 1064 συμβου-

130 1078 365 1143 λεύουσιν,
393 1083 456 1136 ὡς
481 1081 650 1133 τούτου
674 1105 729 1148 γε
756 1083 888 1133 ἕνεκα
914 1084 989 1133 καὶ
1015 1082 1162 1145 μόνου
1189 1082 1273 1136 τὰς
1307 1084 1378 1151 ἐφ’
1406 1081 1594 1152 ἑκάστῳ
1628 1087 1724 1133 τῶν

130 1161 423 1225 τελουμένων
450 1162 665 1227 δυνάμεις
689 1165 891 1231 ἐνεργεῖν
915 1164 1163 1218 ἐθέλοντος
1189 1166 1347 1228 αὐτοῦ,
1374 1165 1449 1215 ἵνα
1483 1164 1540 1229 δὴ
1576 1164 1724 1228 μόνον

130 1243 260 1310 παρὰ
298 1249 394 1298 τοῖς
433 1246 610 1312 ὁρῶσιν
640 1246 934 1315 άξιάγαστος
973 1245 1088 1298 εἶναι
1126 1250 1256 1315 δοκῇ,
1293 1248 1370 1298 καὶ
1407 1251 1505 1301 τοῖς
1542 1247 1599 1315 ἐξ
1634 1248 1720 1297 ἀν-

132 1326 335 1391 θρώπων
373 1328 576 1381 ἐπαίνοις
617 1328 940 1395 ἐναβρύνηται,
980 1328 1101 1380 κατά
1145 1352 1273 1383 τινας
1314 1333 1410 1380 τῶν
1448 1329 1723 1398 φιλοδοξεῖν

63 1419 109 1458 15
132 1407 379 1460 εἰωθότων.
442 1409 528 1476 ὅρα
562 1409 655 1477 γὰρ
691 1409 817 1464 ὅπως
849 1411 1119 1471 ἀναβαίνειν
1146 1412 1273 1481 αὐτῷ
1304 1410 1723 1474 συμβουλεύουσιν

131 1495 192 1545 εἰς
231 1489 302 1550 τὴν
336 1488 564 1555 Ἰουδαίαν,
595 1494 643 1543 ἐν
676 1493 794 1561 αὐτῇ
834 1493 881 1544 δὲ
919 1498 1112 1557 μᾶλλον
1144 1498 1485 1560 τερατουργεῖν,
1521 1493 1608 1560 οὐχ
1646 1493 1765 1544 ἵναῐ)

129 1572 422 1624 πιστεύωσιν
447 1577 509 1628 εἷς
538 1572 681 1625 αὐτὸν
709 1581 743 1626 οἱ
769 1574 967 1643 μαθηταὶ
996 1577 1139 1638 αὐτοῦ,
1167 1574 1278 1626 ἀλλ’
1303 1575 1376 1626 ’ἵνα
1401 1573 1632 1643 &caprio-com
1660 1573 1721 1626 τέι

131 1653 241 1722 ἔργα
267 1652 300 1707 οἳ
325 1659 452 1708 ποιεῖ.
503 1661 540 1707 εἱ
574 1655 667 1722 γὰρ
701 1656 867 1718 βούλει
901 1657 1241 1723 γινώσκεσθαι,
1268 1658 1410 1725 φασί·
1452 1662 1591 1708 τοῦτο
1625 1656 1720 1722 γὰρ

129 1735 184 1786 τὸ
220 1735 332 1788 εἶναι
368 1740 415 1788 ἐν
442 1743 646 1808 φανερῷ·
693 1737 758 1803 μὴ
797 1739 1068 1803 λεληθότως
1108 1739 1194 1790 ε”σο
1233 1737 1564 1805 μεγαλουργὸς
1589 1738 1719 1802 μηδὲ,

62 1836 112 1860 20
131 1819 179 1869 ἐν
206 1824 272 1888 τῷ
308 1819 541 1872 δύνασθαι
574 1820 730 1872 πάντα
765 1824 881 1886 δρᾶν
908 1821 1135 1920 ὑπάρχων
1167 1819 1416 1887 ἐκπρεπὴς,
1452 1826 1600 1921 φεῦγε
1635 1820 1721 1884 τὴν

129 1904 392 1971 παρ’ῥησίαν·
442 1925 531 1970 εσῃ
570 1903 664 1969 γὰρ
704 1926 824 1954 ουτω
862 1928 923 1954 τω
965 1927 1122 1974 κοῦ-μω
1160 1903 1395 1969 γνώριμος
1431 1926 1508 1954 και
1541 1904 1590 1953 ἐν
1625 1907 1722 1956 τοῖς

130 1984 279 2050 ὁρῶσι
323 1985 736 2053 περιφανέστερος.
809 1984 957 2051 λόγος
995 2009 1079 2047 μεν
1119 1986 1200 2036 οὖν
1239 1987 1264 2036 ὁ
1302 1987 1412 2052 παρ’
1448 1986 1634 2036 ἐκείνων
1673 1986 1722 2035 ἐν

127 2066 321 2121 τούτοις.
373 2067 728 2131 ἐπισημαίνεται
760 2066 809 2118 δὲ
847 2067 1096 2135 χρησίμως
1131 2069 1156 2119 ὁ
1191 2067 1476 2136 σοφώτατος
1504 2068 1718 2133 Εὐαγγε-

127 2148 312 2213 λιστὴς,
340 2151 403 2203 ὡς
438 2150 568 2200 οὔπω
604 2149 992 2201 πεπιστεύκεισαν
1018 2155 1076 2205 εἰς
1112 2151 1240 2202 αὐτὶν
1268 2155 1303 2201 οἱ
1339 2146 1531 2219 ἀδελφοὶ
1570 2150 1716 2199 αὐτοῦ·
1741 2163 1762 2190 0

60 2246 108 2284 25
129 2233 204 2281 καὶ
236 2229 330 2297 γὰρ
364 2229 421 2294 ἧν
453 2230 598 2284 ὅντως
631 2235 727 2281 τῶν
758 2229 1075 2282 ἀτοπωτάτων
1108 2233 1182 2282 ἐπὶ
1221 2236 1319 2285 τοῖς
1357 2232 1479 2282 οὕτω
1515 2233 1721 2299 ψυχροῖς

128 2312 573 2377 καταγινώσκεσθαι
620 2312 802 2378 λόγοις,
848 2312 955 2367 τοὺς
1000 2313 1090 2378 ἤδη
1138 2312 1215 2363 διὰ
1256 2316 1339 2376 τῆς
1384 2313 1591 2366 πίστεως
1634 2311 1722 2376 τὴν

128 2397 364 2461 θεοπρεπῆ
403 2396 509 2461 περὶ
548 2395 690 2445 αὐτοῦ
728 2395 970 2457 λαβόντας
1006 2396 1278 2460 ἐπίγνωσιν.
1332 2393 1464 2444 ἀλλὰ
1496 2393 1602 2445 τότε
1634 2392 1720 2457 μὲν

128 2476 257 2526 οὔπω
307 2474 672 2530 πεπιστευκότες
729 2482 942 2527 λαλοῦσι
997 2481 1183 2546 σοφῶς·
1253 2474 1409 2540 ἐπειδὴ
1467 2475 1516 2526 δὲ
1574 2498 1717 2526 πεπι-

127 2556 360 2608 στεύκασι
387 2557 440 2608 τὸ
467 2558 590 2622 μέγα
621 2560 725 2625 περὶ
759 2559 903 2609 αὐτοῦ
937 2558 1156 2611 συνέντες
1189 2557 1466 2623 μυστήριον,
1494 2561 1556 2611 εἷς
1582 2562 1720 2608 τοῦτο

60 2656 110 2693 30
129 2640 400 2699 θεοσεβείας
435 2662 485 2690 τε
520 2641 594 2691 καὶ
631 2642 797 2706 ἀρετῆς
834 2640 1195 2708 ἀνατρέχουσιν,
1226 2641 1288 2693 ὡς
1314 2641 1389 2689 καὶ
1415 2638 1721 2693 ἀποστόλους

174 2763 208 2797 6.
235 2777 275 2796 αι
263 2761 352 2807 ’τόν]
378 2766 413 2802 -1-
435 2764 554 2796 τοῦτον
573 2762 614 2797 Β.
758 2775 790 2808 9.
817 2762 865 2809 τι]
886 2764 924 2797 τὸ
945 2763 987 2797 Β.
1135 2773 1188 2796 12.
1216 2761 1393 2797 ἐθέλοντος
1413 2761 1454 2795 Β.
1473 2760 1633 2797 θέλοντος
1651 2761 1720 2796 Ed.

133 2818 186 2853 15.
213 2809 406 2849 ἀναβαίνειν
422 2809 511 2855 αὐτῷ
530 2808 830 2850 συμβουλεύουσιν
846 2810 913 2844 hoc
932 2809 1054 2844 ordine
1077 2809 1117 2842 Β.
1125 2809 1170 2842 D.
1189 2809 1381 2849 ἀναβαίνειν
1401 2815 1478 2852 post
1501 2807 1720 2851 συμβουλεύ-

129 2871 228 2891 ουσιν
244 2860 289 2890 tr.
312 2855 376 2889 Ed.
544 2855 594 2889 16.
622 2856 657 2889 δὲ
680 2855 719 2889 B.
738 2871 774 2889 τε
793 2856 860 2890 Ed.
1025 2867 1078 2891 17.
1103 2869 1315 2889 πιστευωσιν
1334 2855 1376 2889 Β.
1394 2854 1633 2889 πιστεύσωσιν
1652 2854 1718 2889 Ed.

131 2914 186 2938 20.
214 2903 378 2947 ὑπάρχειν
398 2902 439 2935 Β.
596 2912 651 2944 25.
677 2902 731 2936 ε’πι
749 2909 973 2948 assumptum
991 2914 1032 2936 ex
1056 2902 1096 2936 B.
1258 2911 1313 2946 27.
1343 2901 1438 2935 Haec
1456 2901 1548 2935 ἀλλὰ
1565 2903 1642 2935 τότε
1658 2902 1720 2945 μὲν

129 2964 221 2984 ουπω
239 2950 504 2983 πεπιστευκότες
521 2949 670 2982 λαλοῦσι
688 2951 819 2994 σοφῶς·
840 2955 1022 2994 assumpta
1040 2961 1080 2983 ex
1102 2949 1143 2983 Β.
1195 2947 1318 2982 Statlm
1339 2948 1452 2992 ἐπειδὴ
1474 2947 1514 2981 B.
1535 2948 1608 2981 ἐπει
1628 2947 1695 2982 Ed.
