2084 3317
319 159 404 198 422
725 158 773 198 B.
808 157 1084 198 CYRILLI
1126 155 1508 197 ALEXANDR.
1769 154 1907 206 vi.15.

282 265 478 330 Ομόνον,
504 266 638 318 ἀλλὰ
673 265 731 330 δὴ
766 268 843 317 καὶ
877 270 1093 334 φονῶσιν
1117 265 1284 318 ἀδίκως
1318 262 1402 315 τὸν
1435 263 1506 315 ὅτι
1543 261 1778 328 προσήκοι
1803 265 1906 313 δια-

320 347 487 414 σώζειν
524 347 691 402 αὐτοὺς
731 347 1130 415 προθυμούμενον,
1170 345 1414 399 ἀτιθάσοις
1453 346 1692 398 ἀπονοίαις
1726 342 1913 397 πόλεώς

320 452 370 481 τε
402 433 485 494 τῆς
518 431 695 481 ἑαυτῶν
722 431 799 480 καὶ
834 429 990 497 χώρας
1018 428 1305 481 ἐλαύνοντες·
1345 430 1386 478 οἱ
1414 425 1463 477 δὲ
1489 430 1570 490 τῆς
1595 424 1913 493 Ἰερουσαλὴμ

319 512 639 581 ἐξῳκισμένοι,
667 513 742 562 καὶ
779 510 852 562 διὰ
879 510 1045 561 τούτου
1070 509 1124 560 τὸ
1151 508 1407 574 ἀλλογενὲς
1439 509 1819 576 ὑπεμφαίνοντες,
1847 507 1914 556 ἐνὶ

320 595 397 643 καὶ
434 593 563 662 μόνῳ
601 593 783 661 σημείῳ
827 591 1093 660 δοξάζουσι,
1133 592 1209 641 καὶ
1251 590 1593 644 ἀνενδοιάστως
1644 594 1702 658 τῇ
1755 589 1915 641 πίστει
1935 606 1957 645 5

319 674 670 741 παραδέχεσθαι
706 677 800 724 δεῖν
826 672 909 727 τὰς
943 673 1012 724 ἐπ’
1042 674 1168 741 αὐτῷ
1199 671 1452 741 διαλήψεις
1487 673 1682 738 εὐγενῶς
1714 669 1910 734 δοκιμά-

320 756 494 823 ζουσιν.
547 755 640 807 ἀπὸ
685 755 742 820 δὴ
783 755 962 806 τούτων
1004 754 1239 816 ἁπάντων,
1280 754 1672 820 αὐτοκατάκριτος
1715 752 1801 818 μὲν
1841 755 1917 804 καὶ

322 837 611 904 αὐτόκληρος
649 842 712 892 εἰς
750 836 805 888 τὸ
844 840 1013 905 χρῆναι
1052 835 1222 887 λοιπὸν
1253 837 1628 903 ἀποῤῥίπτεσθαι
1668 834 1853 888 δικαίως
1891 835 1916 886 ὁ

278 918 525 986 ᾶἸσραὴλ
551 919 853 981 ἀνεδείκνυτο,
881 921 1068 987 φειδοῦς
1107 917 1155 968 δὲ
1193 920 1275 981 τῆς
1313 917 1491 968 ἄνωθεν
1523 919 1599 968 καὶ
1632 916 1918 983 ἀγαπήσεως

321 1004 406 1065 τῆς
448 1001 524 1052 διὰ
563 1006 780 1069 Χριστοῦ
819 1000 873 1052 τὸ
915 1003 1083 1068 χρῆναι
1125 1005 1290 1067 λαχεῖν
1324 999 1414 1064 ἤδη
1452 1004 1547 1054 τοῖς
1586 1000 1732 1050 ἐθνῶν
1765 1021 1914 1066 χρεω-

322 1083 599 1146 στούμενον.

258 1238 486 1289 ι5’1Ησοῦε
530 1235 603 1279 οὖν
649 1238 770 1285 Γνοὺς
813 1239 878 1279 ὅτι
921 1238 1147 1285 μέλλουσιν
1191 1237 1388 1293 ἔρχεσθαι
1432 1236 1501 1277 καὶ
1543 1237 1744 1293 ἁρπάζειν
1788 1236 1917 1279 αὐτὸν

389 1318 460 1362 ἳνα
503 1321 718 1363 Ποιήσωσι
761 1321 950 1372 βασιλέα,
993 1319 1243 1377 ἀνεχὼρΗσε
1283 1322 1410 1361 Πάλιν
1454 1318 1515 1361 εἷς
1554 1319 1602 1361 τὸ
1644 1319 1746 1376 ὄρος
1789 1319 1917 1361 αὐτὸς

391 1404 538 1453 μόνος.

401 1510 886 1579 Ἀξιεπαινετωτάτην
924 1510 1008 1574 μὲν
1046 1511 1104 1562 ἄν
1142 1534 1211 1565 τις
1254 1512 1445 1576 ἐποίησε
1491 1511 1576 1575 τὴν
1619 1513 1803 1581 ψῆφον,
1844 1513 1919 1562 καὶ

325 1593 521 1662 σφόδρα
566 1596 751 1647 δικαίως
798 1598 894 1647 τοῖς
939 1593 1033 1645 ἀπὸ
1078 1599 1161 1644 τοῦ
1205 1594 1418 1658 μεγάλου
1460 1593 1695 1657 θαύματος
1740 1595 1915 1645 ἀναπε-

287 1674 592 1739 επεισμένοις
644 1676 860 1738 εὐκόλως,
913 1676 984 1727 ὅτι
1035 1675 1092 1741 δὴ
1143 1676 1314 1742 πρέποι
1365 1675 1424 1727 τὰ
1473 1676 1664 1728 πάντων
1707 1672 1921 1744 ἐξαίρετα

326 1762 575 1823 προσεῖναι
614 1759 827 1827 Χριστῷ,
867 1760 942 1808 καὶ
983 1757 1068 1821 τὴν
1109 1757 1372 1824 ἀκροτάτην
1413 1760 1474 1810 ὡς
1513 1760 1562 1808 ἐν
1602 1758 1741 1826 μοίρᾳ
1785 1759 1922 1821 τιμῆς

327 1840 647 1891 ἀνατίθεσθαι.
700 1838 754 1890 τὸ
800 1839 893 1906 γὰρ
932 1840 1108 1891 ἐθέλειν
1152 1840 1278 1891 αὐτὶν
1323 1844 1383 1894 εἷς
1428 1840 1637 1900 βασιλέα.
1686 1840 1922 1906 προχειρί-

327 1921 504 1987 ζεσθαι,
531 1923 578 1971 τί
609 1920 668 1972 ἀν
694 1922 803 1985 ἡμῖν
829 1922 988 1987 ἕτερον
1014 1921 1042 1987 ἢ
1067 1928 1205 1973 τοῦτο
1240 1922 1481 1989 σημαίνῃ,
1525 1922 1756 1988 ἀγασθείη
1792 1922 1834 1971 δ’
1864 1922 1922 1972 ἄν

327 2025 397 2056 τις
438 2001 624 2057 εἰκότως
669 2003 786 2066 μετὰ
826 2008 921 2054 τῶν
959 2004 1126 2055 ἄλλων
1165 2005 1240 2054 καὶ
1280 2009 1433 2066 τοῦτο,
1469 2002 1778 2069 ὑπογραμμὸς
1828 2003 1923 2070 γὰρ

327 2084 438 2148 ἡμῖν
463 2085 775 2153 ἀφιλοδοξίας
808 2087 1071 2152 εὑρίσκεται
1097 2084 1327 2151 Χριστὸς,
1355 2088 1429 2136 καὶ
1456 2085 1563 2139 τοὺς
1590 2085 1661 2136 ὅτι
1686 2084 1922 2152 προσήκοι

328 2170 468 2229 τιμᾶν
493 2167 742 2230 ἑλομένους
782 2166 924 2218 αὐτὸν
955 2168 1255 2235 ἀποφεύγων,
1283 2169 1358 2218 καὶ
1396 2169 1650 2229 βασιλείαν
1684 2167 1769 2232 τὴν
1798 2170 1920 2219 ἀνω-

328 2247 455 2300 τάτω
499 2253 595 2300 τῶν
638 2252 686 2300 ἐν
733 2250 840 2313 ἡμῖν
878 2248 1260 2315 παραιτούμενος,
1302 2253 1339 2300 εἰ
1390 2252 1463 2301 καὶ
1511 2248 1753 2315 ἀζήλωτον
1796 2251 1923 2319 αὐτῷ

108 2353 193 2388 287
209 2351 260 2387 A,
291 2361 313 2386 a
330 2332 521 2395 ἀληθῶς
547 2329 600 2382 τὸ
627 2335 841 2398 πρᾶγμα,
868 2330 942 2382 διὰ
969 2330 1023 2381 τὸ
1052 2330 1243 2382 πάντων
1269 2331 1544 2392 βασιλεύειν
1569 2331 1688 2396 μετὰ
1716 2331 1922 2398 Πατρὸς,

330 2413 448 2476 ὁμοῦ
485 2412 533 2463 δὲ
568 2415 643 2463 καὶ
683 2414 875 2464 δίδωσιν
911 2415 1082 2463 ἐννοεῖν
1108 2418 1202 2465 τοῖς
1235 2417 1297 2466 εἷς
1329 2413 1499 2464 ἐλπίδα
1530 2413 1622 2477 τὴν.
1641 2412 1924 2477 μέλλουσαν

329 2495 706 2557 ἀποβλέπουσιν,
734 2494 805 2545 ὅτι
839 2494 1006 2561 μικρὸν
1033 2495 1188 2548 αὐτοῖς
1217 2494 1271 2545 τὸ
1306 2497 1355 2545 ἐν
1381 2496 1549 2565 κόσμῳ
1577 2495 1718 2561 μέγα,
1751 2500 1825 2546 καὶ
1853 2495 1924 2546 ὅτι

327 2575 412 2631 τὰς
450 2578 498 2627 ἐν
533 2580 651 2646 τῷδε
690 2580 756 2646 τῷ
794 2578 900 2647 βίῳ,
928 2576 1074 2642 ἤγουν
1100 2577 1282 2646 κόσμῳ,
1310 2577 1460 2640 τιμὰς,
1490 2576 1577 2628 κᾶν
1603 2580 1923 2642 αὐτομολῶσι,

379 2732 408 2754 1.
435 2720 527 2754 ἀλλὰ
545 2720 603 2766 δὴ]
623 2720 732 2755 ἀλίδει
751 2720 809 2766 (=
826 2720 904 2755 ἀλλ’
924 2719 1006 2764 ἤδη)
1026 2719 1068 2753 Β.
1219 2732 1252 2762 4.
1279 2719 1401 2755 τούτου
1418 2722 1456 2755 τὸ
1474 2720 1676 2767 ἀλλογενές]
1697 2724 1797 2756 τοῦτο
1815 2722 1922 2755 ἀλλο-

327 2769 434 2812 γενεῖς
454 2767 496 2801 Β.
609 2767 642 2802 6.
655 2767 828 2859 Ιε5ὐγενὶἰ)ς]
849 2771 1024 2812 συγγενῶς
1044 2766 1085 2800 Β.
1195 2766 1228 2800 8.
1255 2769 1389 2812 χρῆναι]
1411 2770 1522 2813 χρῆμα
1544 2768 1585 2802 Β.
1703 2780 1755 2803 10.
1782 2768 1920 2814 λαχεῖν]

327 2815 446 2848 λαλειν
468 2813 508 2848 Β.
735 2814 1030 2857 Ἀξιεπαινετάτην
1045 2813 1087 2847 Β.
1244 2825 1298 2847 2.0
1326 2813 1403 2857 ἡμῖν
1421 2821 1643 2860 assumptum
1662 2827 1703 2849 ex
1724 2816 1765 2850 B.
1825 2815 1922 2861 ἁγια-

329 2860 426 2904 σθείη
450 2861 491 2894 Β.
555 2861 621 2905 γὰρ
639 2826 708 2906 ρΙῑο
722 2860 750 2894 δ’
770 2862 809 2895 ἂν
831 2861 870 2894 B.
1040 2871 1094 2893 21.
1123 2859 1284 2895 εἰκότως
1276 2869 1501 2906 assumptum
1518 2873 1559 2895 ex
1580 2861 1622 2895 B.
1788 2873 1842 2906 23.
1869 2863 1923 2896 καὶ

329 2918 398 2940 om.
419 2907 460 2941 B.
595 2919 650 2949 24.
678 2908 766 2955 αὐτῷ
785 2920 868 2947 om„
888 2907 997 2941 αὐτῶν
1015 2912 1094 2951 post
1111 2908 1251 2951 πρᾶγμα
1269 2906 1401 2942 addens
1422 2908 1462 2942 B.
1601 2907 1656 2942 26.
1684 2923 1719 2942 τε
1740 2920 1804 2953 pro
1822 2909 1857 2943 δὲ
1879 2909 1921 2942 Β.

330 2953 453 2988 ἐννοεῖν
472 2953 513 2987 Β.
533 2956 620 2988 νοεῖν
640 2954 704 2988 Ed.
849 2955 904 2988 28.
931 2956 1034 2999 ἤγουν
1051 2955 1169 2998 κόσμῳ
1187 2965 1257 2986 om.
1280 2953 1319 2987 B.

1940 1017 1988 1042 10

1942 1941 1992 1965 20
