2084 3317
81 296 186 335 Supra

80 339 124 369 lii.
142 348 190 378 ²5·

79 1544 156 1579 176
175 1544 227 1578 Α.
262 1552 284 1577 a

79 1868 129 1899 ΙΙ).
150 1868 198 1899 26.

305 189 388 228 262
706 191 756 231 B.
790 191 1062 232 CYRILLI
1105 192 1485 234 ALEXANDR.
1720 193 1775 234 iv.
1798 206 1890 248 1—3.

1256 310 1284 331 “
1305 304 1353 353 ἐκ
1392 307 1486 354 τῶν
1525 306 1746 367 μαθητῶν
1783 304 1889 353 Ἰω-

385 298 639 363 Ζητήσεως
681 307 930 367 τοιγαροῦν
969 302 1217 368 γενομένης

308 386 335 408 “
361 380 502 431 άννου
528 380 644 444 μετὰ
663 383 890 434 Ἰουδαίου
914 389 1019 450 περὶ
1046 384 1385 450 καθαρισμοῦ,”
1405 384 1556 439 πολῦς
1582 386 1691 452 παρ’
1714 387 1894 452 ἀμφοῖν

306 460 364 525 ἧν
399 463 423 511 ὁ
461 461 623 528 λόγος.
683 468 723 514 οἱ
763 464 848 528 μὲν
884 464 977 531 γάρ
1015 470 1081 535 τῷ
1120 467 1269 536 οἰκείῳ
1304 466 1579 536 διδασκάλῳ
1608 468 1894 534 συναγορεύ-

307 566 449 607 οντες,
488 549 581 595 τῶν
627 550 829 608 νομικῶν
867 548 1264 614 περιῤῥαντηρίων
1305 551 1379 599 καὶ
1426 554 1520 599 τῶν
1561 550 1895 615 παρ’-ἐκείνοις

304 631 511 677 τυπικῶν
537 631 848 693 καθαρισμῶν
880 630 927 679 ἐν
964 630 1207 692 ἀμείνοσιν
1237 629 1326 694 ἤδη
1362 630 1547 696 με’τροις
1580 630 1632 681 τὸ
1669 633 1723 682 δι’
1752 633 1893 682 αὐτοῦ

304 707 523 772 γενέσθαι
568 710 841 760 διετείνοντο
885 709 1156 774 βάπτισμα·
1212 715 1286 762 καὶ
1330 712 1386 776 δὴ
1425 711 1546 763 κατὰ
1583 712 1637 763 τὸ
1676 713 1795 767 εἰκὸς
1834 717 1895 766 εἷς

305 788 544 858 ἀπόδειξιν
582 792 823 843 ἐποιοῦντο
861 798 945 843 τοῦ
983 791 1276 859 πράγματος,
1316 793 1369 845 τὸ
1408 793 1620 848 πολλοῦς
1658 793 1743 857 μὲν
1782 795 1894 846 ἱέναι

304 870 422 936 πρὸς·
448 872 603 934 αὐτὸν,
628 878 723 925 τῶν
751 874 800 925 δὲ
838 876 1154 942 ἀρχαιοτέρων
1179 899 1228 927 τε
1266 879 1339 927 καὶ
1373 876 1551 927 ἄνωθεν
1577 878 1696 928 ε’θῶν
1722 877 1895 941 ἥδιστα

303 954 412 1004 λίαν
438 956 721 1025 ἀποφοιτᾶν.
778 960 818 1008 οἱ
847 958 895 1008 δὲ
925 958 982 1008 αῦ
1008 957 1170 1021 πάλιν,
1195 959 1383 1025 ἐπείπερ
1419 964 1515 1012 τοῖς
1550 960 1605 1010 δι’
1634 960 1841 1013 ἐναντίας
1869 960 1894 1010 ὁ

303 1035 448 1101 λόγος
486 1039 676 1106 ἐφέρετο
716 1039 834 1091 κατὰ
873 1045 1096 1107 πρανοῦς,
1140 1043 1215 1091 καὶ
1261 1040 1442 1092 ὑδάτων
1481 1041 1613 1106 δίκην
1652 1042 1895 1108 καταῤῥοί-

303 1119 450 1186 ζουσα
474 1124 556 1185 τῆς
583 1123 805 1186 ἀληθείας
835 1123 861 1186 ἡ
890 1124 1082 1186 δύναμις
1110 1122 1192 1174 τὸν
1220 1124 1397 1190 ἀδρανῆ
1423 1127 1517 1174 τῶν
1537 1122 1896 1187 ἀνθεστηκότων

303 1201 520 1268 ἐβάπτιζε
557 1210 682 1263 νοῦν,
715 1206 789 1256 ἐπὶ
828 1204 881 1255 τὸ
920 1205 1050 1272 παρὰ
1089 1205 1284 1271 γνώμην
1315 1211 1542 1273 χωροῦσι,
1572 1207 1647 1256 καὶ
1685 1206 1892 1268 ἄκοντες,

302 1284 430 1335 πολὺ
469 1284 524 1349 δὴ
563 1285 764 1337 κάλλιον
796 1285 910 1338 εἶναι
949 1286 1166 1353 λέγοντες
1206 1286 1259 1337 τὸ
1297 1286 1373 1337 διὰ
1408 1292 1625 1353 Χριστοῦ
1663 1287 1896 1354 χορηγού-

303 1388 444 1428 μενον
475 1367 747 1431 βάπτισμα·
797 1370 873 1418 καὶ
913 1368 1227 1434 κατεκράτουν
1259 1368 1348 1432 ἤδη
1388 1374 1482 1422 τοῖς
1521 1369 1641 1422 ἰ’σοις
1680 1373 1741 1423 εἰς
1780 1369 1896 1421 ἀπό-

304 1448 448 1518 δειξιν
474 1450 862 1517 ἀποχρησάμενοι
889 1456 1155 1517 λογισμοῖς,
1182 1454 1258 1502 καὶ
1285 1450 1360 1502 διὰ
1392 1455 1486 1501 τῶν
1513 1452 1665 1502 αὐτῶν
1691 1453 1890 1516 ἐνθυμη-

1914 646 1937 685 5

1918 1061 1966 1088 10

1920 1475 1966 1511 15

304 1530 467 1594 μάτων
494 1537 587 1586 τοῖς
616 1532 909 1597 νενικηκόσιν
936 1533 1322 1600 ἀντεγειρόμενοι’
1364 1538 1537 1603 πολλῷ
1568 1532 1661 1600 γὰρ
1693 1535 1898 1599 ὁρᾶσθαι
1936 1557 1942 1559 ·

304 1614 496 1667 πλείους
532 1614 874 1683 διισχυρίζοντο
910 1615 1017 1670 τοὺς
1051 1617 1340 1682 προσιόντας
1367 1620 1581 1686 Χριστῷ,
1610 1619 1685 1666 καὶ
1716 1615 1897 1672 πάντας

303 1696 457 1766 ἐκείνῳ
484 1701 676 1761 μᾶλλον
700 1697 820 1764 ἤπερ
847 1697 1042 1767 Ἰωάννῃ
1068 1697 1397 1766 προστρέχειν·
1443 1698 1549 1750 ὅθεν
1576 1696 1702 1763 οἶμαι
1733 1702 1807 1750 καὶ
1834 1703 1897 1753 εἷς

305 1778 462 1843 λύπην
488 1780 831 1834 ἀνακαυθέντας
857 1779 964 1834 τοὺς
989 1780 1209 1831 Ἰωάννου
1235 1780 1449 1846 μαθητὰς
1475 1785 1541 1850 τῷ
1567 1782 1716 1851 οἰκείῳ
1742 1804 1896 1847 προσ-

305 1864 458 1911 ελθεῖν
484 1862 761 1932 διδασκάλῳ
789 1863 1016 1929 λέγοντας
1044 1871 1070 1893 “
1089 1863 1279 1926 Ῥαββὶ,
1307 1861 1356 1917 ὃς
1386 1861 1444 1927 ἧν
1470 1862 1588 1927 μετὰ
1622 1869 1713 1914 σοῦ
1747 1863 1896 1930 πέραν

305 1950 332 1972 “
359 1948 442 1994 τοῦ
469 1943 724 2009 Ἰορδάνου,
751 1942 788 2014 ᾧ
815 1943 879 1995 σὺ
903 1944 1282 2011 μεμαρτύρηκας,
1312 1945 1377 1996 ’ίδε
1405 1945 1540 1998 οὗτος
1566 1944 1793 2012 βαπτίζει,
1820 1947 1896 1996 καὶ

304 2032 331 2054 “
357 2024 529 2078 πάντες
575 2025 789 2094 ἔρχονται
834 2025 954 2092 πρὸς
999 2026 1183 2078 αὐτόν.”
1249 2026 1332 2081 τάς
1374 2026 1468 2092 γὰρ
1516 2027 1573 2095 ἐξ
1612 2027 1759 2092 ἔριδος
1802 2031 1897 2078 τῶν

302 2108 541 2158 Ἰουδαίων
575 2107 842 2174 προτάσεις,
870 2109 973 2173 ἤτοι
1008 2107 1182 2175 λόγους
1218 2108 1577 2171 ἀποδεικτικοὺς,
1605 2111 1667 2163 ὡς
1700 2111 1748 2160 ἐν
1777 2111 1894 2177 ἐρω-

257 2189 437 2253 ὺτήσει
472 2188 801 2258 προΐσχονται.
867 2192 1075 2241 ἐντεῦθεν
1112 2196 1363 2257 τοιγαροῦν
1398 2190 1646 2256 ἐγνωκέναι
1686 2195 1838 2259 φησὶν
1873 2193 1898 2242 ὁ

304 2271 669 2338 Εὐαγγελιστὴς
701 2272 784 2323 τὸν
813 2272 991 2339 Κύριον
1018 2273 1079 2324 ’ότι
1108 2271 1296 2333 ἤκουσαν
1323 2280 1356 2324 οἱ
1383 2277 1609 2342 Φαρισαῖοι
1645 2274 1707 2324 ’ὅτι
1734 2275 1896 2334 Ἰησοῦς

303 2356 512 2408 πλείονας
551 2353 756 2422 μαθητὰς
796 2358 918 2406 ποιεῖ
953 2353 973 2414 ἢ
1009 2355 1217 2418 Ἰωάννης,
1252 2353 1349 2406 εἶτα
1383 2355 1466 2406 τὸν
1500 2355 1711 2424 ἐξαίσιον
1744 2357 1899 2407 αὐτῶν

301 2435 673 2501 παραιτούμενος
702 2434 898 2505 φθόνον,
928 2438 1004 2487 καὶ
1030 2440 1175 2507 καιρῷ
1203 2437 1461 2505 φυλάττων
1488 2439 1588 2507 ἰδίῳ
1621 2437 1674 2489 τὸ
1707 2442 1895 2500 παθεῖν,

302 2521 385 2582 τῆς
422 2517 507 2582 μὲν
539 2523 634 2569 τῶν
666 2519 906 2570 Ἰουδαίων
938 2517 1149 2587 ὑπέξεισι
1188 2518 1358 2587 χώρας,
1395 2522 1629 2588 ἀναχωρεῖ
1664 2520 1713 2571 δὲ
1751 2519 1900 2572 πάλιν

302 2604 364 2653 εἰς
396 2599 482 2664 τὴν
510 2602 793 2652 Γαλιλαίαν.

354 2765 385 2801 7.
411 2755 509 2802 ἰέναι]
530 2755 612 2791 εἶναι
634 2757 674 2792 Β.
819 2758 852 2791 8.
879 2772 914 2791 τε
933 2764 1156 2802 assumptum
1175 2769 1216 2791 ex
1238 2757 1278 2791 B.
1428 2770 1480 2803 13.
1507 2758 1761 2804 χορηγούμενον
1781 2759 1822 2793 Β.
1841 2761 1899 2793 λε-

303 2805 447 2846 γόμενον
467 2803 533 2838 Ed.
683 2813 734 2849 15.
761 2804 1000 2848 ἐνθυμημάτων
1017 2816 1087 2838 om.
1111 2804 1151 2838 Β.
1313 2816 1364 2849 19.
1390 2806 1600 2850 προσελθεῖν
1617 2806 1814 2852 διδασκάλῳ
1832 2805 1898 2840 hoc

302 2849 425 2884 ordine
445 2850 486 2884 B.
631 2862 687 2885 21.
715 2852 759 2887 ὡς
777 2863 840 2896 pro
858 2849 884 2898 ᾦ
904 2852 968 2895 (sic
987 2857 1026 2885 ut
1045 2863 1151 2896 supra
1174 2850 1236 2894 164
1248 2852 1281 2896 e)
1302 2851 1344 2886 B.

1916 1886 1965 1911 20
