2021 3296
115 109 142 150 i.
169 120 205 161 7.
348 109 422 149 IN
464 108 507 148 S.
541 104 878 147 JOANNEM.
941 105 1066 145 LIB.
1100 105 1134 145 I.
1198 105 1332 145 CAP.
1366 105 1469 145 VII.
1648 106 1703 147 93

115 217 173 269 ἂν
200 215 383 282 νοηθείη
409 213 579 267 λοιπὸν
604 212 781 267 παντὸς
805 213 996 265 ἐπαίνου
1021 213 1242 278 κρείττων
1266 211 1364 275 ἅμα
1393 213 1469 263 καὶ
1503 211 1699 280 ἀξιολο-

115 299 318 365 γώτερος
354 299 380 349 ὃ
413 295 625 364 τοσαύτῃ
656 293 788 362 παρὰ
814 298 939 346 Θεοῦ
966 292 1336 357 κατεστεμμένος
1363 297 1506 361 τιμῇ;
1549 291 1621 343 διὸ
1649 291 1706 356 δὴ

115 382 192 431 καὶ
217 380 245 444 ἡ
271 385 355 431 τοῦ
380 379 608 442 ὀνόματος
633 375 794 441 μνήμη
820 375 1067 443 χρησίμως
1093 398 1143 426 τε
1171 377 1246 426 καὶ
1273 375 1534 441 ἀναγκαίως
1554 396 1707 440 παρα-
1726 399 1747 426 e

117 459 427 525 λαμβάνεται.
501 458 657 523 ἐπειδὴ
704 457 752 509 δὲ
796 457 1129 523 προστέθεικεν
1170 458 1195 507 ὁ
1235 454 1601 522 Εὐαγγελιστὴς
1645 459 1708 510 εἷς

75 560 97 598 5
116 542 375 609 μαρτυρίαν
400 539 702 593 ἀπεστάλθαι
736 538 866 605 παρὰ
893 542 1019 589 Θεοῦ
1053 538 1136 589 τὸν
1162 536 1296 601 ἅγιον
1325 536 1612 601 βαπτιστήν,
1636 537 1711 588 ’ἵνα

118 623 281 679 πάντες
316 622 587 676 πιστεύει-ωσι
624 618 676 673 δι’
702 622 846 683 αὑτοῦ,
871 620 1019 672 πάλιν
1044 622 1187 671 ἐκεῖνο
1222 622 1427 686 ἐροῦμεν,
1456 619 1570 670 ὅταν
1599 619 1711 683 ἡμῖν

119 709 162 757 οὶ
199 707 254 756 δι’
294 704 504 758 ἐναντίας
542 703 860 755 ἀντιπίπτωσι
899 701 1118 767 λέγοντες
1152 702 1298 752 Διατί
1331 700 1396 765 μὴ
1434 698 1605 754 πάντες
1643 703 1710 769 τῷ

120 786 279 838 θεόθεν
304 784 650 854 ἀπεσταλμένῳ
676 784 1052 844 πεπιστεύκασι,
1095 787 1196 836 πῶς
1231 783 1278 833 δὲ
1312 780 1544 846 ἠτόνησεν
1571 785 1632 834 εἰς
1655 780 1710 832 τὸ

118 869 285 920 πεῖσαί
305 890 434 921 τινας
460 868 484 918 ὁ
510 866 630 934 πρὸς
656 871 794 917 τοῦτο
832 864 908 916 διὰ
941 868 1024 928 τῆς
1059 864 1238 914 ἄνωθεν
1264 862 1435 933 ψήφου
1460 884 1707 929 προκεχει-

54 973 102 999 10
118 949 370 1016 ρισμένος;
415 949 492 1000 Οὐ
517 952 601 1012 τῆς
625 946 848 999 Ἰωάννου
880 947 1124 1015 ῥᾳθυμίας,
1151 943 1188 996 ὦ
1220 945 1361 1007 οὗτοι,
1387 945 1564 995 δίκαιον
1591 943 1712 1007 ἡμᾶς

119 1033 168 1082 ἐν
199 1031 379 1085 τούτοις
418 1034 710 1096 κατηγορεῖν,
738 1028 869 1080 ἀλλὰ
906 1031 989 1092 τῆς
1027 1032 1123 1078 τῶν
1157 1026 1475 1078 ἀπειθούντων
1511 1028 1713 1091 δυστρο-

119 1113 228 1166 πίας
266 1116 520 1175 καταβοᾶν.
574 1111 693 1162 ὅσον
725 1109 810 1175 μὲν
840 1109 933 1176 γὰρ
972 1113 1035 1163 εἰς
1072 1108 1156 1160 τὸν
1187 1114 1271 1160 τοῦ
1308 1107 1714 1174 προκηρύττοντος

121 1193 321 1258 σκοπὸν,
349 1196 425 1245 καὶ
463 1193 546 1245 τὸν
576 1196 660 1256 τῆς
699 1194 977 1255 ἀποστολῆς
1015 1194 1098 1255 τῆς
1139 1190 1320 1241 ἄνωθεν
1350 1187 1541 1256 τρόπον,
1567 1189 1714 1242 οὐδεὶς

123 1275 180 1327 ἂν
203 1276 376 1343 ηὑρέθη
413 1278 496 1339 τῆς
536 1274 846 1327 διδασκαλίας
885 1273 1127 1340 ἀμέτοχος,
1156 1273 1256 1323 οὐδ’
1284 1270 1343 1322 ἂν
1374 1270 1549 1334 ἔμεινεν
1584 1271 1712 1322 ἀπει-
1731 1290 1753 1315 a
1813 1281 1868 1316 63
1885 1280 1939 1316 A.

57 1371 103 1409 15
124 1357 224 1422 θής*
278 1357 433 1422 ἐπειδὴ
470 1357 518 1408 δὲ
553 1354 779 1425 διάφορος
815 1356 864 1406 ἐν
889 1360 986 1408 τοῖς
1020 1352 1331 1421 ἀκροωμένοις
1369 1352 1398 1416 ἦ
1432 1351 1611 1418 γνώμη,
1639 1354 1715 1403 καὶ

123 1442 206 1503 τῆς
231 1441 396 1493 οἰκείας
422 1438 739 1506 προαιρέσεως
766 1437 966 1489 ἕκαστος
992 1436 1086 1504 ἔχει
1119 1434 1204 1500 τὴν
1231 1434 1468 1503 ἐξουσίαν,
1494 1433 1718 1503 ἀπεσφά-

125 1521 286 1586 λησάν
311 1544 430 1575 τινες
456 1526 539 1572 τοῦ
566 1518 895 1589 συμφέροντος
927 1519 980 1569 οὐ
1012 1516 1389 1586 παραδεξάμενοι
1421 1515 1507 1580 τὴν
1534 1516 1714 1567 πίστιν.

124 1602 195 1654 διὸ
221 1604 375 1657 αὐτοῖς
400 1601 562 1670 ῥητέον
586 1599 806 1665 δηλονότι
832 1599 952 1651 κατὰ
983 1598 1037 1651 τὸ
1073 1602 1121 1650 ἐν
1145 1602 1212 1668 τῷ
1249 1596 1473 1666 προφήτῃ
1507 1598 1719 1660 κείμενον

126 1691 152 1715 “
178 1685 189 1700 c
284 1687 294 1701 ς
372 1684 384 1700 t
491 1686 500 1700 ²
605 1684 618 1700 t
781 1684 794 1701 x
832 1683 841 1696 ε
888 1683 899 1698 >
1028 1686 1048 1695 ν-
1121 1683 1132 1697 ⁵
1277 1680 1288 1698 t
1366 1680 1390 1697 9⁵
1862 1695 1870 1700 ,

195 1689 241 1736 O
269 1708 450 1736 ακουων
475 1706 693 1746 ακουετω,
720 1706 796 1733 και
823 1705 848 1732 ο
873 1685 1079 1733 απειθων
1106 1684 1364 1732 απειθειτω.
1780 1684 1885 1768 ξῑθξῖ·

58 1909 108 1934 20
155 1899 292 1942 Οὗτος
330 1897 458 1942 ἦλθεν
497 1897 557 1941 εἷο
594 1897 843 1957 μαρτυρίαν,
879 1898 949 1939 ἵνα
988 1897 1240 1955 μαρτυρύσῌ
1278 1896 1376 1954 Περὶ
1413 1899 1488 1938 τοῦ
1527 1896 1690 1952 φωτός.
1736 1896 1763 1937 b

191 2030 449 2099 ’Έμφασιν
494 2032 660 2097 ἀρετῆς
712 2033 788 2082 καὶ
838 2033 920 2094 τῆς
970 2035 1053 2081 τοῦ
1104 2031 1369 2097 προσώπου
1417 2027 1721 2098 περιφανείας

128 2114 278 2165 ὠδίνει
318 2113 371 2165 τό
410 2113 569 2168 Οὗτος.
625 2114 650 2163 ὁ
689 2112 781 2178 γὰρ
819 2115 869 2164 ἐκ
908 2116 1047 2175 Θεοῦ,
1083 2114 1250 2180 φησὶν,
1285 2110 1659 2174 ἀπεσταλμένος,
1695 2111 1719 2160 ὁ

127 2200 293 2247 πᾶσαν
330 2194 516 2248 εἰκότως
555 2194 867 2263 καταπλήξας
905 2193 990 2258 τὴν
1020 2194 1268 2255 Ἰουδαίαν,
1308 2197 1367 2261 τῇ
1405 2215 1456 2244 τε
1493 2197 1576 2243 τοῦ
1614 2191 1722 2251 βίου

130 2276 384 2341 σεμνότητι
429 2278 504 2328 καὶ
547 2281 647 2330 ταῖς
690 2281 751 2330 εὶς
791 2277 1000 2341 ἄσκησιν
1039 2277 1337 2342 ὑπερβολαῖς,
1377 2275 1401 2325 ὃ
1443 2273 1518 2325 διὰ
1560 2275 1721 2340 φωνῆς

63 2379 111 2417 25
131 2360 277 2425 ἁγίων
302 2357 735 2425 προκηρυττόμενος
760 2362 1036 2426 προφητῶν·
1078 2359 1153 2408 καὶ
1180 2356 1311 2423 παρὰ
1336 2357 1420 2420 μὲν
1444 2360 1511 2424 τῷ
1535 2354 1722 2423 Ἡσαΐᾳ

132 2446 159 2470 “
186 2439 327 2505 Φωνὴ
351 2445 560 2501 βοῶντος
585 2441 634 2491 ἐν
659 2443 716 2508 τῇ
744 2439 944 2509 ἐρήμῳ·”
984 2439 1114 2506 παρὰ
1141 2438 1190 2490 δὲ
1217 2443 1284 2509 τῷ
1306 2438 1519 2506 μακαρίῳ
1546 2437 1722 2487 Δαυεὶδ
1782 2458 1944 2499 Es.x1.3.

131 2521 305 2590 λύχνος
330 2525 530 2591 Χριστῷ
552 2519 992 2587 προητοιμασμένος
1018 2521 1313 2585 ὀνομασθείς·
1363 2518 1482 2574 οὗτος
1515 2513 1634 2579 ἦλθεν
1661 2522 1720 2572 Εἷς
1737 2543 1759 2569 0
1780 2519 1891 2593 {gn

1785 2613 1834 2645 17.

182 2677 211 2700 1.
237 2665 320 2711 ἅμα]
341 2664 432 2709 οἶμαι
454 2667 494 2700 Β.
631 2676 664 2711 5.
690 2665 798 2711 παρὰ]
825 2670 860 2707 -ξ-
882 2668 942 2700 τοῦ
962 2666 1004 2701 Β.
1142 2675 1173 2710 7.
1201 2664 1305 2710 διοτί]
1325 2665 1379 2699 διὰ
1396 2665 1434 2698 τὸ
1455 2663 1497 2698 Β.
1641 2675 1674 2707 9.
1701 2664 1720 2696 ὁ

132 2724 203 2748 om.
222 2712 264 2746 Β.
345 2713 686 2758 προκεχωρισμένους
705 2713 746 2746 Β.
918 2724 930 2746 1
942 2724 970 2747 Ι.
995 2714 1065 2748 τοῖς
1083 2724 1146 2757 pro
1163 2713 1222 2755 τῆς
1241 2712 1282 2745 Ε.
1454 2721 1506 2743 12.
1532 2708 1718 2754 καταβοᾶν]

133 2761 328 2804 κατηγορεῖν
346 2759 389 2793 Ε.
535 2770 587 2801 14.
614 2758 758 2804 μέτοχος
777 2759 819 2794 Β.
885 2760 1011 2803 ἔμεινεν
1028 2758 1121 2792 edidi
1139 2770 1179 2792 ex
1200 2758 1255 2797 B.‚
1275 2757 1334 2802 qui
1352 2757 1564 2799 ουδανεμινεν
1578 2757 1589 2799 (
1602 2772 1631 2783 =
1650 2755 1721 2789 οὐδ’

133 2806 174 2840 ἂν
191 2806 332 2850 ἔμεινεν)
351 2804 501 2839 exhibet.
521 2805 684 2849 ἐνέμεινεν
702 2805 769 2840 Ed.
917 2806 970 2840 18.
997 2806 1048 2839 διὸ
1066 2805 1178 2839 αὐτοῖς
1194 2802 1329 2848 ῥητέον]
1350 2802 1390 2837 δι’
1410 2803 1547 2838 ἑαυτοὺς
1566 2803 1609 2837 Β.
1674 2804 1721 2847 τῷ

135 2864 204 2886 om.
224 2853 266 2886 B.
397 2862 451 2886 20.
477 2852 668 2896 μαρτυρίσῃ
688 2852 728 2886 E.
858 2863 912 2895 24.
941 2848 1395 2896 σεμνότητι-ὑπερβολαῖς]
1416 2864 1470 2883 και
1486 2864 1542 2885 τες
1560 2849 1614 2893 (=
1635 2850 1722 2893 ταῖς)

135 2914 181 2934 εις
199 2913 390 2943 ασκησεσιν
407 2912 594 2942 σεμνοτητη
613 2913 664 2932 και
683 2899 890 2944 ὑπερβολαὶς
911 2899 951 2932 Β.
1020 2897 1126 2932 Cord.
1145 2897 1250 2931 habet
1267 2896 1303 2930 id
1322 2895 1416 2942 quod
1436 2895 1503 2931 Ed.
