2084 3317
356 157 439 196 532
758 156 807 196 B.
840 155 1114 196 CYRILLI
1156 154 1535 195 ALEXANDR.
1801 153 1857 194 vi.
1877 163 1943 207 54.

135 263 280 349 ffistffi·
357 265 651 331 παράβασιν.
713 265 816 316 τότε
858 264 951 331 γὰρ
992 269 1181 331 πρῶτον
1220 263 1490 328 ἠκούσαμεν
1530 270 1556 294 “
1577 266 1646 327 Γῆ
1687 260 1729 313 εἶ
1765 264 1840 313 καὶ
1881 264 1944 315 εἷς

359 353 383 376 “
411 349 503 412 γῆν
541 346 832 414 ἀπελεύσῃ.”
901 347 1012 396 ἀλλ’
1055 346 1241 410 ἐπείπερ
1288 344 1458 406 ε”μελλε
1501 344 1584 395 τὸν
1629 346 1750 396 οὕτω
1794 341 1944 394 δεινὸν

357 429 640 497 ἀνατρέψειν
689 428 916 494 τύραννον
972 428 996 477 ὁ
1056 425 1285 493 Χριστὸς,
1336 425 1411 477 διὰ
1467 429 1549 490 τῆς
1607 426 1743 492 ἁγίας
1802 426 1945 476 αὐτοῦ

355 509 534 576 σαρκὸς
590 511 639 560 ἐν
690 510 798 573 ἡμῖν
850 508 1094 574 γινόμενος
1144 510 1206 562 ὡς
1257 506 1363 573 ζωὴ,
1415 513 1797 574 προανετυποῦτο
1847 512 1943 561 τοῖς

317 591 506 642 επάλαι
550 591 604 642 τὸ
649 589 924 656 μυστήριον,
971 592 1046 641 καὶ
1098 589 1384 654 ἀπεγεύοντο
1428 594 1523 640 τῶν
1566 595 1650 640 τοῦ
1698 587 1944 655 προβάτου
1965 607 1987 645 5

355 677 515 737 κρεῶν,
544 671 843 738 ἁγιαῷμενοί
873 695 923 722 τε
955 675 1021 741 τῷ
1057 672 1217 735 αἵματι
1245 670 1537 737 διεσώζοντο,
1563 670 1943 738 παρατρέχοντος

353 752 534 817 αὐτοὺς,
574 754 694 806 κατὰ
736 754 977 818 βούλησιν
1019 757 1158 815 Θεοῦ,
1197 759 1281 804 τοῦ
1326 751 1594 820 ὀλοθρεύειν
1635 752 1941 818 τεταγμένου,

353 836 460 890 τοὺς
498 836 630 903 οἵπερ
668 835 796 901 ἦσαν
835 837 1025 904 μέτοχοι
1063 841 1147 887 τοῦ
1186 837 1349 899 ἀμνοῦ.
1420 835 1470 886 τί
1505 839 1755 901 τοιγαροῦν
1792 841 1942 902 χαλε-

352 919 541 980 παίνεις,
577 919 787 979 Ἰουδαῖε,
828 916 947 985 πρὸς
985 917 1070 982 τὴν
1110 918 1159 968 ἐκ
1197 921 1292 968 τῶν
1330 916 1491 968 τύπων
1529 916 1619 982 ἤδη
1658 916 1945 980 καλούμενος

353 999 592 1064 ἀλήθειαν,
620 1000 733 1052 ὅταν
759 1001 879 1069 λέγῃ
906 998 1122 1066 Χριστός
1147 999 1251 1051 'Edu
1278 998 1339 1066 μὴ
1376 998 1558 1067 φάγητε
1591 997 1660 1058 τὴν
1685 997 1839 1068 σάρκα,
1874 1000 1946 1050 τοῦ
1969 1021 2018 1047 10

353 1083 438 1133 υἱοῧ
468 1084 540 1134 τοῦ
576 1081 794 1149 ἀνθρώπου
833 1088 911 1134 καὶ
949 1085 1074 1142 πίητε
1111 1083 1241 1132 αὐτοῦ
1277 1081 1322 1132 τὶ
1358 1080 1495 1146 αἷμα,
1524 1084 1600 1132 οὐκ
1629 1080 1753 1144 ἔχετε
1781 1078 1884 1150 {miv
1908 1080 1946 1131 ἓν

354 1165 551 1225 ἑαυτοῖςς
600 1165 748 1215 καίτοι
785 1169 979 1229 μᾶλλον
1019 1165 1161 1230 ἐχρῆν
1199 1162 1573 1228 εὐθαρσέστερόν
1609 1185 1710 1216 πως
1748 1164 1822 1213 ἐπὶ
1860 1161 1946 1225 τὴν

132 1263 217 1298 363
231 1262 282 1298 A.
314 1250 448 1297 achv
478 1247 756 1312 μυστηρίων
791 1247 902 1296 ἰέναι
939 1245 1228 1313 κατάληψιν,
1257 1243 1333 1294 διὰ
1367 1249 1462 1295 τῶν
1490 1247 1797 1295 Μωυσαϊκῶν
1823 1266 1942 1310 προ-

352 1328 777 1394 παιδαγωγηθέντα
814 1328 1035 1390 βιβλίων,
1075 1329 1152 1378 καὶ
1197 1325 1274 1376 διὰ
1317 1325 1582 1394 σχημάτων
1621 1323 1946 1393 ἀρχαιοτάτων

351 1411 428 1461 ἐπὶ
455 1408 509 1461 τὸ
534 1412 703 1477 χρῆναι
729 1408 968 1460 πιστεύειν
994 1407 1337 1462 ἀνενδοιάστως
1363 1407 1817 1475 χειραγωγούμενον.
1969 1432 2016 1470 15

287 1610 404 1657 54‘O
442 1610 620 1667 τρὼΓων
659 1625 738 1659 μου
782 1611 857 1651 τὴν
897 1611 1034 1666 σάρκα
1078 1609 1145 1651 καὶ
1191 1609 1325 1651 Πίνων
1364 1624 1443 1658 μου
1481 1609 1529 1651 τὸ
1567 1604 1671 1657 αἷμα
1710 1607 1796 1663 ἔχει
1833 1608 1943 1665 ζωὴν

484 1692 674 1745 αἰώνιον,
714 1694 831 1741 κάΓὼ
868 1694 1099 1736 ἀναστήσω
1137 1692 1266 1736 αὐτὸν
1304 1693 1348 1734 ἐν
1386 1696 1437 1751 τῇ
1476 1692 1633 1750 ὲσχάτῌ
1672 1692 1823 1749 ἡμέρᾳ.

432 1815 539 1864 Κάν
576 1813 727 1883 τούτῳ
767 1813 823 1878 δὴ
861 1812 1080 1878 μάλιστα
1125 1812 1369 1878 θαυμάσαι
1413 1812 1644 1879 προσήκει
1688 1810 1771 1863 τὸν
1807 1809 1945 1877 ἅγιον

133 1900 241 1983 isuffa
357 1894 726 1961 Εὑαγγελιστήν
765 1902 792 1924 “
821 1897 916 1946 Καὶ
967 1897 992 1946 ὃ
1037 1895 1195 1961 Λόγος
1239 1894 1374 1964 σὰρξ
1423 1895 1652 1961 ἐγε’νετο,”
1693 1893 1946 1961 διαῤῥήδην

149 1968 155 1975 ’
212 1968 219 1975 ”
356 1976 727 2044 ἀνακεκραγότα·
789 1977 844 2027 οὐ
893 1976 987 2043 γὰρ
1039 1976 1110 2027 ὅτι
1159 1978 1354 2042 γέγονεν
1403 1977 1451 2027 ἐν
1501 1977 1659 2041 σαρκὶ,
1708 1976 1819 2025 ἀλλ’
1874 1974 1945 2026 ὅτι
1966 2000 2016 2026 20

311 2069 339 2110 b
357 2059 522 2124 γέγονε
548 2057 694 2127 σὰρξ,
724 2059 807 2109 οὐκ
833 2058 1161 2124 ἀπενάρκησεν
1187 2063 1342 2120 εἰπεῖν,
1369 2059 1445 2109 ἵνα
1481 2057 1610 2127 δείξῃ
1644 2056 1730 2122 τὴν
1753 2056 1940 2107 ἕνωσιν.

357 2142 433 2191 καὶ
468 2141 521 2191 οὐ
557 2140 708 2204 δήπου
742 2139 911 2208 φαμὲν,
938 2139 967 2204 ὴ
1003 2139 1086 2191 τὸν
1116 2142 1166 2191 ἐκ
1199 2139 1390 2206 Πατρὸς
1422 2139 1547 2191 Θεὸν
1574 2138 1736 2205 Λόγον
1762 2143 1823 2192 εἷς
1858 2137 1945 2202 τὴν

356 2224 440 2285 τῆς
476 2220 655 2287 σαρκὸς
688 2225 1097 2286 μεταπεποιῆσθαι
1133 2223 1294 2291 φύσιν,
1322 2222 1468 2288 ἤγουν
1493 2221 1579 2286 τὴν
1603 2221 1763 2288 σάρκα
1795 2243 1942 2285 μετα-

356 2307 575 2371 χωρῆσαι
612 2303 731 2370 πρὸς
771 2303 948 2370 Λόγον·
1009 2304 1132 2366 μένει
1175 2304 1270 2370 γὰρ
1311 2303 1546 2370 ἑκάτερον,
1589 2303 1704 2370 ὅπερ
1743 2304 1847 2354 ἐστὶ
1886 2305 1945 2371 τῇ

357 2385 515 2453 φύσει,
559 2387 636 2436 καὶ
681 2384 745 2439 εἷς
789 2385 847 2454 ἐξ
883 2386 1063 2454 ἀμφοῖν
1102 2387 1127 2436 ὁ
1170 2385 1398 2452 Χριστός·
1457 2385 1734 2453 ἀποῤῥήτως
1778 2384 1827 2436 δὲ
1869 2386 1944 2436 καὶ
1967 2407 2017 2446 25

358 2467 474 2534 ὑπὲρ
501 2472 611 2518 νοῦν
636 2467 719 2518 τὸν
746 2468 1039 2534 ἀνθρώπινον
1065 2467 1298 2532 ἡνωμένος
1325 2470 1350 2519 ὁ
1378 2466 1537 2534 Λόγος
1567 2471 1625 2535 τῇ
1657 2468 1747 2536 ἰδίᾳ
1779 2468 1941 2534 σαρκὶ,

357 2552 433 2600 καὶ
469 2549 588 2613 ὅλην
622 2547 787 2617 ὥσπερ
824 2553 885 2604 εἷς
919 2548 1085 2601 ἑαυτὸν
1119 2549 1428 2614 μεταστήσας
1467 2549 1567 2601 κατ’
1594 2549 1827 2616 ἐνέργειαν
1859 2548 1946 2614 τὴν

358 2633 407 2682 ἐν
441 2635 508 2701 τῷ
546 2631 778 2683 δύνασθαι
818 2631 1055 2698 ζωοποιεῖν
1087 2630 1147 2682 τὰ
1185 2631 1301 2697 ζωῆς
1341 2632 1548 2696 δεόμενα·
1595 2635 1677 2696 τῆς
1716 2630 1801 2696 μὲν
1835 2631 1945 2695 ἡμε-

318 2714 492 2780 οτέρας
532 2713 723 2783 φύσεως
768 2713 978 2782 ἐξήλασε
1024 2713 1110 2778 τὴν
1149 2714 1348 2782 φθορὰν,
1388 2714 1620 2784 ἐξέστησε
1660 2713 1708 2765 δὲ
1747 2714 1822 2764 καὶ
1863 2711 1946 2764 τὸν

403 2875 436 2908 3.
463 2865 565 2899 αὐτοῦ
585 2864 627 2898 Β.
646 2866 765 2899 ἑαυτοῦ
789 2865 854 2900 Ed.
1002 2877 1054 2900 11.
1080 2867 1139 2899 τοῦ
1158 2877 1229 2899 om.
1248 2865 1343 2899 Aub.
1363 2865 1505 2910 reposui
1523 2877 1564 2900 ex
1585 2865 1631 2899 D.
1776 2875 1829 2906 14.
1856 2863 1943 2909 σχή-

354 2925 443 2953 ματα
461 2911 508 2945 D.
642 2912 694 2945 18.
723 2912 893 2955 θαυμάσαι
912 2913 1064 2957 μάλιστα
1082 2912 1220 2947 inverso
1239 2912 1361 2947 ordine
1380 2912 1421 2947 B.
1553 2922 1608 2946 21.
1636 2912 1694 2946 οὐκ
1712 2911 1944 2955 ἀπενάρκησεν

357 2957 399 2990 Β.
419 2958 456 2991 οὐ
475 2958 722 3002 κατενάρκησεν
742 2959 807 2993 Ed.
