2084 3317
369 151 453 192 536
772 156 820 197 B.
855 155 1132 197 CYRILLI
1174 157 1553 198 ALEXANDR.
1811 156 1867 197 vi.
1886 154 1954 209 56·

369 266 396 289 ‘⁶
420 260 569 312 πίνων
606 264 656 313 ἐκ
695 269 778 315 τοῦ
816 265 1043 330 ποτηρίου
1087 265 1290 333 ἀναξίως
1329 270 1472 331 κρῖμα
1513 267 1661 334 ἑαυτῷ
1699 263 1843 315 ἐσθίει
1881 263 1957 312 καὶ

370 348 397 371 “
423 342 589 394 πίνει·”

367 424 552 484 βλέπω.

432 506 558 558 Πότε
582 509 739 559 τοίνυν
766 508 897 577 ὀίξιος
924 508 1026 577 ἔσῃ,
1043 510 1120 560 καὶ
1143 508 1254 576 παρ’
1276 510 1408 574 ἡμῶν
1435 512 1460 561 ὁ
1485 516 1624 562 τοῦτο
1649 509 1802 576 λέγων
1822 508 1959 559 ἄκου’-

368 609 517 651 σεται,
534 587 649 641 πότε
674 589 855 641 σαυτὸν
875 589 1206 657 παραστήσεις
1230 595 1298 661 τῷ
1317 595 1517 661 Χριστῷ
1539 613 1550 654 ;
1582 595 1620 643 εἰ
1645 590 1739 657 γὰρ
1763 590 1959 655 μέλλοις
1980 605 2002 643 5

369 669 438 718 ἀεὶ
463 675 834 722 καταπτοεΐσθαι
859 677 955 726 τοῖς
981 671 1323 737 ὀλισθήμασιν,
1350 672 1625 725 ὀλισθάνων
1651 672 1699 724 δὲ
1725 673 1807 723 οὐκ
1834 674 1956 723 ἀπο-

642 345 905 410 δοκιμάσας
949 345 998 397 δὲ
1042 346 1102 398 τὰ
1146 346 1245 397 κατ’
1286 344 1503 410 ἐμαυτὸν,
1545 347 1628 398 οὐκ
1669 345 1803 415 ἄξιον
1843 343 1958 395 ὄντα

148 748 203 831 f}
214 747 306 779 xviii.
329 750 546 820 θπαύσῃ·
588 759 615 782 “
640 752 727 807 Τίς
763 753 856 821 γὰρ
892 753 1094 819 συνήσει
1128 754 1520 822 παραπτώματα,’
1564 753 1685 806 κατὰ
1717 752 1801 805 τὸν
1826 752 1961 820 ἅγιον

369 832 653 903 ψαλμῳδὸν,
694 836 925 904 ἀμέτοχος
964 836 1196 906 εὑρεθήσῃ
1234 842 1481 892 παντελῶς
1521 843 1605 888 τοῦ
1649 836 1961 904 διασώζοντος

369 915 627 981 ἀγιασμοῦ.
683 918 852 969 οὐκοῦν
879 922 1021 986 λογιῇ
1054 918 1139 982 μὲν
1164 919 1508 985 εὐσεβέστερον
1534 919 1774 982 σύννομον
1798 920 1958 983 ἐπιτη-

370 997 514 1049 δεύειν
552 999 673 1061 βίον,
713 999 975 1068 μεταλήψῃ
1017 1000 1065 1051 δὲ
1105 1002 1227 1052 οὕτω
1266 1004 1349 1065 τῆς
1390 1002 1623 1067 εὐλογίας,
1662 1001 1715 1052 οὐ
1757 998 1962 1051 θανάτου
1985 1020 2033 1045 10

369 1079 529 1143 μόνον,
570 1080 702 1131 ἀλλὰ
751 1083 828 1132 καὶ
871 1086 965 1133 τῶν
1010 1083 1059 1133 ἐν
1102 1083 1212 1146 ἡμῖν
1257 1081 1540 1147 νοσημάτων
1585 1080 1964 1149 ἀποκρουστικὴν

371 1159 486 1212 εἶναι
519 1163 800 1217 πιστεύσας·
843 1164 1155 1231 κατακοιμίζει
1190 1163 1284 1231 γὰρ
1319 1166 1367 1216 ἐν
1399 1165 1507 1229 ἡμῖν
1533 1163 1740 1231 γεγονὼς
1777 1164 1801 1213 ὁ
1835 1167 1960 1230 Χρι-

371 1242 489 1297 στὸς
513 1244 597 1295 τὸν
621 1246 671 1296 ἐν
696 1249 792 1299 τοῖς
823 1244 997 1308 μέλεσι
1030 1248 1113 1309 τῆς
1149 1246 1329 1312 σαρκὸς
1364 1247 1669 1312 ἀγριαίνοντα
1703 1243 1860 1309 νόμον,
1887 1246 1964 1296 καὶ

372 1325 665 1392 ἀναζωπυρεῖ
698 1325 784 1390 μὲν
821 1325 908 1391 τὴν
946 1331 1009 1380 εἷς
1050 1326 1176 1378 Θεὸν
1217 1327 1484 1391 εὐλάβειαν,
1522 1329 1774 1394 ἀπονεκροῖ
1813 1325 1862 1377 δὲ
1904 1325 1965 1378 τὰ

372 1406 517 1471 πάθη,
542 1406 608 1472 μὴ
644 1406 946 1475 λογιζόμενος
980 1408 1090 1472 ἡμῖν
1126 1408 1186 1460 τὰ
1221 1411 1269 1460 ἐν
1301 1409 1367 1463 οἷς
1401 1411 1546 1474 ἐσμεν
1576 1409 1959 1475 παραπτώματα,
1987 1430 2034 1470 15

148 1529 234 1564 366
249 1527 299 1562 A·
335 1488 645 1562 apravreszv
672 1489 721 1541 δὲ
755 1495 947 1554 μᾶλλον
981 1493 1044 1545 ὡς
1079 1492 1408 1557 νενοσηκότας.
1464 1493 1754 1556 καταδεσμεΐ
1781 1490 1875 1558 γὰρ
1909 1490 1964 1542 τὸ

1523 754 1535 770 9

149 1578 313 1652 ξΞ-Χξῖζθῑί-
375 1571 784 1638 συντετριμμένον,
813 1573 976 1639 ἐγείρει
1010 1571 1064 1624 τὸ
1099 1572 1357 1636 πεπτωκὸς,
1386 1575 1449 1627 ὡς
1478 1571 1654 1637 ποιμὴν
1680 1573 1859 1639 ἀγαθὸς
1888 1574 1964 1625 καὶ

151 1663 245 1739 {fibra
262 1719 283 1739 x
374 1649 460 1716 τὴν
485 1652 650 1722 ψυχὴν
676 1654 842 1706 ἑαυτοῦ
867 1654 1084 1709 τεθεικὼς
1111 1654 1226 1722 ὑπὲρ
1251 1660 1346 1707 τῶν
1372 1653 1643 1722 προβάτων.

156 1760 205 1783 11.

423 1812 457 1847 5.
482 1804 624 1848 μέλλοις
642 1804 684 1839 Β.
702 1803 843 1849 μέλλεις
861 1806 928 1841 Ed.
1095 1807 1128 1843 6.
1155 1807 1349 1842 ὀλισθάνων
1368 1807 1410 1841 Β.
1429 1806 1638 1842 ὀλισθαίνων
1655 1806 1723 1841 Ed.
1804 1806 1864 1841 οὐκ
1881 1807 1966 1842 ἀπο-

375 1850 492 1895 παὺσῃ
512 1851 554 1885 Β.
574 1852 633 1885 οὐκ
650 1851 690 1886 ἅν
707 1867 790 1886 ποτε
807 1853 923 1898 παύσῃ
942 1853 1010 1888 Ed.
1212 1855 1246 1889 8.
1273 1855 1499 1898 διασώζοντος
1518 1854 1560 1888 Β.
1578 1854 1692 1889 ἀϊδίως
1710 1855 1880 1896 σώζοντος
1897 1855 1964 1891 Ed.

378 1909 434 1979 ἕο.
459 1897 726 1979 μετὲὶὲήψεσθαι
745 1899 787 1934 Β.
952 1911 1006 1936 12.
1031 1899 1115 1947 γὰρ]
1135 1901 1196 1946 μὲν
1212 1902 1279 1947 γὰρ
1300 1901 1340 1936 Β.
1497 1900 1552 1936 16.
1579 1901 1784 1946 καταδεσμεῖ
1802 1901 1848 1937 D.
1866 1915 1966 1936 κατα·

400 1959 500 1990 εσμοι
579 1971 587 1980 .
