2084 3317
149 158 202 202 iv.
225 175 288 203 11
378 161 454 202 IN
496 159 1494 202 s.JOANNEM.LIB.11.CAP.1V.
1651 160 1735 201 269

148 268 371 335 χορηγόν·
416 274 450 321 εἶ
476 267 569 335 γὰρ
596 265 705 327 ηὸεις
730 270 853 338 φησι
884 293 953 327 την
980 264 1134 336 δωρεὰν
1159 292 1229 318 του
1258 268 1369 318 Θεου
1407 290 1484 317 και
1521 271 1587 321 τίς
1624 290 1735 318 εστιν

149 356 168 401 ὁ
206 363 348 416 λεγων
377 374 460 412 σοι,
492 375 546 402 συ
585 350 637 401 ἂν
665 367 831 411 nrm-aq
871 353 1010 401 αὐτον.
1065 350 1154 399 τίνι
1194 349 1238 399 δ’
1268 347 1325 399 ἂν
1357 371 1431 399 και
1471 370 1642 413 πρεποι
1679 371 1733 398 το
1755 359 1782 400 d

147 431 421 498 χαρίζεσθαι
444 430 503 482 τὰ
530 436 688 483 &⁶013-
677 473 690 495 ,
733 429 797 495 μὴ
826 433 927 499 οὐχὶ
953 454 1072 481 κατα
1099 429 1304 498 φύσιν“’
1275 453 1373 481 οντι
1400 433 1537 499 Θεῷ·
1527 471 1538 489 ,

213 511 351 584 ἸΤδωρ
378 512 427 564 δὲ
455 514 533 584 ζῶν
560 516 796 566 ἀποκαλεῖ
816 512 902 577 τὴν
923 512 1148 580 ζωοποιὸν
1168 517 1252 563 τοῦ
1280 512 1556 575 Πνεύματος
1584 510 1736 574 δόσιν,

105 605 127 643 5
149 592 205 644 δι’
231 594 286 659 ἧς
312 598 387 646 καὶ
413 594 558 660 μόνης
584 596 612 660 ἡ
639 595 959 662 ἀνθρωπότης,
986 595 1135 645 καίτοι
1162 598 1257 647 τοῖς
1284 595 1332 644 ἐν
1359 592 1490 659 ὄρεσι
1515 592 1735 659 πρέμνοις

148 676 424 742 αὑαινομένη
464 677 827 744 παραπλησίως,
869 674 991 745 ξηρά
1030 698 1080 726 τε
1121 675 1211 739 ἤδη
1253 678 1328 726 καὶ
1366 674 1527 739 πάσης
1568 674 1736 738 ἄγονος

148 759 313 822 ἀρετῆς
350 764 450 814 ταῖς
488 765 570 810 τοῦ
609 758 838 820 διαβόλου
877 758 1173 823 κακουργίαις
1212 757 1582 822 ἀναδεδειγμένη,
1617 755 1737 821 πρὸς

146 838 201 890 τὸ
240 841 435 908 ἀρχαῖον
473 841 774 908 ἐπανατρέχει
812 842 895 904 τῆς
935 838 1126 907 φύσεως
1165 836 1359 901 κάλλος,
1391 840 1466 889 καὶ
1505 837 1590 902 τὴν
1625 837 1737 904 ζωο-

145 919 281 972 ποιὸν
306 923 561 973 ε’κπῖνουσα
587 921 736 990 χάριν,
764 920 1082 986 πολυτρόποις
1108 922 1303 986 ἀγαθῶν
1329 920 1467 973 ἰδέαις
1492 922 1729 985 περιανθί-
1754 940 1777 968 e

79 1021 127 1046 10
147 1003 281 1069 ζεται,
317 1007 392 1055 καῖ
431 1008 494 1058 εὶς
532 1005 630 1073 ἕξιν
668 1006 1034 1064 ἀναβλαστῶσα
1072 1002 1157 1065 τὴν
1199 1001 1470 1071 φιλάρετον,
1503 1002 1731 1071 εὐτραφε-

147 1084 350 1140 στάτους
377 1089 459 1150 τῆς
484 1090 546 1140 εἷς
574 1084 698 1137 Θεὸν
725 1085 913 1151 ἀγάπης
940 1085 1100 1149 ἀνίησι
1128 1089 1327 1138 κλῶνας.
1381 1089 1593 1135 τοιοῦτον
1620 1084 1678 1134 δέ
1695 1106 1738 1134 τι

146 1169 221 1218 καὶ
263 1167 338 1218 διὰ
379 1173 462 1219 τοῦ
503 1167 752 1235 προφήτου
792 1169 943 1236 φησὶν
981 1165 1190 1217 Ἱ-Ισαΐου
1231 1164 1349 1232 πρὸς
1389 1165 1510 1229 ἡμᾶς
1552 1167 1576 1216 ὁ
1617 1165 1738 1219 Θεός

147 1255 175 1278 “
203 1248 477 1315 Εὐλογήσει
502 1273 560 1312 με
586 1249 645 1300 τὰ
670 1249 808 1315 θηρία
834 1255 917 1299 τοῦ
944 1250 1107 1314 ἀγροῦ,
1134 1251 1345 1315 σειρῆνες
1380 1250 1455 1298 καὶ
1489 1248 1738 1313 θυγατέρες

147 1337 175 1360 “
200 1335 462 1396 στρουθῶν,
494 1331 563 1383 ὅτι
598 1331 746 1382 ἔδωκα
781 1333 828 1381 ἐν
859 1334 917 1397 τῇ
953 1329 1107 1400 ἐρήμῳ
1148 1332 1272 1395 ὕδωρ
1307 1331 1381 1382 καὶ
1419 1328 1660 1392 ποταμοὺς
1691 1332 1738 1380 ἐν

237 1416 257 1424 Α

81 1424 128 1461 15
150 1420 176 1442 ‘⁶
200 1435 258 1481 τῃ
294 1413 490 1483 ἀνύδρω,
521 1414 716 1464 ποτίσαι
754 1412 807 1463 τὸ
844 1413 976 1478 γε’νος
1011 1436 1101 1475 μου
1135 1410 1189 1463 τὸ
1225 1411 1462 1474 ἐκλεκτὸν,
1494 1411 1615 1462 λαόν
1647 1435 1738 1475 μου

149 1503 175 1525 “
202 1494 255 1547 ὃν
287 1495 691 1562 περιεποιησάμην
724 1494 808 1549 τὰς
847 1493 1014 1561 ἀρετας
1052 1518 1142 1558 μου
1182 1494 1487 1559 διηγεῖσθαιΪ
1541 1494 1738 1545 ε’σεσθαι

148 1577 197 1628 δὲ
223 1601 297 1628 και
323 1577 409 1642 τὴν
435 1584 518 1629 τοῦ
545 1578 722 1629 δικαίου
748 1576 926 1645 ψυχὴν,
955 1584 982 1606 '⁶
1003 1579 1065 1631 ὡς
1092 1576 1298 1646 ξύλον”
1268 1599 1523 1642 εγκαρπον,
1530 1577 1553 1592 ”
1583 1576 1736 1642 ἕτερός

1800 1246 1855 1277 Es.
1871 1246 1953 1278 xliii.

1804 1299 1852 1325 20,
1869 1299 1917 1321 21.

1799 1540 1896 1570 Hier

1799 1584 1938 1616 xxxviu.

1803 1637 1813 1657 l
1825 1636 1852 1657 2.

148 1683 216 1714 τις
255 1663 378 1729 φησι
417 1666 512 1711 τῶν
550 1661 709 1726 ἁγίων,
744 1682 819 1710 και
859 1661 1100 1710 ἀνατελεῖν
1134 1658 1232 1756 'nef'
1266 1661 1379 1709 ὡσει
1417 1658 1590 1756 χόρτον
1627 1660 1779 1708 ἀνα-ει
1820 1675 1896 1709 181
1912 1674 1963 1709 Α.

148 1765 298 1806 μεσον
327 1744 506 1804 ὕδατος,
533 1741 837 1810 ὀφθησεσθαι
861 1742 908 1792 δε
936 1744 997 1796 ὡς
1025 1741 1150 1792 ἱτεαν
1176 1742 1248 1792 ε’πι
1276 1740 1540 1807 παραῤῥεον
1569 1741 1707 1806 ὕδωρ.

78 1838 128 1863 20
222 1824 441 1875 Δυνατὸν
465 1823 550 1887 μὲν
576 1824 657 1874 οὖν
682 1828 778 1877 τοῖς
809 1823 1060 1889 εἰρημένοις
1097 1826 1171 1874 καὶ
1207 1823 1364 1887 ἑτέρας
1403 1823 1522 1886 ἡμᾶς
1556 1823 1735 1873 ἐπισω-

146 1906 295 1973 ρεύειν
326 1905 410 1960 τὰς
445 1905 538 1957 ἀπὸ
575 1908 657 1969 τῆς
694 1904 818 1958 θειάς
854 1907 1044 1973 γραφῆς
1081 1905 1354 1971 μαρτυρίας,
1381 1905 1436 1954 δι’
1467 1901 1532 1954 ὧν
1568 1902 1625 1968 ἧν
1663 1907 1738 1954 καὶ

146 1987 279 2052 μάλα
303 1988 472 2057 ῥᾳδίως
499 1987 808 2049 ἐπιδεικνύειν,
837 1989 898 2040 ὡς
925 1988 973 2037 ἐν
1001 1988 1168 2040 ὕδατος
1191 1987 1493 2055 προσηγορίᾳ
1528 1985 1582 2036 τὸ
1615 1989 1739 2036 θεῖον

145 2071 380 2124 πολλάκις
407 2068 769 2133 κατωνόμασται
794 2075 993 2133 πνεῦμα.
1048 2067 1102 2119 τὸ
1139 2068 1187 2120 δὲ
1223 2069 1405 2123 τούτοις
1440 2069 1560 2132 ἡμᾶς
1592 2069 1734 2136 ἐμφι-

146 2157 375 2220 λοχωρεΐν
402 2152 455 2203 οὐ
482 2150 655 2218 καιρός·
702 2150 772 2202 διὸ
809 2151 864 2215 δὴ
899 2149 1047 2202 πάλιν
1074 2150 1244 2218 ἑτέροις
1278 2149 1595 2220 ἐπινηξόμεθα
1620 2149 1738 2217 πρὸς

77 2246 126 2285 ²5
146 2233 201 2285 τὸ
249 2234 370 2300 με’γα
421 2235 497 2285 καὶ
546 2232 707 2285 πλατὺ
755 2237 849 2284 τῶν
900 2234 1036 2284 θείων
1086 2232 1401 2300 θεωρημάτων
1451 2232 1740 2298 ἐπειγόμενοι

145 2315 369 2382 πέλαγος.

200 2447 336 2505 Κύριε,
373 2448 471 2490 οὔτε
508 2447 704 2496 ἆντλΗμα
742 2447 850 2503 ἔχεις
890 2446 959 2488 καὶ
996 2447 1044 2490 τὸ
1083 2447 1225 2504 φρέαρ
1263 2446 1351 2489 ἐστὶ
1391 2446 1506 2497 βαθύ·
1559 2447 1690 2489 Πόθεν

596 2522 670 2566 οὖν
707 2524 817 2580 ἔχεις
853 2525 902 2567 τὸ
940 2524 1057 2582 ὕδωρ
1095 2525 1143 2568 τὸ
1181 2525 1288 2583 ζώῃ

223 2627 378 2680 Οὐδὲν
416 2633 510 2680 τῶν
547 2630 596 2681 ἐν
635 2629 861 2699 συνηθείᾳ
904 2631 1052 2682 πλέον
1090 2631 1118 2695 ἡ
1163 2629 1281 2697 γυνὴ
1331 2628 1626 2698 φαντάζεται,
1666 2631 1742 2680 καὶ

950 2742 1019 2769 δ’ἂν

202 2788 230 2811 1.
256 2776 347 2821 φησὶ
367 2776 408 2810 Β.
412 2778 551 2829 σαφῶς
569 2775 636 2810 Ed.
791 2777 853 2811 ,δ
872 2775 928 2823 ἂν]
947 2778 1013 2822 γὰρ
1033 2776 1075 2811 Β.
1205 2787 1239 2820 3.
1205 2774 1322 2820 3τὰ]
1347 2779 1384 2816 -f-
1405 2777 1465 2810 τοῦ
1485 2774 1551 2810 Ed.
1569 2775 1679 2809 invito
1699 2775 1741 2810 B.

151 2823 186 2858 6.
212 2821 426 2867 αὐαινομενη]
446 2823 643 2868 αὐαινομένη
660 2824 885 2869 παραινομένη
904 2824 985 2869 (Sic)
1006 2823 1048 2857 B.
1066 2822 1261 2867 ἀναινομένη
1283 2822 1416 2867 Migne.
1558 2822 1591 2856 8.
1618 2822 1741 2856 ἐπανα-

152 2869 266 2915 τρέχει
285 2869 327 2903 Β.
345 2869 521 2914 ἀνατρέχει
540 2869 607 2904 Ed.
716 2882 749 2916 9.
775 2871 951 2905 ἐκτίνουσα
971 2870 1013 2905 Β.
1078 2869 1308 2914 περιανύζεται
1328 2869 1370 2902 Β.
1480 2879 1534 2903 11.
1559 2883 1591 2903 τι
1609 2880 1679 2903 om.
1699 2868 1741 2903 B.

157 2917 210 2950 18.
235 2931 285 2952 τις
301 2923 525 2960 assumptum
542 2928 584 2950 ex
604 2916 646 2950 Β.
803 2928 858 2961 23.
884 2918 923 2952 τὸ
943 2917 984 2952 Β.
1002 2919 1063 2951 τοῦ
1081 2916 1148 2951 Ed.
1307 2916 1363 2950 28.
1389 2915 1428 2952 τὸ
1447 2914 1526 2961 ζῶν]
1548 2915 1658 2951 Addit
1676 2916 1742 2957 καὶ,

152 2963 257 2998 πόθεν
274 2961 332 2998 οὖν
349 2977 406 2998 σοι
424 2964 462 2997 τὸ
480 2962 570 3008 ὕδωρ
587 2964 625 2997 τὸ
644 2964 728 3006 ζῶνς
748 2963 782 2998 D
800 2976 862 3009 mg

1800 1724 1955 1755 Ε.<,Χ11τ.

1801 1780 1831 1807 4.
