2084 3317
112 136 338 192 vi.43,44.
391 135 466 176 IN
508 135 550 176 s,
585 135 922 176 JOANNEM.
984 134 1110 175 ΜΒ.
1144 134 1222 176 IV.
1285 135 1421 176 CAP.
1455 135 1490 175 1.
1623 135 1706 174 505

115 247 309 311 ἀγαθοῖς
346 245 428 296 τὸν
460 245 607 313 ἄνδρα
647 244 972 311 θαυμάζοντες.
1025 246 1100 295 καὶ
1136 250 1344 298 πλοῦτος
1380 243 1466 308 μὲν
1498 243 1592 309 γὰρ
1631 246 1708 294 καὶ

113 327 168 378 τὸ
212 329 262 378 ἐκ
303 327 515 379 πλούτου
565 327 799 393 λαμπρὸν,
848 327 1108 393 ἀλλοτρίαν
1153 325 1258 377 τινὰ
1302 327 1378 376 καὶ
1423 324 1566 388 νόθην
1610 329 1707 377 τοῖς

113 409 405 473 κεκτημένοις
448 409 751 475 προσοίσειεν
795 407 853 458 ἀν
896 406 1082 461 εἰκότως
1126 406 1212 471 τὴν
1255 406 1416 476 δόξαν
1478 407 1506 470 ἡ
1557 404 1605 456 δὲ
1659 406 1747 456 ἐνο

113 491 279 559 καρδίᾳ
330 489 622 556 λαμπρότης,
675 493 751 541 καὶ
801 490 853 541 τὸ
904 492 952 540 ἐν
1003 490 1155 556 ἔργοις
1207 491 1403 555 ἀγαθοῖς
1457 486 1704 556 διαφανὲς,

71 572 309 638 5γνήσιος
356 572 413 623 ἂν
458 570 546 623 εἷεν
590 575 666 624 καὶ
710 571 990 640 ἐμπεφυκὼς
1035 576 1132 625 τοῖς
1174 571 1339 638 ε”χουσι
1387 575 1610 631 πλοῦτος,
1655 570 1708 618 οὐ

113 654 455 718 συναπομένων
488 658 546 723 τῇ
585 656 741 720 σαρκὶ,
771 658 846 704 καὶ
881 653 973 704 σὺν
1005 654 1122 721 αὐτῇ
1162 652 1567 717 κατασηπόμενος,
1594 651 1704 701 ἀλλ’

114 735 381 804 ἐνδημούσῃ
415 735 500 800 μὲν
525 737 591 787 ε”τι
624 740 682 804 τῇ
718 739 856 804 ψυχῇ
886 734 1006 786 κατὰ
1042 733 1174 786 τόνδε
1206 733 1288 785 τὸν
1323 735 1430 795 βίον
1461 756 1701 803 συνῳκισ-

112 817 262 881 μένος,
289 818 557 886 ἐκδημούσῃ
596 817 644 869 δὲ
682 817 829 868 πάλιν
860 815 1292 884 συναφιπτάμενος,
1320 815 1427 867 ὅποι
1464 839 1552 881 περ
1592 814 1649 866 ἀν
1682 816 1706 865 ὁ

112 906 196 950 τοῦ
233 899 410 954 παντὸς
449 899 649 951 νεύσειεν
687 899 891 965 ἡγεμών.
946 900 1128 949 πολλαὶ
1166 896 1259 964 γὰρ
1297 899 1435 961 μοναὶ
1473 896 1602 963 παρὰ
1643 901 1707 966 τῷ
1768 886 1883 961 {¹5¹fo

47 1002 95 1028 10
115 983 284 1046 Πατρὶ,
317 982 527 1048 καθάπερ
566 980 852 1046 ἠκούσαμεν.

188 1063 422 1127 Τιμητέον
464 1069 714 1129 τοιγαροῦν
760 1064 863 1130 οὐχὶ
911 1061 1098 1116 πάντως
1150 1060 1178 1126 ἦ
1225 1060 1490 1127 ἀναγκαίως
1534 1059 1617 1111 τὸν
1662 1063 1709 1111 ἐν

112 1143 305 1214 πλούτῳ
352 1147 569 1213 διαφανῆ,
614 1148 687 1196 καὶ
733 1150 829 1199 τοῖς
874 1147 948 1196 ἐπὶ
992 1147 1081 1210 γῆς
1126 1144 1360 1213 δοξαρίοις
1407 1142 1618 1208 καθάπερ
1662 1144 1755 1193 εὐᾶ

112 1227 272 1278 πίνακι
317 1226 779 1295 κατακεχρωσμένον,
824 1227 1019 1280 ἐκείνους
1073 1226 1121 1277 δὲ
1169 1231 1376 1290 μᾶλλον,
1425 1224 1491 1278 οἷς
1542 1225 1570 1289 ἡ
1616 1230 1710 1276 τῶν

114 1308 266 1374 ἔργων
308 1308 564 1376 φαιδρότης
608 1308 879 1375 ἀμάραντον
924 1309 1162 1360 ἀποτίκτει
1207 1307 1282 1358 διὰ
1331 1311 1456 1358 Θεοῦ
1499 1306 1585 1370 τὴν
1630 1308 1704 1357 εὕ-

48 1405 94 1443 15
115 1398 287 1453 κλειαν,
313 1393 388 1441 καὶ
423 1390 476 1441 τὸ
514 1391 691 1442 ἔσωθεν
719 1389 1031 1457 ἐναστράπτει
1066 1390 1246 1444 κάλλος
1283 1390 1358 1440 διὰ
1392 1389 1553 1453 πάσης
1589 1388 1709 1442 ἷδεάς

114 1474 308 1538 ἀγαθῶν
334 1473 859 1540 ἐκλελαμπρυσμένους.

110 1668 342 1726 ἈΠεκρίθΗ
369 1669 536 1712 ἸΗσοῦε
575 1669 643 1711 καὶ
681 1665 799 1712 εἶπεν
831 1666 978 1712 αὐτοῖς
1003 1667 1075 1710 M&
1117 1669 1331 1727 ΓοΓι-ύζετε
1363 1669 1446 1717 μετ’
1484 1668 1774 1713 ἀλλήλων.43

182 1753 322 1795 οὐδεὶς
364 1753 539 1795 δύναται
579 1751 718 1795 ἐλθεῖν
757 1753 865 1811 Πρὸς
905 1753 970 1804 μὲ,
1008 1752 1084 1794 ἐὰν
1121 1753 1177 1802 μή
1218 1754 1240 1794 ὁ
1277 1752 1426 1811 Πατήρ
1467 1753 1489 1795 ὁ
1532 1754 1705 1804 Πέμψας
1725 1762 1774 1796 44

181 1852 233 1886 με
260 1837 418 1896 ἓλκύσῌ
446 1838 587 1889 αὐτὸν,
615 1837 732 1885 mis-0¹0
759 1837 989 1880 ἀναστήσω
1016 1836 1145 1879 αὐτὸν
1172 1836 1216 1878 ἐν
1243 1841 1293 1895 τῷ
1322 1836 1479 1895 ἐσχάτῳ
1507 1836 1661 1895 ἡμέρᾳ.
1726 1844 1747 1870 θ

46 1980 95 2006 20
191 1962 674 2029 Κατασμικρύνουσιν
700 1962 916 2013 Ἰουδαῖοι
956 1960 1040 2012 τὸν
1064 1962 1268 2026 Ἰησοῦν,
1295 1959 1379 2012 τὸν
1414 1960 1501 2025 μὲν
1531 1962 1580 2011 ἐν
1611 1965 1707 2014 τοῖς

114 2044 326 2110 οὐρανοῖς
364 2046 642 2110 ἀγνοοῦντες
682 2043 889 2110 Πατέρα,
929 2044 1004 2094 καὶ
1044 2042 1115 2094 ὅτι
1153 2066 1241 2111 περ
1283 2042 1350 2108 εἰἠ
1396 2043 1516 2094 κατὰ
1558 2042 1708 2111 φύσιν

113 2126 228 2181 Υἱὸς
273 2133 356 2178 τοῦ
401 2126 594 2179 πάντων
633 2126 956 2193 δεσπόζοντος,
998 2125 1258 2189 οὐδαμόθεν
1299 2124 1704 2191 ἐπιγινώσκοντες,

114 2211 177 2263 εἷς
204 2208 251 2259 δὲ
277 2209 426 2273 μόνην
452 2208 807 2269 ἀποβλέποντες
840 2207 926 2272 τὴν
953 2209 1027 2259 ἐπὶ
1062 2210 1145 2272 τῆς
1181 2210 1269 2273 γῆς
1303 2207 1479 2273 μητέρα
1515 2208 1589 2257 καὶ
1625 2204 1707 2257 τὸν

113 2288 315 2359 Ἰωσήφ.
382 2288 458 2341 διὰ
507 2296 647 2341 τοῦτο
695 2288 978 2356 θερμότερόν
1025 2313 1125 2343 πως
1177 2290 1332 2342 αὐτοῖς
1385 2290 1582 2356 ὑπαντᾷ,
1632 2289 1707 2338 καὶ

47 2390 95 2430 25
115 2375 407 2439 παραχρῆμα
439 2370 587 2423 πάλιν
619 2372 686 2422 ἐπ’
715 2371 829 2422 αὐτὸ
863 2371 918 2422 τὸ
955 2371 1206 2438 θεοπρεπὲς
1240 2371 1426 2439 ἀξίωμα
1460 2371 1708 2436 χρησίμως

115 2455 352 2522 ἀναπηδᾷ·
399 2453 454 2504 δι’
488 2451 552 2503 ὧν
587 2450 722 2516 οἶδεν,
753 2455 814 2507 ὡς
850 2452 985 2517 Θεὸς,
1017 2455 1093 2504 καὶ
1131 2452 1185 2504 τὸ
1224 2451 1381 2518 λάθρα
1419 2450 1747 2519 ψιθυρισθὲνὲι
1778 2464 1861 2498 345
1877 2462 1930 2498 A.

115 2538 193 2588 καὶ
220 2540 281 2589 εἷς
307 2541 417 2587 νοῦν
443 2536 599 2588 αὐτοῖς
625 2535 934 2600 ἀναβεβηκὸς,
961 2534 1037 2586 διὰ
1062 2535 1240 2586 τούτων
1267 2534 1420 2584 αὐτῶν
1446 2533 1705 2599 ἐπιτρέπων

114 2618 298 2680 ἐννοεῖν,
325 2616 395 2669 ὅτι
428 2619 510 2681 τῆς
544 2617 765 2682 ἀληθείας
800 2618 1093 2680 ἐκπίπτουσι,
1119 2618 1194 2668 καὶ
1226 2614 1398 2682 μικρὰν
1425 2617 1589 2680 κομιδῆ
1617 2613 1704 2680 τὴν

167 2808 197 2832 1.
223 2797 277 2831 καὶ
294 2797 392 2841 prius
410 2802 631 2841 assumptum
649 2808 690 2830 ex
710 2796 752 2831 Β.
1011 2796 1044 2830 6.
1072 2797 1326 2838 συναπτόμενον
1344 2795 1386 2829 Β.
1409 2794 1659 2840 [συναπόμενον
1671 2794 1702 2841 ?]

117 2854 150 2889 7.
175 2844 273 2879 τόνδε
290 2849 511 2887 assumptum
531 2855 573 2876 ex
592 2843 634 2878 B.
833 2844 865 2878 8.
893 2844 1191 2888 συναφιπτάμενος
1210 2842 1302 2876 Β.Ῑ).
1321 2843 1619 2887 συναφιστάμενος
1637 2842 1705 2877 Ed.

118 2890 245 2925 Statim
263 2889 339 2924 ὅποι
356 2904 420 2934 περ
444 2889 482 2924 Β.
501 2889 586 2924 ὅπου
602 2904 666 2935 περ
685 2889 752 2925 Ed.
914 2890 967 2924 16.
995 2889 1340 2933 ἐκλελαμπρυσμένον
1361 2888 1402 2923 Β.
1559 2900 1614 2923 21.
1640 2903 1705 2934 περ

117 2943 340 2982 assumptum
358 2948 398 2970 ex
419 2936 461 2970 B.
606 2946 661 2979 25.
687 2936 741 2971 ἐπὶ
758 2937 796 2971 τὸ
815 2937 895 2971 αὐτὸ
914 2937 1099 2981 θεοπρεπὲς
1119 2936 1160 2970 Β.

174 3003 266 3031 VOL.
291 3004 320 3031 1.
882 3004 905 3046 3
927 3004 950 3030 T
