2084 3317
111 129 166 171 vi.
184 141 253 182 41.
383 127 458 168 IN
500 127 543 167 S.
577 125 916 167 JOANNEM.
979 124 1104 164 LIB.
1137 124 1216 164 IV.
1278 123 1412 164 CAP.
1445 123 1482 163 I.
1619 123 1699 162 501

112 244 206 290 τῶν
237 240 434 300 ἐννοιῶν,
462 237 518 287 δι’
548 233 613 286 ὧν
646 234 703 300 ἧν
738 234 858 289 εἰκὸς
896 233 1370 299 μεταποιηθήσεσθαί
1401 255 1502 286 πως
1537 233 1612 282 ἐπὶ
1647 230 1742 281 τὸο

111 323 312 386 ἄμεινον,
351 323 414 373 εἷς
453 319 670 385 ἀκαίρους
709 317 1029 386 ὀλιγοψυχίας
1068 318 1331 383 ἐκτελευτᾷ.
1397 313 1425 379 ἢ
1466 312 1560 379 γὰρ
1598 314 1703 380 οὐχὶ

111 407 187 454 καὶ
223 400 396 466 ἀληθὲς
431 401 501 452 ἐπ’
530 401 686 454 αὐτοῖς
712 399 768 464 δὴ
799 397 949 450 πάλιν
975 403 1070 452 τοῖς
1094 399 1337 451 Ἰουδαίοις
1372 395 1427 448 τὸ
1463 395 1704 462 εἰρημένον

111 483 400 551 εὖρήσομενς
459 482 804 551 χαλεπαίνουσι
851 480 945 547 γὰρ
991 480 1067 531 διὰ
1109 481 1251 532 ποιάν
1298 480 1480 540 αἶτίανς
1542 479 1611 532 τίς
1656 476 1704 527 δὲ

70 566 279 620 5αὐτοὺς
329 569 392 620 εἷς
440 571 579 616 τοῦτο
633 563 827 628 κέκληκε
876 562 1054 629 λόγος,
1111 562 1404 633 γογγύζουσι
1455 561 1503 612 δὲ
1548 560 1700 622 διατί,

113 649 262 700 καίτοι
305 652 497 712 μᾶλλον
536 648 678 714 ἐχρῆν
717 644 1130 715 φιλομαθέστερον
1168 649 1263 699 τοῖς
1307 643 1562 710 εἰρημένοις
1603 644 1703 693 ἐπι-

114 734 296 795 στῆσαι
334 729 418 782 τὸν
457 735 579 791 νοῦν,
620 729 695 779 καὶ
737 728 794 796 ἐξ
832 728 985 778 αὐτῶν
1024 726 1113 792 ἤδη
1153 725 1567 778 κατασκέπτεσθαι
1611 728 1707 775 τῶν

113 812 408 879 πραγμάτων
438 809 524 875 τὴν
553 810 791 875 ἀλήθειαν,
819 808 896 860 διά
928 831 978 860 τε
1012 812 1094 873 τῆς
1131 811 1179 859 ἐν
1209 813 1304 862 τοῖς
1339 809 1706 860 ἀποτελεσθεΐσι

113 895 475 961 μεγαλουργίας,
508 897 572 947 εἰς
607 890 930 955 δοκιμωτάτην
965 891 1078 941 ἱέναι
1113 890 1325 953 σύνεσιν,
1359 888 1561 956 πότερόν
1592 897 1754 941 ποτεᾶ

46 995 94 1020 10
114 977 415 1046 διαψεύδοιτο
458 973 687 1042 Χριστὸς,
733 977 863 1044 ἄρτον
905 972 1083 1036 ἑαυτὸν,
1130 975 1205 1023 καὶ
1251 978 1389 1024 τοῦτο
1439 972 1496 1040 ἐξ
1543 973 1709 1041 οὐρανοῦ

117 1057 486 1122 καταβεβηκότα
536 1061 710 1119 καλῶν,
762 1055 911 1121 ἤγουν
961 1055 1192 1119 ἀληθεύει,
1244 1057 1320 1106 καὶ
1372 1060 1539 1106 τοῦτον
1587 1053 1709 1121 ἔχων

114 1142 270 1196 αὐτοῖς
304 1141 387 1192 τὸν
412 1138 589 1207 τρόπον
615 1139 879 1190 ἁλίσκοιτο.
936 1138 1056 1189 οὕτω
1090 1137 1184 1204 γὰρ
1209 1136 1266 1202 ἧν
1293 1137 1532 1204 κρίνοντας
1558 1138 1710 1204 ὀρθῶς

114 1227 524 1289 παιδαγωγεῖσθαι
558 1225 716 1275 καλῶς
750 1219 869 1287 πρὸς
903 1219 989 1285 τὴν
1019 1226 1102 1271 τοῦ
1138 1220 1468 1288 συμφέροντος
1503 1220 1704 1285 εὕρεσιν·

116 1305 247 1357 ἀλλά
292 1306 532 1372 ζητοῦντες
584 1303 716 1355 οὐδὲν
759 1304 1118 1371 χαλεπαίνουσι,
1164 1302 1312 1353 καίτοι
1354 1301 1429 1353 διὰ
1481 1306 1576 1353 τῶν
1620 1302 1709 1366 ἤδη

49 1407 96 1445 15
116 1387 485 1457 παρῳχηκότων,
540 1387 683 1453 ἄρτον
736 1385 881 1439 ὅντως
946 1386 1063 1451 ζωῆς
1127 1387 1203 1436 καὶ
1262 1382 1488 1448 ἀληθινὸν
1543 1384 1710 1435 ἐπιδεί-

117 1471 289 1540 ξαντος
333 1469 498 1522 ἑαυτὸν
543 1475 624 1521 τοῦ
668 1473 900 1536 Χριστοῦ,
940 1466 1417 1521 ἀντιδιαστέλλοντός
1457 1489 1507 1518 τε
1552 1470 1618 1536 τῷ
1662 1468 1710 1517 ἐν

163 1553 173 1568 ι
356 1556 370 1571 χ
511 1556 529 1566 e·
803 1551 815 1566 t
977 1549 990 1564 t
1218 1548 1230 1566 x
1320 1548 1332 1565 x
1411 1549 1434 1566 ,Ι
1671 1553 1690 1561 Α

117 1576 250 1623 τυπῳ
295 1576 372 1604 και
417 1575 532 1621 σκιᾳ
571 1556 881 1620 χορηγηθεντι
921 1573 1076 1615 μαννα
1117 1573 1237 1601 κατα
1280 1573 1366 1614 την
1404 1572 1576 1617 ερημον
1614 1569 1750 1603 τοιςθ

117 1634 358 1702 πατράσιν
396 1636 564 1686 αὐτῶν.
623 1634 730 1685 “‘O
769 1633 862 1700 γὰρ
900 1631 1149 1701 ἐρχόμενος
1187 1632 1307 1698 πρὸς
1344 1631 1415 1696 μὲ,
1455 1633 1620 1701 φησὶν,
1658 1631 1711 1682 οὐ

120 1725 147 1747 “
172 1717 237 1782 μὴ
271 1717 474 1786 πεινάσῃ
508 1715 744 1768 πώποτε·”
785 1718 847 1770 ὡς
879 1720 974 1766 τῶν
998 1717 1141 1766 ἐκεῖνο
1174 1713 1429 1784 φαγόντων
1455 1713 1508 1765 τὸ
1534 1712 1707 1778 μάννα,

53 1824 104 1850 20
119 1799 347 1868 βραχεῖάν
374 1823 477 1851 τινα
503 1801 578 1850 καὶ
606 1797 936 1863 εὐαπόβλητον
962 1800 1128 1862 κομιδῆ
1160 1796 1246 1861 τὴν
1272 1795 1543 1848 ἀπόλαυσιν
1569 1798 1713 1863 ἐσχη-

120 1881 271 1934 κότων
304 1885 408 1950 περὶ
446 1879 532 1945 τὴν
563 1880 734 1948 σάρκα·
777 1885 871 1931 τῶν
905 1880 953 1931 δὲ
990 1879 1109 1947 πρὸς
1149 1878 1290 1931 αὐτὸν
1320 1880 1485 1931 ἰόντων
1518 1878 1592 1930 διὰ
1631 1881 1714 1942 τῆς

119 1965 339 2027 πίστεως,
365 1965 448 2015 οὐκ
473 1968 535 2017 εἷς
564 1965 729 2027 ὁμοίαν
754 1968 849 2016 τοῖς
876 1961 980 2014 τότε
1013 1961 1099 2027 τὴν
1124 1961 1292 2027 ὅνησιν
1317 1960 1709 2026 ἀναβησομένων,

119 2046 503 2112 καρπωσομένων
530 2046 577 2098 δὲ
602 2051 794 2110 μᾶλλον
820 2048 1003 2110 διηνεκῆ
1030 2048 1113 2110 τῆς
1140 2044 1356 2110 εὐλογίας
1383 2043 1468 2108 τὴν
1494 2042 1648 2112 χάριν.

195 2127 477 2198 Σφάλλεται
510 2129 665 2180 τοίνυν
690 2132 785 2179 τῶν
809 2128 1049 2178 Ἰουδαίων
1073 2128 1098 2178 ὃ
1135 2133 1255 2189 νοῦς,
1282 2125 1404 2190 μόνα
1433 2127 1630 2187 βλέπων
1656 2125 1715 2177 τὰ

53 2230 101 2270 25
121 2211 196 2262 ἐπὶ
240 2213 322 2275 τῆς
367 2214 470 2276 γῆς·
532 2212 607 2262 καὶ
652 2215 791 2261 τοῦτο
834 2208 892 2274 ἦν
937 2209 1028 2276 ἄρα
1073 2208 1127 2261 τὸ
1172 2210 1240 2260 ἐπ’
1285 2209 1441 2263 αὐτοῖς
1486 2206 1715 2277 ᾀδόμενον

122 2299 149 2322 “
177 2292 583 2357 Σκοτισθήτωσαν
619 2296 661 2344 οἱ
696 2293 940 2361 ὀφθαλμοὶ
978 2293 1133 2343 αὐτῶν
1167 2296 1251 2343 τοῦ
1288 2290 1353 2355 μὴ
1392 2290 1601 2353 βλέπειν,
1639 2292 1715 2341 καὶ

123 2382 151 2404 “
177 2374 260 2425 τὸν
287 2379 435 2426 νῶτον
465 2376 619 2426 αὐτῶν
650 2374 726 2425 διὰ
758 2374 935 2429 παντὸς
970 2374 1308 2443 σύγκαμψον,”
1336 2373 1412 2424 ἵνα
1445 2371 1717 2436 μηδαμόθεν

123 2457 242 2524 πρὸς
280 2456 367 2521 τὴν
404 2462 498 2508 τῶν
537 2458 672 2508 θείων
710 2458 985 2524 μυστηρίων
1024 2456 1323 2509 ἀνανεύοντες
1361 2459 1555 2521 γνῶσιν,
1585 2455 1719 2504 κακοὶ

123 2544 276 2594 κακῶς
302 2538 558 2590 ἀπόλοιντο
586 2538 662 2590 διὰ
687 2537 771 2593 τὰς·
797 2543 942 2607 σφῶν
969 2540 1124 2590 αὐτῶν
1150 2537 1386 2599 ἀπονοίας,
1415 2538 1490 2587 καὶ
1520 2535 1574 2587 τὸ
1607 2536 1719 2586 λίαν

54 2648 104 2685 30
123 2620 318 2690 ἀκρατὲς
354 2625 417 2675 εἰς
452 2622 703 2672 ἀπείθειαν.
757 2620 1221 2686 ἀναμιμνησκόμενοι
1248 2619 1304 2670 δέ
1323 2642 1423 2672 πως
1455 2616 1516 2669 τὰ
1548 2619 1597 2669 ἐν
1622 2622 1720 2670 τοῖς

174 2766 208 2801 5.
235 2755 288 2801 δέ]
307 2756 373 2802 γὰρ
393 2755 436 2790 Β.
612 2767 648 2789 II
661 2782 667 2790 .
693 2755 822 2802 καλῶν]
842 2757 968 2799 δηλοῦν
988 2756 1029 2789 Β.
1201 2754 1255 2788 18.
1280 2753 1401 2798 φησὶν,
1419 2753 1504 2795 πρός
1521 2766 1562 2795 με
1579 2752 1720 2785 inverso

126 2804 250 2839 ordine
269 2804 309 2837 B.
458 2813 512 2848 23.
538 2804 596 2846 τῆς
613 2803 771 2848 εὐλογίας
790 2803 831 2837 Β.
850 2804 910 2847 τὴν
927 2802 1086 2847 εὐλογίαν
1105 2801 1171 2835 Ed.
1293 2810 1418 2845 27-30.
1444 2797 1719 2833 ἵνα-ἀπείθειαν

128 2852 211 2886 citat
235 2858 358 2885 catena
382 2850 417 2883 in
437 2849 595 2883 Psalmos
614 2861 631 2883 e
649 2861 775 2894 genere
792 2850 867 2895 ejus
886 2862 991 2896 quam
1014 2849 1055 2883 Β.
1074 2848 1225 2892 signavit
1244 2847 1318 2881 Mai
1336 2847 1391 2889 (ut
1409 2857 1515 2890 supra
1533 2846 1600 2890 338
1619 2845 1666 2889 c),
1684 2846 1721 2879 in

130 2898 224 2932 Bibl.
243 2897 336 2931 Nov.
355 2897 402 2930 iii.
421 2906 502 2942 395.
728 2898 784 2931 28.
809 2896 954 2942 γνῶσιν]
973 2895 1154 2940 ἕλλαμψιν
1173 2894 1250 2928 Cat.
1313 2893 1490 2927 Neutrum
1508 2892 1612 2927 habet
1631 2891 1720 2927 Cod.

130 2945 217 2990 Reg.
237 2944 334 2978 Paris
359 2955 434 2989 139.
579 2954 633 2988 29.
659 2943 852 2978 ἀπόλωνται
872 2944 958 2984 Mai,
978 2942 1039 2977 sed
1056 2942 1240 2976 ἀπόλοιντο
1257 2940 1362 2975 babet
1381 2939 1469 2974 Cod.
1491 2939 1577 2984 Reg.

1773 1634 1817 1666 Su
1823 1645 1880 1675 pra

1772 1689 1840 1709 ver.
1862 1687 1878 1718 3
1883 1686 1914 1718 5.

1776 2257 1831 2287 Ps.

1776 2300 1879 2331 lxviii.
1890 2309 1943 2340 24·

1733 2357 1756 2382 a
1788 2347 1945 2386 342A.
