2084 3317
163 182 201 207 v.
224 180 289 223 23.
386 165 457 207 IN
504 166 546 208 S.
582 166 919 208 JOANNEM.
984 165 1108 206 LIB.
1143 166 1203 206 II.
1267 165 1399 207 CAP.
1424 166 1554 207 VIII.
1672 167 1756 206 343

162 276 447 328 κινδυνεύσει
492 275 646 331 τέλος,
700 275 832 328 οὐδὲν
869 275 963 342 γὰρ
1006 275 1131 330 ὅλως
1176 278 1223 326 ἐν
1262 279 1321 343 τῇ
1366 275 1467 344 θείᾳ
1514 274 1659 336 φύσει
1703 274 1757 324 τὸ

162 358 444 427 ἀξιόπιστον
471 359 786 426 εὑρεθήσεται,
815 359 1070 423 δυναμένης
1097 358 1187 423 ἤδη
1214 357 1290 409 καὶ
1319 360 1400 421 τῆς
1425 360 1520 408 τῶν
1546 359 1758 422 γενητῶν

162 441 354 510 φύσεως
393 440 620 510 ὑπάρχειν
658 447 796 493 τοῦτο
834 442 933 492 κατ’
961 440 1202 506 ἀλήθειαν,
1239 439 1355 507 ὅπερ
1395 437 1452 490 ἂν
1492 442 1644 489 νοοῖτο
1683 439 1759 487 καὶ

161 523 295 588 αὐτή.
352 525 672 576 ἀποδέδεικται
707 524 800 592 γὰρ
826 524 946 575 κατά
979 547 1034 590 γε
1070 523 1153 575 τὸν
1179 522 1309 589 παρὰ
1342 527 1438 575 τοῖς
1466 521 1521 571 δι’
1550 518 1759 572 ἐναντίας

118 621 141 659 5
162 606 514 672 ἀδρανέστατον
541 606 703 673 λόγον,
730 611 813 671 τῆς
847 607 931 671 μὲν
957 607 1083 660 θείας
1117 605 1310 674 φύσεως
1349 605 1436 672 οὐχ
1475 603 1701 670 ὑπάρχων
1734 603 1759 652 ὁ

164 688 457 754 Μονογενὴς,
483 690 603 758 ἔχων
630 692 667 741 δ’
697 691 779 740 οὖν
806 690 932 753 ὅμως
965 691 1203 752 ἀληθινῶς
1235 690 1282 738 ἐν
1309 690 1457 756 ἑαυτῷ
1494 685 1553 737 τὰ
1586 686 1760 749 ἐκείνης

161 772 392 840 ἐξαίρετα.
448 771 545 823 εἶτα
588 774 656 827 τίς
701 774 784 823 οὐκ
829 772 1096 841 ἀποφρίξει,
1137 772 1212 822 καὶ
1258 770 1405 834 μόνον
1448 768 1630 819 ἀκούων
1674 765 1761 831 τὴν

87 898 100 910 .
159 859 256 905 τῶν
294 854 546 921 δογμάτων
585 856 912 916 δυσσέβειαν;
963 853 1119 905 πάντα
1158 851 1252 919 γὰρ
1291 852 1388 903 ἄνω
1427 874 1477 902 τε
1517 851 1593 901 καὶ
1633 849 1760 900 κάτω

160 935 417 1005 στρέφεται
453 937 638 1000 λοιπὸν,
665 941 749 1002 τῆς
786 936 870 1002 μὲν
905 936 964 988 τὰ
1002 936 1160 988 πάντα
1199 932 1526 1001 ὑπερκειμένης
1567 933 1761 1001 φύσεως

91 1046 140 1072 10
160 1020 540 1083 καταβαινούσης
576 1022 650 1071 ἐπὶ
685 1019 739 1071 τὸ
774 1019 1126 1071 συντάττεσθαι
1159 1022 1255 1071 τοῖς
1287 1020 1514 1082 γενητοῖς,
1543 1017 1686 1078 αὐτῆς
1712 1014 1761 1065 δὲ

158 1103 242 1165 τῆς
268 1102 466 1156 κτίσεως
493 1107 555 1156 εἷς
580 1101 635 1154 τὸ
665 1103 931 1169 ὑπερέκεινα
958 1104 1033 1152 καὶ
1060 1101 1148 1168 οὐχ
1175 1098 1439 1167 ὡρισμένον
1464 1099 1581 1166 αὐτῇ
1607 1120 1762 1164 παρα-

158 1184 316 1250 λόγως
342 1185 660 1249 ἀναπηδώσης
688 1185 874 1252 μέτρον.

233 1269 436 1331 Οὐκοῦν,
471 1271 533 1322 ὡς
575 1267 777 1322 ὁλκάδος
818 1270 866 1318 ἐν
903 1266 1103 1332 πελάγει
1144 1264 1505 1332 βαπτιζομένης,
1544 1266 1627 1328 τῆς
1667 1268 1761 1314 τῶν

158 1348 381 1401 τοιούτων
425 1350 675 1416 δογμάτων
722 1350 918 1403 ἀτοπίας
969 1348 1328 1416 ἀπονηχόμενοι,
1374 1346 1654 1409 σπεύδωμεν
1700 1348 1762 1399 ὡς

89 1451 136 1490 15
159 1431 229 1484 ἐπ’
266 1434 470 1502 ἀσφαλῆ
510 1435 586 1484 καὶ
625 1432 835 1496 ἀκύμονα
879 1432 1046 1496 λιμένα
1085 1430 1171 1496 τὴν
1210 1429 1451 1495 ἀλήθειαν,
1492 1431 1568 1480 καὶ
1607 1427 1761 1479 εἰκόνα

157 1519 242 1566 τοῦ
270 1519 395 1566 Θεοῦ
435 1539 484 1567 τε
524 1517 597 1566 καὶ
636 1515 827 1582 Πατρὸς
861 1516 1174 1580 ὁμολογῶμεν
1206 1512 1289 1563 τὸν
1315 1511 1446 1574 Υἱὸν,
1476 1513 1558 1562 οὐκ
1594 1510 1755 1575 ἐπική-

156 1620 256 1663 ροις
297 1596 462 1665 ὥσπερ
503 1600 602 1649 τισὶ
643 1597 1094 1665 περιπεπλασμένον
1133 1595 1419 1665 ἀξιώμασιν,
1456 1593 1561 1645 οὐδὲ
1600 1593 1760 1657 μόνοις

156 1684 252 1734 τοῖς
292 1680 576 1747 θεοπρεπέσι
623 1679 1038 1746 κατηγλαϊσμένον
1077 1678 1324 1744 ὀνόμασιν,
1364 1678 1476 1728 ἀλλ’
1520 1678 1761 1730 οὐσιωδῶς

156 1762 276 1828 πρὸς
313 1761 400 1827 τὴν
431 1769 514 1814 τοῦ
552 1761 769 1817 τεκόντος
808 1763 1057 1831 ἐμφέρειαν
1083 1759 1498 1827 ἀπηκριβώμενον,
1528 1760 1604 1810 καὶ
1638 1760 1759 1809 ἀπα-

88 1871 139 1896 20
157 1845 442 1911 ραλλάκτως
487 1844 760 1914 ὑπάρχοντα
807 1843 926 1896 κατὰ
971 1844 1136 1913 φύσιν,
1177 1843 1293 1910 ὅπερ
1328 1842 1386 1893 ἂν
1426 1846 1580 1893 νοοῖτο
1619 1842 1695 1892 καὶ
1735 1842 1759 1891 ὁ

156 1928 392 1993 γεννήσας
442 1928 598 1990 αὐτὸν,
642 1928 860 1979 τουτέστι
907 1927 1031 1978 Θεὸν
1082 1925 1310 1990 ἀληθινὸν
1366 1925 1416 1976 ἐκ
1462 1928 1588 1976 Θεοῦ
1640 1922 1760 1974 κατὰ

156 2009 397 2075 ἀλήθειαν,
427 2009 805 2076 παντοκράτορα,
832 2008 1135 2076 δημιουργὸν,
1163 2007 1529 2077 δεδοξασμένον,
1562 2005 1760 2072 ἀγαθὸν,

155 2091 502 2158 προσκυνητὸν,
546 2095 622 2144 καὶ
673 2093 715 2144 εἴ
762 2116 806 2144 τι
857 2098 954 2147 τοῖς
1005 2092 1261 2158 εἰρημένοις
1311 2092 1373 2145 ὡς
1419 2092 1528 2159 Θεῷ
1578 2089 1761 2155 πρέπον

155 2175 473 2242 παρέζευκται.
526 2174 633 2226 τότε
667 2174 761 2241 γὰρ
793 2173 850 2239 δὴ
878 2174 998 2226 κατὰ
1033 2173 1191 2226 πάντα
1225 2172 1544 2240 προσεοικότα
1582 2170 1760 2223 δεικνύ-

1778 532 1805 573 d

1779 1287 1800 1313 O

1779 1950 1800 1973 a
1833 1940 1916 1976 233
1932 1939 1986 1975 A.

89 2272 136 2310 25
157 2279 285 2311 οντες
328 2261 394 2326 τῷ
436 2261 545 2328 Θεῷ
587 2281 661 2308 και
700 2260 871 2324 Πατρι,
911 2281 986 2309 και
1029 2255 1326 2320 ἀληθεύοντα
1365 2253 1760 2323 παραστήσωμεν,
1813 2274 1817 2275 ’

156 2341 219 2392 ὡς
260 2344 297 2390 εἰ
341 2339 406 2436 μή
448 2364 518 2394 τις
559 2340 785 2402 βούλοιτο
825 2345 965 2404 τιμᾶν
1003 2339 1087 2392 τὸν
1125 2337 1258 2402 Υὶον,
1298 2337 1403 2390 οὐδὲ
1441 2361 1524 2389 τον
1566 2336 1760 2402 Πατερα

156 2426 271 2490 τιμᾷ
319 2422 401 2473 τὸν
446 2424 803 2474 αποστειλαντα
847 2422 1008 2474 αὐτόν·
1061 2423 1168 2487 περὶ
1215 2420 1386 2472 τούτου
1436 2419 1530 2487 γὰρ
1575 2420 1686 2483 ἡμῖν
1732 2418 1759 2482 ἡ

157 2503 363 2570 ζητησις,
414 2509 489 2556 καὶ
543 2505 571 2568 ἡ
623 2510 718 2556 τῶν
769 2507 939 2573 άρτιως
991 2503 1328 2574 ἐξητασμένων
1380 2503 1611 2567 κεκίνηται
1661 2499 1756 2561 ,Βά-

157 2611 321 2642 O’aVOS'.

206 2745 237 2768 2.
264 2733 462 2778 δυναμένης]
483 2735 652 2779 δυνάμεως
671 2735 717 2769 D.
936 2745 989 2769 10.
1017 2736 1087 2770 τοῖς
1106 2745 1176 2768 om.
1198 2733 1238 2767 Β.
1462 2742 1514 2764 ΙΙ.
1542 2729 1604 2774 οὐχ
1624 2740 1693 2763 om.
1718 2728 1759 2762 B.

161 2792 215 2823 14.
243 2780 434 2824 σπεύδομεν
453 2781 493 2814 Β.
606 2781 658 2816 16.
684 2797 720 2815 τε
738 2788 961 2827 assumptum
981 2794 1022 2815 ex
1043 2782 1085 2816 Β.
1150 2781 1385 2825 ὁμολογοῦμεν
1406 2777 1448 2811 Β.
1560 2786 1611 2821 17.
1640 2777 1759 2818 ὥσπερ

158 2839 228 2862 om.
250 2827 291 2861 B.
357 2827 695 2874 περιπεπλασμένον]
715 2828 972 2872 πεπλονημενον
993 2828 1034 2862 Β.
1207 2828 1260 2861 18.
1287 2825 1594 2881 κατηγλιιῖζόμενον
1614 2824 1644 2867 (s
1639 2822 1694 2866 lc)
1717 2822 1760 2857 B.

159 2874 321 2908 Statim’
304 2875 469 2918 ονόμασιν
486 2874 578 2908 edidi
596 2887 637 2908 ex
655 2875 695 2915 B,
715 2876 773 2921 qui
792 2875 941 2919 ὄμμασιν
955 2876 1053 2920 prius
1072 2874 1223 2919 smipsit,
1239 2879 1360 2918 postea
1378 2871 1539 2906 correxit.
1568 2870 1760 2916 ἀξιώμασιν

159 2922 281 2966 repetit
301 2920 367 2955 Ed.
515 2932 568 2966 19.
596 2921 779 2967 εμφέρειαν
798 2922 840 2956 Β.
859 2923 1033 2967 ἀκρίβειαν
1053 2921 1119 2955 Ed.
