2084 3317
346 135 432 174 510
752 135 801 174 Β.
835 134 1106 175 CYRILLI
1148 134 1529 174 ALEXANDR.
1793 133 1847 173 vi.
1865 132 1934 185 46.

346 243 430 294 τὸν
467 243 525 312 ἐξ
560 245 702 294 αὐτοῦ
742 244 1025 308 γεννηθέντα
1064 243 1195 304 Υὶὸν,
1234 242 1397 308 ὥσπερ
1442 244 1522 293 οὖν
1561 241 1726 305 ἀμέλει
1768 243 1843 292 καὶ
1882 239 1938 291 τὸ

347 326 521 392 ἕτερον.
604 327 628 377 ὁ
686 326 778 391 γὰρ
830 325 948 376 Υἱὸν
1007 327 1260 390 ὁμολογῶν
1318 326 1400 375 οὐκ
1448 324 1671 390 ἀγνοήσει
1727 322 1809 374 τὸν
1861 345 1938 388 γε-

348 407 619 474 γεννηκότα.

424 491 613 540 Οὐκοῦν
645 488 675 557 ᾗ
713 489 798 552 μέν
831 491 934 538 ε’στι
971 488 1142 554 Πατὴρ
1182 491 1206 538 ὁ
1243 487 1379 550 Θεὸς,
1408 490 1528 539 οὕτω
1567 512 1615 540 τε
1657 493 1825 538 νοεῖται
1863 489 1940 538 καὶ

348 570 634 637 κηρύττεται,
662 570 748 634 τὴν
773 571 880 635 περὶ
906 575 988 620 τοῦ
1021 570 1136 620 ἰδίου
1172 569 1462 635 γεννήματος
1497 576 1593 624 τοῖς
1629 569 1939 635 ἀκροωμένοις

346 654 556 717 ἐντίθησι
583 657 778 718 γνῶσιν·
821 650 850 719 ᾗ
877 649 924 702 δὲ
951 651 1066 706 Υἱὸς
1097 653 1122 702 ὁ
1157 653 1214 720 ἐξ
1244 653 1387 703 αὐτοῦ
1423 651 1543 703 κατὰ
1578 651 1728 721 φύσιν
1757 649 1932 713 ὀνομά-

350 734 472 800 ζεται
524 737 600 785 καὶ
652 735 784 785 ἔστιν
827 735 1035 797 ἀληθῶς,
1083 733 1358 800 διαγγέλλει
1408 733 1492 785 τὸν
1533 734 1738 801 Πατέρα·
1794 731 1940 784 διάτοι

413 823 432 832 Α
477 818 487 832 Ι
736 819 746 832 ε
891 815 905 830 x
1021 817 1030 830 ‚
1078 815 1088 831 s
1209 817 1218 832 ‚
1383 818 1396 833 Ι
1516 815 1528 829 t
1728 815 1741 831 x
1800 814 1823 832 ν

126 817 221 848 Infra
351 840 489 868 τουτο
529 821 681 885 φησιν
720 840 782 870 ως
819 839 938 882 προς
975 839 1118 867 αυτον
1157 824 1184 846 “
1226 820 1528 884 Εφανερωσα
1566 839 1658 867 σου
1695 839 1750 867 το
1794 838 1942 878 ονομα

125 861 205 892 xvii.
225 859 255 891 6.

352 906 380 929 ‘⁶
405 904 501 953 τοῖς
540 898 845 966 ἁνθρώποις.”
898 897 1055 962 ἐπειδὴ
1095 898 1189 965 γὰρ
1233 899 1452 964 ἐγνώσθη
1498 897 1628 964 παρὰ
1666 903 1763 951 τοῖς
1800 920 1938 949 πεπι-

126 993 215 1029 348
228 992 281 1028 A·
312 981 605 1033 ἃστευκόσιν
638 982 663 1032 ὁ
695 980 823 1042 Υἱὸς,
850 981 1225 1050 πεφανερῶσθαί
1255 985 1379 1048 φησι
1414 979 1468 1031 τὸ
1503 985 1586 1031 τοῦ
1623 979 1943 1045 γεννήσαντος

349 1063 514 1128 ὄνομα·
560 1064 746 1128 νοηθείη
774 1063 815 1113 δ’
845 1061 903 1113 ἄν
927 1062 1013 1126 τὴν
1038 1064 1142 1128 περὶ
1178 1067 1261 1113 τοῦ
1297 1063 1412 1113 ἰδίου
1443 1063 1731 1128 γεννήματος
1763 1067 1943 1128 γνῶσιν

346 1149 538 1200 ἐντιθεὶς
577 1147 685 1210 ἡμῖν
718 1147 744 1196 ὁ
779 1144 901 1198 Θεὸς
940 1146 1016 1195 καὶ
1054 1144 1238 1210 Πατὴρ,
1271 1146 1323 1194 οὐ
1364 1148 1524 1213 φωνῆς
1563 1145 1741 1196 ἄνωθεν
1773 1146 1944 1212 καταῤ-

346 1228 654 1295 ῥηγνυμένης,
703 1230 778 1278 καὶ
827 1230 1033 1291 βροντῆς
1083 1249 1208 1280 τινος
1259 1227 1391 1290 δίκην
1435 1226 1815 1292 περικτυπούσης
1858 1226 1945 1291 τὴν

348 1309 635 1375 οἰκουμένην,
663 1309 795 1360 ἀλλὰ
822 1310 949 1362 θείας
975 1307 1196 1373 δηλονότι
1225 1309 1541 1377 φωταγωγίας
1567 1308 1945 1373 ἀναλαμπούσης

348 1394 398 1443 ἐν
424 1393 533 1456 ἡμῖν
558 1391 678 1458 πρὸς
706 1389 995 1456 κατανόησιν
1022 1394 1105 1455 τῆς
1132 1389 1453 1442 θεοπνεύστου
1487 1394 1691 1460 γραφῆς·
1735 1389 1945 1457 εὑρήσεις

351 1474 400 1525 δὲ
425 1475 573 1526 πάλιν
600 1476 675 1525 καὶ
701 1472 820 1540 πρὸς
846 1478 984 1524 τοῦτο
1010 1474 1059 1523 ἐν
1078 1473 1188 1537 ἡμῖν
1214 1471 1404 1539 ἐνεργὸν
1423 1472 1505 1524 τὸν
1525 1473 1655 1524 Υἱόν·
1683 1472 1946 1539 γέγραπται

352 1556 446 1623 γάρ
491 1579 584 1608 που
628 1559 734 1622 περὶ
782 1560 877 1607 τῶν
923 1555 1072 1621 ἁγίων
1115 1559 1340 1619 μαθητῶν
1379 1554 1450 1606 ὅτι
1490 1563 1517 1585 “
1543 1556 1665 1606 Τότε
1717 1555 1947 1624 διήνοιξεν

306 1642 333 1683 b
354 1646 381 1668 ‘⁶
408 1640 562 1690 αὐτῶν
588 1637 695 1692 τοὺς
731 1637 1062 1704 ὀφθαλμοὺς,”
1092 1641 1154 1691 εἷς
1188 1637 1243 1689 τὸ
1280 1642 1399 1689 νοεῖν
1436 1637 1658 1703 δηλονότι
1692 1636 1776 1692 τὰς
1810 1638 1949 1703 ἁγίας

354 1721 560 1790 γραφάς.

125 1559 160 1587 S.
171 1555 252 1586 Luc.

126 1600 217 1631 xxiv.
234 1608 286 1639 45.

285 1897 334 1944 46
357 1892 444 1948 Οὐχ
479 1893 544 1935 ὅτι
581 1892 655 1936 τὸν
693 1893 867 1950 Πατέρα
905 1890 1077 1950 ἑώρακέ
1113 1909 1188 1945 τις,
1227 1892 1262 1934 εἰ
1299 1893 1356 1943 μὴ
1396 1894 1418 1935 ὁ
1456 1892 1517 1935 ὢν
1556 1893 1672 1951 Παρὰ
1710 1897 1784 1936 τοῦ
1823 1893 1946 1935 Θεοῦ·

814 1985 940 2029 οὗτος
978 1986 1149 2044 ἑώρακε
1185 1987 1259 2030 τὸν
1296 1988 1486 2045 Πατέρα.

432 2105 885 2173 Προανασκοπήσας
918 2107 1079 2170 πάλιν,
1115 2110 1177 2162 ὡς
1209 2107 1350 2171 Θεὸς,
1381 2108 1452 2159 ὅτι
1486 2108 1832 2178 παραδέξονται
1864 2108 1951 2173 μὲν

356 2190 571 2252 οὐδαμῶς
616 2187 702 2253 τὴν
747 2188 823 2240 διὰ
873 2195 955 2240 τοῦ
1001 2189 1278 2254 Πνεύματος
1330 2190 1660 2258 ἀποκάλυψιν,
1711 2191 1816 2243 οὐδὲ
1864 2191 1951 2255 τὴν

357 2270 535 2322 ἄνωθεν
573 2270 658 2335 μὲν
696 2273 744 2322 ἐν
786 2273 1123 2340 φωταγωγίαις
1171 2272 1453 2336 ἐννοήσουσι
1497 2273 1708 2336 σύνεσιν,
1753 2273 1951 2339 ἀπαιτή-

358 2376 505 2404 σουσι
555 2352 604 2404 δὲ
654 2353 731 2405 διὰ
778 2353 972 2418 πολλὴν
1023 2355 1320 2415 δυσβουλίαν
1373 2356 1448 2406 καὶ
1499 2354 1612 2406 αὐτὸ
1670 2354 1724 2407 τὸ
1782 2358 1951 2423 χρῆναι

318 2439 546 2503 οθεωρεΐν
583 2434 667 2486 τὸν
703 2437 909 2502 Πατέρα,
943 2438 1032 2499 καὶ,
1067 2436 1143 2487 ἵνα
1183 2437 1329 2490 οὕτως
1369 2436 1582 2500 εἴπωμεν,
1622 2439 1677 2488 δι’
1719 2438 1949 2504 αὐτοπρο-

358 2518 528 2569 σώπου
578 2518 884 2570 παιδεύεσθαι
935 2517 1058 2577 θέας,
1106 2518 1221 2585 ὅπερ
1266 2521 1328 2573 ὡς
1379 2517 1528 2589 ᾤοντο
1572 2524 1668 2574 τοῖς
1712 2520 1953 2587 πατράσιν

135 2611 243 2642 Exod.
359 2601 513 2651 αὐτῶν
552 2599 772 2668 ὑπήρχθη
809 2600 937 2664 ποτὲ,
977 2601 1342 2670 καταφοιτώσης
1380 2603 1455 2653 ἐπὶ
1493 2601 1547 2653 τὸ
1586 2601 1694 2670 ὅρος
1735 2602 1789 2653 τὸ
1835 2606 1953 2654 Σινᾶ

134 2664 274 2687 x¹x'²⁰'
359 2685 442 2747 τῆς
469 2681 611 2752 δόξης
643 2688 727 2734 τοῦ
754 2687 897 2734 Θεοῦ·
938 2682 1327 2751 προανασειράζει
1363 2683 1524 2748 πάλιν,
1553 2687 1628 2735 καὶ
1663 2682 1829 2751 ὥσπερ
1863 2686 1952 2736 τινὶ

411 2861 439 2885 1.
466 2850 504 2894 ἐξ
521 2850 641 2897 αὐτοῦ]
662 2851 740 2896 ἐξοῦ
760 2851 802 2886 Β.
969 2865 1002 2895 4.
1028 2849 1067 2898 ᾗ]
1087 2851 1106 2896 ἣ
1125 2852 1154 2886 εἶ
1172 2852 1215 2887 Β.
1305 2852 1392 2888 οὕτω
1410 2852 1463 2899 τε]
1483 2852 1583 2888 οὗτός
1598 2867 1638 2898 γε
1659 2852 1701 2888 Β.
1872 2852 1906 2886 6.
1930 2850 1954 2896 ᾗ

359 2896 413 2942 δὲ]
434 2897 452 2941 ἢ
470 2898 537 2932 ειδὲ
556 2898 598 2932 Β.
834 2910 886 2933 11.
912 2898 1060 2945 γνῶσιν]
1080 2899 1179 2934 δόσιν
1198 2899 1240 2934 Β.
1475 2899 1528 2935 16.
1555 2900 1590 2934 ἐν
1607 2904 1831 2945 assumptum
1847 2911 1889 2933 ex
1910 2898 1952 2933 B.

361 2955 415 2977 20.
441 2947 501 2978 τοῦ
518 2951 739 2990 assumptum
758 2958 799 2979 ex
820 2945 862 2980 B.

1960 586 1982 624 5

1966 1003 2014 1028 10

1970 1908 2020 1934 20
