2021 3296
67 1080 172 1130 Κεφ.
197 1075 247 1117 α’.

70 1564 126 1594 Ps.
140 1563 230 1593 lxxx.

74 1615 123 1637 10.

73 1797 168 1828 Infra

73 1840 140 1873 viil.
158 1840 208 1880 58.

246 886 268 912 0
862 856 1179 907 ΚΕΦΑΛΗ
1239 856 1294 903 Α.

823 1067 876 1109 Εν
913 1067 1023 1124 ἀρχῷ
1061 1062 1110 1105 ἦν
1148 1064 1163 1105 c‘
1206 1061 1347 1108 ΛόΓοε.

552 1233 645 1274 “On
675 1231 794 1273 ἀΐδιος
825 1230 886 1271 καὶ
916 1229 990 1281 πρὸ
1021 1231 1096 1269 τῶν
1126 1227 1278 1268 αἰώνων
1309 1225 1329 1264 ὁ
1361 1220 1606 1274 Μονογενής.

367 1388 434 1436 ΤΙ
462 1384 579 1451 πρὸς
611 1382 750 1434 τοῦτό
782 1385 935 1480 φασιν
961 1403 1003 1430 οι
1030 1401 1132 1429 νεον
1157 1377 1266 1441 ἡμῖν
1293 1376 1369 1426 καὶ
1393 1371 1681 1440 πρόσφατον
1707 1367 1869 1435 εἰσφε-

291 1489 450 1533 ροντες
494 1465 576 1516 τὸν
613 1463 745 1526 Υὶὸν,
783 1463 858 1513 ἵνα
903 1461 1019 1525 μηδὲ
1058 1459 1183 1512 ὅλως
1228 1454 1453 1522 ὑπάρχειν
1492 1454 1558 1504 ἐτι
1597 1450 1876 1513 πιστεύηται
1897 1460 1919 1498 5

295 1547 447 1611 Θεόςς
490 1555 518 1577 “
539 1548 614 1598 Οὐ
648 1545 741 1612 γὰρ
776 1544 923 1605 ἔσται,
957 1542 1121 1610 φησιν,
1159 1542 1206 1590 ἐν
1236 1561 1315 1589 σοι
1354 1535 1459 1591 θεὸς
1496 1531 1819 1602 πρόσφατος,’
1847 1530 1876 1593 ἡ

295 1632 395 1682 θεία
420 1630 597 1698 γραφή.
643 1631 744 1680 πῶς
770 1626 852 1677 οὐν
877 1626 930 1676 οὑ
955 1621 1253 1691 πρόσφατος,
1280 1643 1317 1671 ει
1342 1620 1391 1670 ἐν
1417 1616 1628 1712 ὑστεροις
1653 1611 1876 1680 ἐγεννήθη

296 1717 502 1780 καιροῖς;
571 1714 672 1764 πῶς
731 1707 779 1759 δὲ
837 1708 921 1758 οὐκ
980 1704 1204 1774 ἐψεύδετο
1258 1701 1414 1767 λέγων
1461 1697 1578 1765 πρὸς
1627 1696 1879 1748 Ἰουδαίους

298 1802 324 1824 “
349 1793 504 1858 Ἀμὴν
545 1792 672 1857 λέγω
718 1792 845 1854 ὑμῖν,
892 1790 1003 1854 πρὶν
1046 1784 1274 1852 “Αβραάμ
1321 1781 1555 1848 γενέσθαι,
1598 1777 1692 1844 ἐγὼ
1741 1774 1876 1839 εἰμι’·”

297 1875 540 1943 πρόδηλον
576 1873 670 1940 γὰρ
713 1870 863 1967 δήπου
909 1893 982 1921 και
1026 1873 1176 1920 πᾶσιν
1214 1862 1607 1930 ὁμολογουμενον,
1645 1862 1708 1913 ὡς
1750 1865 1874 1910 πολ·
1903 1874 1950 1899 10

299 1963 400 2012 λοῖς
443 1959 642 2023 ὕστερον
683 1953 883 2022 χρόνοις,
925 1949 1042 2014 μετὰ
1083 1948 1166 2000 τὸν
1203 1946 1432 2012 μακάριον
1469 1940 1710 2009 Αβρααμ,
1748 1941 1877 2005 ἐγεν-

254 2040 426 2136 (Ινήθη
476 2036 691 2105 Χριστὸς
741 2033 816 2085 διὰ
866 2036 949 2098 τῆς
1008 2032 1144 2098 ἁγίας
1193 2028 1443 2096 παρθενου.
1519 2029 1611 2076 ποῦ
1663 2020 1711 2073 δὲ
1761 2020 1886 2074 ὅλως

301 2122 355 2173 τὸ
401 2117 443 2181 ἦν
488 2122 525 2172 ὲν
569 2123 683 2190 αρχη
726 2115 1000 2180 σωθήσεται
1043 2114 1120 2164 καὶ
1163 2109 1372 2179 χωρήσει
1419 2110 1591 2167 καλῶς,
1634 2104 1761 2169 ε’ίπερ
1811 2103 1887 2153 ἐπὶ

302 2202 430 2255 τέλει
477 2206 572 2253 τῶν
615 2198 796 2250 αἰώνων
836 2196 1030 2263 γε’γονεν
1077 2195 1102 2244 ὁ
1156 2188 1463 2256 Μονογενής·
1453 2229 1465 2250 ,
1528 2209 1616 2253 ορα
1664 2184 1760 2250 γάρ
1808 2205 1887 2247 μοι

304 2309 380 2337 και
420 2282 496 2335 διὰ
539 2287 633 2333 τῶν
671 2277 920 2349 ἐφεξῆς,”’
896 2300 1017 2341 οσην
1058 2297 1150 2343 εχει
1190 2272 1276 2337 τὴν
1316 2271 1516 2322 ἀτοπιαν
1553 2267 1606 2320 τὸ
1651 2269 1887 2327 κολοβοῦν
1909 2287 1955 2326 15

304 2373 388 2419 τοῦ
446 2368 565 2417 Υἱοῦ
623 2362 709 2426 τὴν
766 2359 913 2410 ἀΐδιον
971 2356 1187 2424 ὕπαρξιν,
1243 2355 1318 2405 καὶ
1376 2354 1425 2403 ἐν
1481 2348 1690 2414 ὑστέροις
1747 2344 1888 2396 αὐτὸν

306 2449 526 2516 γενεσθαι
577 2443 762 2513 χρόνοις
813 2443 1040 2492 ὑπονοεῖν.
1114 2436 1227 2487 αὐτὸ
1279 2433 1327 2485 δὲ
1378 2432 1434 2497 δὴ
1484 2429 1631 2483 παλιν
1675 2428 1784 2492 ἡμῖν
1826 2449 1890 2480 εις

307 2529 596 2594 λεπτοτέραν
639 2524 973 2591 παρακείσεται
1023 2517 1253 2581 βασανον,
1298 2537 1413 2581 οπερ
1456 2513 1547 2582 ἔφη
1593 2513 1618 2562 ὁ
1665 2509 1892 2576 μακάριος

310 2608 688 2677 Εὐαγγελιστής

358 2779 392 2812 3.
418 2766 563 2800 Llneam
579 2764 670 2798 hanc
687 2766 768 2798 ante
783 2761 921 2804 Ἐπειδὴ
941 2761 992 2805 (p.
1010 2770 1062 2801 14,
1085 2767 1138 2803 17.
1143 2757 1155 2800 )
1173 2762 1307 2800 transp.
1326 2752 1393 2788 Ed.
1411 2752 1521 2786 invito
1536 2749 1583 2785 Β.
1725 2747 1896 2793 ψφασ-ιν

314 2813 355 2847 Β.
360 2813 401 2847 E.
421 2811 590 2863 Euthym·
609 2810 684 2854 Zlg.
702 2810 790 2854 φατε
808 2807 875 2842 Ed.
1030 2807 1062 2839 6.
1089 2804 1164 2839 ἐστι
1182 2802 1224 2837 Ε.
1378 2809 1410 2845 7.
1437 2799 1564 2842 καιροῖς
1580 2794 1738 2842 ἐγεννήθη
1756 2795 1895 2828 inverso

312 2859 434 2894 ordine
453 2858 494 2892 B.
513 2857 624 2891 invito
642 2855 751 2890 Euth.
960 2864 993 2897 9.
1017 2851 1104 2896 ἀμὴν
1120 2849 1206 2893 ἀμὴν
1223 2848 1267 2883 Β.
1284 2847 1394 2881 invito
1412 2844 1522 2880 Euth.
1730 2851 1783 2875 10.
1808 2840 1895 2874 πᾶσι

313 2906 367 2940 καὶ
383 2906 522 2939 inverso
539 2903 662 2937 ordine
679 2902 972 2937 Euth.1
983 2910 1012 2933 1.
1038 2894 1214 2949 ἐγεννήθη]
1237 2898 1275 2935 -{-
1296 2895 1314 2927 ὁ
1334 2891 1442 2928 Euth.
1620 2899 1673 2934 13.
1697 2902 1737 2930 ην
1753 2887 1789 2921 ἐν
1805 2885 1893 2930 ἀρχῇ

313 2952 380 2986 hoc
397 2950 518 2986 ordine
537 2949 578 2983 B.
599 2948 706 2984 Euth.
778 2948 847 2992 ἐπι]
872 2951 909 2988 —f-
930 2947 976 2992 τῷ
995 2944 1037 2980 Β.
1055 2943 1162 2979 invito
1180 2939 1289 2977 Euth.
