2084 3317
110 780 218 829 ¹Supra

109 833 129 853 1.
148 832 198 862 ²5·

110 1194 234 1245 S...Luc.

111 1249 165 1270 vu.
183 1247 230 1280 29,

111 1290 162 1320 3ο.

333 179 417 220 372
735 184 785 225 B.
819 185 1092 226 CYRILLI
1135 185 1517 226 ALEXANDR.
1704 199 1743 224 v.
1763 184 1917 238 36,37-

332 287 587 350 ἠθελήσατε,
615 291 747 342 ἀλλὰ
786 294 891 361 πρὶς
929 293 1078 357 μόνην
1114 293 1234 361 ὤραν,
1263 292 1477 344 τουτέστι
1509 294 1626 358 πρὸς
1662 291 1921 358 ὀλιγοστὸν

333 374 500 434 κομιδῆ
534 371 617 422 τὸν
642 372 815 439 καιρόν.
868 376 916 424 ἐν
941 377 1065 442 ἀρχῇ
1100 373 1193 440 γὰρ
1220 374 1548 438 θαυμάσαντες
1582 373 1921 435 κατεσβέσατε,

334 450 389 502 τὸ
430 451 548 503 ὅσον
585 454 656 522 ἐφ’
691 454 878 517 ἑαυτοῖς,
914 460 997 505 τοῦ
1039 455 1217 522 λύχνου
1260 454 1314 506 τὸ
1357 460 1472 524 φῶς,
1511 456 1795 521 ἀλογώτατα
1838 453 1923 517 μὲν

291 535 317 575 b
336 534 701 598 ἐπισκήπτοντες
731 539 798 604 τῷ
831 536 991 587 θεόθεν
1023 538 1385 606 ἀπεσταλμένω,
1413 540 1487 588 καὶ
1524 539 1576 588 οὐ
1614 536 1759 600 μόνον
1792 536 1923 586 αὐτοὶ

335 613 388 665 τὸ
414 615 725 681 βαπτίζεσθαι
755 618 1127 682 παραιτούμενοι,
1153 618 1285 669 ἀλλὰ
1326 621 1401 669 καὶ
1439 624 1522 669 τοῦ
1559 618 1800 684 βαπτίζειν
1829 617 1921 668 ἑτέ-

333 718 442 761 ρους
477 697 846 752 ἀποκωλύοντες·
901 700 1214 751 ἀπεστείλατε
1249 700 1342 766 γὰρ
1375 700 1493 766 πρὸς
1529 699 1670 750 αὐτὸν
1705 701 1923 765 λέγοντες

335 784 362 806 “
388 778 454 828 Τί
477 778 558 828 οῦν
582 778 823 845 βαπτίζεις
842 781 881 841 ;”
922 780 1137 832 τουτέστι
1169 782 1216 832 τί
1249 781 1460 849 φωτίζεις
1486 785 1548 834 εἰς
1574 780 1822 845 μετάνοιαν
1848 782 1925 831 καὶ

333 858 591 924 ἐπίγνωσιν
619 866 701 911 τοῦ
729 864 978 928 Χριστοῦ;
1023 863 1190 914 οὐκοῦν
1225 864 1431 927 εὐηθείας
1467 863 1564 927 ἅμα
1602 865 1677 914 καὶ
1716 884 1924 928 παρανο-

333 942 442 1003 μίας
467 941 690 1008 ἐπήνεγκε
717 942 910 1011 γραφὴν
935 948 1032 999 τοῖς
1067 944 1282 1008 ἀνοήτοις
1307 950 1640 1011 γραμματεῦσι
1666 946 1740 995 καὶ
1769 947 1920 1010 Φαρι·

333 1022 500 1085 σαίοις,
521 1028 620 1077 ταῖς
646 1023 865 1076 Ἰωάννου
890 1026 1038 1077 πάλιν
1059 1025 1455 1093 ἐπαγωνιζόμενος
1481 1031 1660 1094 φωναῖς
1690 1028 1714 1077 ὁ
1736 1025 1920 1092 Σωτήρ·

335 1102 451 1169 ὅπερ
478 1102 603 1168 οἶμαι
630 1108 801 1168 συνεὶς,
829 1107 1005 1172 ἄριστά
1030 1131 1079 1158 τε
1106 1108 1358 1176 διειληφὼς
1385 1111 1460 1159 καὶ
1488 1109 1513 1158 ὁ
1540 1108 1765 1174 μακάριος
1792 1111 1921 1158 Λου-

295 1206 316 1233 c
337 1189 420 1238 κᾶς
445 1188 527 1249 τῆς
553 1186 735 1238 ἐκείνων
757 1189 978 1242 ἀπονοίας
1004 1191 1219 1258 καταβοᾷ
1252 1189 1407 1255 λέγων
1434 1197 1460 1219 “
1489 1191 1584 1240 Καὶ
1614 1193 1706 1243 πᾶς
1745 1190 1770 1238 ὁ
1809 1186 1926 1242 λαὸς

337 1273 364 1296 “
391 1267 626 1321 ἀκούσας”
654 1273 748 1319 τῶν
775 1275 857 1320 τοῦ
885 1273 1105 1335 Σωτῆρος
1129 1270 1354 1337 ῥημάτων
1380 1269 1579 1334 δηλαδὴ,
1604 1278 1630 1300 “
1646 1271 1926 1321 ἐδικαίωσαν

336 1356 362 1378 “
388 1348 471 1399 τὸν
516 1349 653 1411 Θεὸν,
697 1351 1041 1411 βαπτισθέντες
1084 1352 1138 1403 τὸ
1182 1352 1437 1417 βάπτισμα
1481 1352 1718 1404 Ἰωάννου.
1790 1355 1832 1403 οἱ
1877 1351 1925 1403 δὲ

334 1440 360 1458 “
388 1434 641 1497 Φαρισαῖοι
676 1434 751 1482 καὶ
786 1436 828 1482 οἱ
864 1435 1043 1495 νομικοὶ
1077 1433 1162 1497 τὴν
1198 1433 1382 1498 βουλὴν
1416 1439 1498 1485 τοῦ
1525 1437 1651 1485 Θεοῦ
1688 1434 1925 1499 ἠθέτησαν

333 1519 359 1541 “
386 1514 434 1562 ἐν
460 1514 653 1574 ἑαυτοῖς,
684 1513 748 1577 μὴ
774 1515 1117 1574 βαπτισθέντες
1144 1516 1218 1566 ὑπ’
1247 1516 1431 1567 αὑτοῦ.”

267 1638 447 1691 36ἘΓω
486 1639 529 1680 δὲ
569 1640 655 1694 ἔχω
693 1640 768 1681 τήν
807 1641 1044 1697 μαρτυρίαν
1082 1642 1208 1699 μείζω
1246 1645 1319 1683 τοῦ
1354 1643 1576 1684 Ἰωάννου·
1615 1642 1665 1683 τὰ
1707 1642 1784 1698 Γὰρ
1821 1642 1925 1698 {prox

402 1723 427 1762 οἳ
466 1721 631 1764 ὃέὃωκὲ
669 1738 740 1771 μοι
780 1724 802 1765 ὁ
846 1724 994 1779 Πατήρ
1036 1724 1104 1765 ἵνα
1149 1724 1371 1767 τελειώσω
1414 1725 1535 1776 αὐτὰ,
1579 1725 1684 1766 αὐτὰ
1729 1725 1779 1766 τὰ
1822 1725 1925 1781 ἔρΓα

287 1804 315 1843 d
401 1805 426 1846 ἂ
477 1806 603 1856 Ποιώ,
643 1804 850 1862 μαρτυρεῖ
898 1807 995 1862 Περὶ
1044 1807 1147 1855 ἐμοῦ
1189 1809 1254 1850 ὅτι
1304 1809 1325 1850 ὁ
1369 1809 1519 1865 Πατήρ
1567 1824 1618 1856 με
1667 1809 1925 1849 ἀπέσταλκε.

267 1897 312 1936 37
404 1887 472 1928 καί
510 1889 532 1929 ὁ
569 1888 743 1938 Πέμψας
781 1904 831 1936 με
869 1889 1031 1945 Πατὴρ,
1071 1890 1197 1932 αὐτὸς
1235 1892 1535 1947 μεμαρτύρΗκε
1573 1892 1671 1947 Περὶ
1707 1891 1826 1938 ἐμοῦ.

411 1987 470 2034 Εἰ
511 1987 586 2035 καὶ
628 1986 802 2053 λύχνος
843 1985 900 2050 ἧν
938 1988 1120 2050 ἐκεῖνος,
1158 1991 1295 2055 φησὶ,
1328 1990 1404 2038 καὶ
1444 1987 1520 2038 διὰ
1562 1992 1766 2053 νομικῶν
1803 2010 1922 2038 συν-

334 2065 589 2130 ταγμάτων
616 2065 1022 2135 ζωγραφούμενος,
1064 2070 1138 2118 καῖ
1178 2068 1254 2119 διὰ
1289 2071 1450 2137 φωνῆς
1488 2073 1583 2120 τῶν
1620 2070 1768 2134 ἁγίων
1801 2091 1921 2134 προ-

335 2149 501 2213 φητῶν
526 2147 873 2214 προβοώμενος,
900 2151 963 2203 ὡς
989 2150 1384 2217 ἀναδειχθήσεταί
1408 2173 1522 2202 ποτε
1556 2156 1639 2202 τοῦ
1671 2149 1770 2201 κατ’
1799 2149 1923 2215 ἀλή-

335 2232 463 2278 θειαν
501 2228 893 2295 προαναλάμπων
932 2229 1103 2299 φωτὸς,
1150 2233 1223 2282 καὶ
1265 2231 1569 2297 διαγγέλλων
1608 2233 1656 2282 ἐν
1696 2233 1817 2294 ὑμῖν,
1856 2231 1925 2282 ὅτι

334 2308 563 2375 προσήκει
597 2310 682 2375 τὴν
713 2310 822 2362 ὁδὸν
853 2312 1048 2378 εὐτρεπῆ
1083 2317 1320 2364 ποιεῖσθαι
1358 2319 1440 2364 τοῦ
1470 2315 1648 2381 Κυρίου
1682 2316 1758 2365 καὶ
1785 2316 1924 2364 Θεοῦ·

297 2412 319 2438 e
337 2392 448 2441 ἀλλ’
500 2392 686 2459 ἐπείπερ
737 2394 844 2455 ὑμῖν
894 2394 976 2444 οὐκ
1035 2393 1316 2462 ἀξιόπιστος
1376 2396 1492 2450 ἴσως
1549 2398 1727 2463 ὁρᾶται,
1778 2396 1926 2447 καίτοι

335 2478 564 2527 τοσοῦτος
601 2473 824 2541 ὑπάρχων
855 2477 902 2525 ἐν
936 2477 1093 2544 ἀρετῇ,
1120 2476 1196 2527 διὰ
1227 2476 1313 2540 τὴν
1339 2479 1541 2529 ἐνοῦσαν
1568 2480 1673 2540 ὑμῖν
1698 2476 1927 2545 ἀχάλινόν

335 2576 383 2604 τε
411 2555 487 2604 καὶ
518 2554 845 2620 ἐκτοπωτάτην
871 2557 1112 2620 ἀπόνοιαν,
1138 2559 1213 2609 ἐπὶ
1247 2558 1301 2609 τὸ
1336 2559 1490 2626 μεῖζον
1515 2560 1603 2624 ἤδη
1638 2563 1791 2627 χωρῶ,
1817 2560 1924 2610 καθ’

337 2634 391 2684 οῦ
426 2634 545 2686 κατὰ
583 2636 637 2686 τὸ
672 2637 790 2691 εἰκὸς
829 2640 968 2704 ἐρεῖτε
1007 2637 1153 2689 πάλιν
1180 2639 1324 2702 οὐδὲν,
1352 2640 1465 2691 αὐτὸ
1502 2643 1584 2704 τῆς
1619 2641 1842 2704 ἀληθείας
1873 2640 1927 2691 τὸ

338 2715 517 2771 κάλλος
556 2720 629 2768 καὶ
668 2718 798 2785 παρὰ
835 2719 1074 2784 βούλησιν
1112 2720 1197 2784 τὴν
1236 2722 1412 2772 ἑαυτῶν
1451 2721 1820 2786 δυσωπούμενοι.
1873 2722 1927 2773 οὐ

387 2838 415 2862 1.
443 2828 629 2873 ὀλιγοστὸν
650 2829 692 2863 Β.
711 2829 888 2874 ὀλίγιστον
907 2830 952 2864 D.
971 2830 1090 2875 ὀλίγον
1108 2830 1175 2865 Ed.
1304 2845 1337 2874 4.
1365 2827 1624 2868 e’mffxg’nrovrcs·
1638 2833 1680 2867 Β.
1769 2844 1802 2878 9.
1822 2838 1925 2877 Φαρι-

338 2874 447 2910 σαίοις
465 2881 498 2908 et
513 2877 749 2919 γραμματεῦσι
767 2876 856 2910 inter
874 2888 910 2910 se
927 2877 1127 2921 transponit
1147 2877 1188 2912 Β.
1534 2880 1586 2913 18.
1613 2879 1696 2914 αὐτὰ
1714 2880 1773 2914 alt.
1791 2890 1862 2914 om.
1882 2879 1925 2914 B.

339 2931 393 2954 21.
420 2921 515 2955 ἐστιν
533 2932 595 2965 pro
612 2920 651 2964 ἦν
670 2921 711 2956 Β.
777 2924 1052 2968 συγγραμμάτων
1072 2923 1113 2958 Β.
1309 2935 1364 2970 25.
1391 2926 1539 2970 εὐπρεπῆ
1559 2925 1605 2961 D.
1788 2936 1845 2970 30.
1873 2926 1927 2960 καὶ

339 2973 561 3011 assumptum
579 2980 620 3001 ex
641 2968 683 3002 B.

1943 633 1965 671 5

1948 1047 1996 1072 10

1948 1901 1996 1925 20

1947 2738 1997 2774 30
