2084 3317
272 1255 318 1291 31

918 827 1237 875 ΚΕΦΑΛΗ
1297 828 1350 877 Β.

384 991 477 1032 ’Ότι
508 991 575 1032 οὐκ
609 993 651 1032 ἐν
682 995 761 1034 τοῖς
793 996 971 1044 γενητοῖς
1002 994 1112 1033 ἐστιν
1143 994 1162 1033 ὁ
1194 992 1298 1041 Ύὶὸς,
1332 992 1420 1033 ἀλλ’
1455 992 1586 1034 ἐπάνω
1618 992 1788 1043 πάντων,
1821 992 1870 1034 ὡς

970 1077 1075 1120 Θεὸς
1106 1079 1148 1117 ἐκ
1181 1081 1301 1119 Θεοῦ.

584 1240 639 1282 ‘O
677 1241 844 1282 ἄνωθεν
881 1242 1112 1298 ἐρχόμενος
1149 1243 1300 1284 ἐπάνω
1337 1243 1512 1284 Πάντων
1549 1242 1675 1284 ἐστίν.

414 1374 509 1421 ΟΥ
533 1371 669 1437 μέγα,
697 1374 862 1441 φησὶν,
889 1371 992 1424 οὐδὲ
1031 1374 1139 1424 λίαν
1165 1375 1296 1424 ἐστὶν
1322 1373 1631 1443 ἀξιάγαστον,
1660 1377 1697 1424 εἰ
1734 1372 1819 1438 τὴν
1845 1375 1928 1437 τῆς
1949 1392 1970 1428 5

338 1451 701 1518 ἀνθρωπότητος
747 1454 893 1522 δόξαν
938 1455 1207 1523 ὑπερτρέχει
1252 1455 1480 1521 Χριστός·
1541 1456 1596 1506 οὐ
1645 1454 1738 1522 γὰρ
1788 1456 1926 1523 μέχρι

337 1534 519 1585 τούτων
543 1534 650 1588 τοὺς
676 1538 759 1599 τῆς
795 1536 912 1590 ἰδίας
948 1537 1156 1590 εὐκλείας
1189 1537 1385 1601 ἵστησιν
1412 1536 1561 1602 ὅρους,
1587 1538 1661 1588 ἐπὶ
1687 1541 1851 1589 πᾶσαν
1878 1537 1933 1587 δέ

336 1615 440 1666 ἐστι
479 1615 566 1680 τὴν
592 1618 759 1680 κτίσιν,
798 1620 860 1672 ὡς
896 1617 1031 1681 Θεὸς,
1067 1618 1215 1670 ἐπάνω
1254 1618 1427 1670 πάντων
1463 1620 1554 1670 ἐστὶ
1593 1623 1688 1670 τῶν
1725 1641 1925 1684 πεποιη-

337 1698 503 1761 μένων,
524 1700 611 1767 οὐχ
637 1701 699 1753 ὡς
725 1702 773 1750 ἐν
798 1704 920 1751 πᾶσι
947 1701 1390 1766 καταριθμούμενος,
1408 1702 1519 1752 ἀλλ’
1548 1703 1610 1755 ὡς
1636 1703 1710 1752 καὶ
1735 1701 1929 1753 πάντων

298 1805 321 1831 ο
338 1778 636 1848 ἐξῃρημένος,
663 1784 739 1833 καὶ
772 1787 869 1836 τοῖς
903 1787 1026 1834 πᾶσι
1052 1787 1322 1850 θεοπρεπῶς
1346 1782 1675 1851 ἐποχούμενος.
1725 1783 1928 1849 ἐπιλέγει
1951 1808 1999 1833 10

337 1860 385 1913 δὲ
420 1861 505 1926 τὴν
537 1863 701 1926 αἰτίαν,
733 1864 816 1915 τὸν
848 1865 1163 1915 ἀντιτείνοντα
1201 1867 1453 1928 δυσωπῶν,
1485 1868 1562 1916 καὶ
1598 1865 1928 1933 κατασιγάζων

336 1943 420 1994 τὸν
447 1944 809 2008 ἀνθιστάμενον.
866 1952 884 1998 ὁ
912 1945 1061 1998 ἄνωθεν
1087 1947 1323 2016 ἐρχόμενος,
1351 1949 1489 2016 φησι,
1510 1947 1768 2011 τουτέστιν,
1795 1948 1819 1998 ὁ
1845 1951 1929 2011 τῆς

337 2025 517 2077 ἄνωθεν
553 2026 679 2094 ῥίζης
717 2028 1003 2098 ἐκπεφυκὼς,
1039 2028 1124 2094 τὴν
1154 2027 1381 2099 πατρῴαν
1413 2029 1486 2098 ἐφ’
1526 2030 1674 2099 ἑαυτῷ
1712 2033 1929 2098 φυσικῶς

336 2108 600 2175 ἀποσώζων
634 2109 845 2177 εὐφυΐαν,
879 2110 933 2161 τό
967 2112 1148 2163 Ἐποὶνω
1187 2115 1361 2163 πάντων
1397 2110 1624 2179 ὑπάρχειν
1657 2113 1923 2178 ὁμολογου-

335 2189 485 2253 μένως
513 2191 804 2256 κεκτήσεται·
846 2192 904 2257 ἧν
927 2192 1021 2259 γὰρ
1049 2192 1105 2258 δὴ
1132 2196 1207 2244 καὶ
1234 2192 1492 2261 ἀμήχανον,
1518 2193 1584 2259 μὴ
1612 2196 1715 2262 οὐχὶ
1740 2193 1928 2249 πάντως
1951 2218 1997 2255 15

335 2279 548 2324 τοιοῦτον
581 2275 785 2340 ὁρᾶσθαι
824 2273 906 2325 τὸν
934 2274 1066 2338 Υἱὸν,
1107 2274 1368 2342 ὁποῖόσπερ
1408 2275 1466 2327 ἂν
1503 2281 1656 2327 νοοῖτο
1696 2278 1770 2327 καὶ
1808 2277 1928 2327 κατὰ

336 2354 423 2420 τὴν
466 2356 604 2425 ἀξίαν
644 2357 669 2407 ὁ
712 2355 947 2421 γεννήσας
991 2357 1147 2408 αὐτόν.
1218 2359 1244 2408 ὁ
1293 2357 1388 2425 γὰρ
1438 2361 1496 2426 τῇ
1546 2358 1793 2422 ταυτότητι
1844 2362 1928 2423 τῆς

338 2438 530 2505 φύσεως
557 2438 826 2505 διαπρέπων
850 2436 980 2502 Υἱὸς,
1010 2438 1064 2490 τὸ
1091 2439 1390 2505 ἀπαύγασμα
1417 2443 1492 2491 καὶ
1520 2442 1544 2491 ὁ
1570 2440 1814 2508 χαρακτὴρ
1845 2447 1928 2492 τοῦ

294 2532 322 2573 (1
343 2519 547 2587 Πατρὸς,
573 2525 673 2575 πῶς
709 2519 766 2571 ἂν
796 2522 974 2587 γένοιτο
1010 2521 1130 2572 κατὰ
1163 2521 1249 2585 τὴν
1275 2523 1420 2591 δόξαν
1446 2522 1656 2574 ἐλάττων
1683 2524 1854 2586 abu-0133
1897 2521 1926 2587 ἢ

339 2602 432 2668 γὰρ
471 2604 554 2653 Οὐκ
591 2605 639 2654 ἐν
672 2607 774 2673 Υὶῷ
813 2602 868 2654 τὸ
908 2609 991 2654 τοῦ
1033 2603 1224 2670 Πατρὸς
1265 2605 1381 2655 ἰ’διον
1419 2605 1813 2670 ἀτιμασθήσεται,
1852 2608 1927 2656 καὶ
1948 2627 1997 2651 20

337 2683 446 2738 τοὺς
500 2690 584 2736 τοῦ
640 2684 854 2740 τεκόντος
912 2687 1163 2752 ὑβριοῦμεν
1221 2689 1535 2754 χαρακτῆρας,
1594 2689 1643 2738 ἐν
1701 2687 1927 2739 ἐλάττοσι

384 2832 417 2866 5.
443 2823 548 2858 εἶπεῖν
565 2836 628 2869 pro
647 2825 675 2858 εἶ
695 2825 754 2870 τὴν
774 2825 816 2861 Β.
912 2825 945 2860 8.
970 2825 1030 2869 τὴν
1047 2826 1158 2860 κτίσιν
1175 2826 1270 2861 ἐστὶν
1288 2826 1426 2861 inverso
1444 2826 1566 2861 ordine
1586 2827 1628 2861 B.
1738 2838 1790 2862 12.
1816 2827 1924 2873 φησὶ]

341 2874 378 2909 -ff-
399 2871 520 2913 μείζων
535 2873 669 2905 πάντων
686 2872 781 2907 ἐστὶν
801 2872 842 2906 Β.
861 2872 970 2906 invito
990 2872 1098 2906 Cord.
1233 2883 1285 2918 15.
1312 2873 1371 2918 δὴ]
1390 2874 1450 2917 ἤδη
1472 2874 1513 2908 Β.
1658 2873 1711 2909 16.
1738 2876 1926 2918 ὁποῖόσπερ

336 2916 393 2961 ἂν]
415 2919 530 2953 ὁποῖος
547 2919 651 2963 ἅνπερ
672 2918 713 2952 Β.
860 2930 915 2954 21.
940 2920 1241 2964 τὸν-χαρακτῆρα
1259 2922 1430 2954 nonnulla
1447 2921 1595 2955 Auberti
1615 2921 1815 2966 apographa
1832 2921 1926 2955 unde

340 2963 474 3007 Migne.

2081 2519 2084 2550 1

2076 2571 2084 2843 ἒ

2071 2883 2084 3215 ιθ
