2084 3317
135 171 160 213 i.
180 186 249 228 32,
268 187 335 229 33.
392 174 467 215 IN
510 175 551 216 s,
585 174 921 216 JOANNEM.
984 174 1108 215 LIB.
1143 175 1204 215 11.
1267 175 1400 216 CAP.
1435 176 1468 215 I.
1643 178 1723 218 187

207 280 401 346 Ἐπειδὴ
439 282 489 333 δὲ
529 280 656 346 οἶμαι
693 283 954 349 προσήκειν
990 283 1289 350 πανταχόθεν
1327 283 1448 346 ἡμᾶς
1486 287 1725 349 θηρᾶσθαι

134 362 189 413 τὸ
246 365 478 431 ὠφελοῦν,
528 366 896 432 παρενεχθείσης
952 363 1088 433 ἅπαξ
1141 368 1225 429 τῆς
1279 370 1363 416 τοῦ
1417 363 1723 431 ἀρχαγγέλου

134 447 308 512 φωνῆς,
335 445 448 513 φέρε
483 448 558 496 καὶ
594 449 656 500 εἰς
691 445 836 510 αὐτὴν
861 447 1002 511 ὀλίγα
1036 444 1372 512 γυμνάσωμεν.
1429 453 1456 475 “
1485 447 1719 508 Πνεῦμα,”
1783 445 1911 528 {15⁸0

133 528 299 593 φησὶν,
337 533 364 555 “
383 525 557 593 “Αγιον
595 527 897 579 ἐπελεύσεται
935 530 1010 579 ἐπὶ
1049 527 1106 578 σὲ
1145 530 1221 578 καὶ
1259 527 1453 590 δύναμις
1476 526 1722 595 (Υψίστου
1825 521 1830 527 ”

90 623 113 661 5
135 613 161 636 “
187 607 455 659 ἐπισκιάσει
493 632 587 672 σοι,
620 608 691 660 διὸ
730 611 805 660 καὶ
845 609 898 660 τὸ
935 610 1225 676 γεννώμενον
1260 608 1394 675 ἅγιον
1428 608 1720 673 κληθήσεται
1739 631 1761 656 ο

133 695 160 717 “
185 687 299 742 Υἱὸς
325 689 498 741 Θεοῦ.”
539 691 716 757 λεγέτω
743 691 897 742 τοίνυν
924 692 1032 755 ἡμῖν
1058 693 1083 742 ὁ
1111 693 1160 742 ἐκ
1184 694 1373 754 πολλῆς
1400 690 1600 754 ἀμαθίας
1626 696 1723 744 τοῖς

133 771 289 836 ὀρθοῖς
313 773 396 835 τῆς
421 771 715 837 Ἐκκλησίας
741 774 1007 824 ἀντιτείνων
1033 772 1257 838 δόγμασι,
1280 771 1480 839 πότερόν
1505 795 1620 824 ποτε
1647 775 1723 823 καὶ

131 851 225 917 πρὸ
269 855 351 916 τῆς
394 855 792 921 ε’νανθρωπήσεως
831 854 945 908 Υἱὸς
988 853 1047 918 ἧν
1085 856 1110 905 ὁ
1150 853 1308 920 Λόγος
1351 860 1434 905 τοῦ
1480 858 1605 905 Θεοῦ
1646 857 1722 905 καὶ

133 933 392 1000 Πατρὸς,ἢ
428 937 477 986 ἐν
506 935 665 998 μόνοις
701 937 932 1000 ὀνόμασιν
963 935 1055 1005 εἶχε
1095 937 1180 1000 τὴν
1216 936 1374 1005 δόξαν,
1403 936 1538 989 νόθος
1576 935 1623 986 δὲ
1664 935 1722 1000 ἧν

63 1039 109 1063 ιο
130 1017 204 1065 καὶ
244 1017 565 1081 ψευδώνυμος.
630 1022 668 1069 εἰ
705 1017 792 1082 μὲν
830 1018 924 1085 γὰρ
963 1019 1088 1072 ὅλως
1127 1019 1210 1069 οὐκ
1248 1016 1366 1069 εἶναι’
1401 1023 1553 1086 φησιν
1579 1017 1716 1079 Υὶὸν,

129 1096 382 1164 ἀρνήσεται
421 1098 504 1151 τὸν
537 1099 745 1167 Πατερα·
801 1102 925 1154 τίνος
962 1100 1056 1166 γὰρ
1097 1100 1233 1151 ἔσται
1270 1099 1426 1166 πατὴρ
1466 1100 1549 1150 οὐκ
1587 1098 1720 1153 ὄντος

129 1182 228 1230 υἱοῦ
250 1201 262 1241 ;
307 1180 539 1248 φρονήσει
577 1181 625 1233 δὲ
661 1181 870 1236 ἁπάσαις
901 1181 961 1233 τὰ
987 1183 1171 1233 ἐναντία
1197 1187 1297 1236 ταῖς
1324 1183 1465 1235 θείαις
1493 1185 1713 1250 γραφαῖς.

127 1265 164 1311 εἰ
200 1259 247 1312 δὲ
279 1262 396 1313 Υἱὸν
429 1264 658 1330 ὁμολογεῖ
690 1267 766 1316 καὶ
803 1263 896 1330 πρὸ
935 1267 1018 1328 τῆς
1055 1263 1456 1331 ἐνανθρωπήσεως
1494 1263 1577 1314 τὸν
1601 1262 1764 1314 Yibvd

127 1341 247 1394 εἶναί
278 1367 328 1395 τε
367 1347 442 1396 καὶ
480 1345 721 1411 λέγεσθαι,
761 1351 862 1401 πῶς
906 1347 1016 1410 ἡμῖν
1054 1349 1079 1397 ὁ
1118 1344 1420 1414 ἀρχάγγελος
1457 1345 1512 1397 τὸ
1551 1345 1718 1412 τεχθή-

61 1440 106 1478 15
128 1430 303 1477 σεσθαι
328 1426 512 1491 μέλλον
538 1426 613 1478 διὰ
644 1431 726 1492 τῆς
766 1429 902 1494 ἁγίας
931 1428 1181 1494 παρθένου,
1209 1427 1546 1492 κληθήσεσθαί
1565 1432 1718 1494 φησιν

126 1507 244 1559 Υὶὸν
270 1512 409 1572 Θεοῦ,
436 1510 583 1560 καίτοι
609 1515 747 1560 τοῦτο
779 1511 855 1560 καὶ
888 1509 1039 1561 πάλαι
1075 1509 1194 1562 κατὰ
1230 1510 1381 1578 φύσιν
1408 1509 1712 1576 ὑπάρχοντα;

126 1588 291 1656 ὥσπερ
326 1591 408 1641 οῦν
434 1590 592 1644 ἀϊδίως
626 1590 851 1658 ὑπάρχων
877 1591 994 1654 μετὰ
1021 1591 1214 1658 Πατρὸς
1251 1593 1276 1641 ὁ
1303 1589 1433 1653 Υἱὸς,
1467 1593 1529 1643 ὡς
1565 1589 1717 1657 ἀρχὴν

125 1670 245 1738 ἔχων
278 1678 361 1723 τοῦ
397 1670 524 1733 εἶναι,
556 1672 676 1723 κατὰ
715 1673 797 1724 τὸν
829 1677 911 1738 τῆς
948 1673 1238 1740 σαρκώσεως
1273 1672 1445 1741 χρόνον
1471 1672 1585 1726 Υἱὸς
1620 1674 1716 1739 ὀρί-

125 1752 247 1818 ᾇται
275 1757 414 1817 Θεοῦ,
442 1754 519 1806 διὰ
552 1754 606 1805 τὸ
637 1755 895 1824 πεφηνέναι
920 1755 1038 1818 μετὰ
1064 1755 1287 1819 σώματος
1317 1760 1378 1808 εἰς
1404 1755 1487 1806 τὸν
1511 1755 1713 1817 κόσμον·

56 1859 104 1884 20
124 1835 270 1889 οὕτως
295 1836 416 1903 ε”χων
441 1837 682 1891 οὐσιωδῶς
714 1839 762 1887 ἐν
788 1838 937 1906 ἑαυτῷ
972 1837 1026 1888 τὸ
1067 1837 1182 1888 ’ίδιον
1212 1841 1422 1900 Πνεῦμα,
1450 1837 1714 1900 λαμβάνειν

123 1920 185 1971 ὡς
223 1917 471 1985 ἅνθρωπος
509 1918 712 1984 λέγεται,
739 1919 982 1985 διασώζων
1012 1923 1070 1987 τῇ
1109 1918 1438 1985 ἀνθρωπότητι
1475 1918 1561 1983 τὴν
1595 1921 1753 1986 αὐτῇθ

123 1999 402 2062 πρέπουσαν
427 1998 577 2069 τάξιν,
604 2003 680 2052 καὶ
715 1999 808 2051 σῦν
834 2002 951 2068 αὐτῇ
984 2001 1044 2051 τὰ
1077 2002 1195 2069 αὐτῇ
1230 2001 1473 2067 πρέποντα
1507 2002 1562 2051 δι’
1592 2002 1713 2065 ἡμᾶς

122 2081 444 2145 οἰκειούμενος·
506 2086 607 2136 πῶς
655 2084 700 2133 δ’
747 2081 804 2133 ἂν
849 2085 923 2133 καὶ
971 2083 1097 2136 ὅλως
1147 2083 1254 2150 δίχα
1304 2083 1419 2134 ποτὲ
1468 2089 1553 2134 τοῦ
1597 2084 1713 2134 ἰδίου

125 2163 398 2227 Πνεύματος
434 2164 459 2214 ὃ
492 2162 650 2230 Λόγος
689 2169 872 2227 νοοῖτος
927 2164 957 2229 ἢ
996 2163 1089 2231 γὰρ
1128 2167 1211 2216 οὐκ
1250 2166 1427 2216 ἄτοπον
1461 2164 1713 2231 ἀνθρώπου

55 2256 102 2294 25
122 2246 409 2312 κεχωρίσθαι
444 2245 601 2311 λέγειν
632 2246 686 2297 τὸ
723 2251 907 2310 πνεῦμα
941 2245 996 2297 τὸ
1031 2248 1080 2297 ἐν
1116 2248 1254 2316 αὐτῷ,
1281 2247 1402 2297 κατά
1435 2269 1485 2297 τε
1517 2245 1600 2297 τὸν
1629 2249 1712 2309 τῆς

122 2325 313 2394 φύσεως
348 2327 459 2394 ὅρον
491 2329 567 2378 καὶ
601 2332 662 2382 εἷς
699 2327 966 2395 ὁλόκληρον
992 2335 1075 2380 τοῦ
1107 2327 1225 2398 ζῴου
1260 2328 1343 2379 τὸν
1370 2327 1706 2395 ἀπαρτισμόν;

121 2409 230 2459 ἀλλ’
259 2407 385 2472 οἶμαι
416 2413 568 2460 πᾶσιν
597 2409 822 2477 ὑπάρχειν
847 2416 985 2461 τοῦτο
1022 2411 1460 2478 καταφανέστατον.
1516 2411 1620 2459 τίνα
1654 2408 1711 2472 δὴ

121 2489 202 2539 οῦν
240 2489 418 2556 τρόπον
458 2492 802 2558 ἀπομεριοῦμεν
843 2490 899 2543 τὸ
940 2496 1136 2556 Πνεῦμα
1175 2498 1259 2543 τοῦ
1297 2495 1427 2553 Υὶοῦ,
1467 2490 1520 2541 τὸ
1562 2491 1709 2543 οὕτως

121 2571 387 2640 ἐμπεφυκὸς
422 2575 499 2624 καὶ
533 2574 775 2627 οὐσιωδῶς
806 2573 1057 2638 ἡνωμένον,
1084 2573 1139 2625 δι’
1170 2575 1312 2624 αὑτοῦ
1338 2596 1387 2624 τε
1415 2572 1704 2639 προκῦπτον,
1724 2594 1747 2619 a
1784 2585 1862 2620 126
1880 2585 1932 2620 A.

166 2721 199 2754 3.
225 2710 328 2754 αὐτὴν
347 2710 441 2746 B.D.
460 2712 562 2746 αὐτὸν
580 2711 647 2747 Ed.
873 2722 906 2756 5.
932 2712 1155 2759 γεννώμενον]
1176 2713 1211 2747 ἐκ
1230 2715 1295 2748 σοῦ
1313 2714 1440 2747 iterum
1458 2711 1555 2746 addit
1575 2711 1710 2756 Migne.

119 2773 152 2806 8.
179 2766 217 2815 51⁶1}
236 2773 278 2807 B.
424 2786 458 2819 9.
483 2775 615 2822 μόνοις]
643 2780 676 2817 -1-
698 2778 769 2813 τοῖς
788 2776 854 2811 Ed.
873 2777 991 2811 invitis
1012 2777 1104 2811 B.D.
1169 2776 1240 2822 ἕχει
1260 2776 1301 2810 Β.
1464 2774 1516 2809 16.
1541 2776 1646 2809 πάλιν
1665 2775 1708 2810 Β.

124 2847 175 2880 19.
203 2836 404 2883 πεφηνέναι]
429 2841 466 2878 -Ι-
486 2839 548 2881 μέν
566 2838 608 2872 Β.
790 2850 845 2874 21.
873 2840 1057 2875 διασώσων
1077 2839 1118 2873 Β.
1280 2849 1335 2872 22.
1362 2838 1402 2871 τὰ
1419 2836 1519 2883 αὐτῇ]
1539 2831 1643 2872 ‘raim-(⁷2
1663 2838 1706 2872 Β.

122 2893 176 2927 23.
203 2883 289 2918 ἰδίου
308 2884 444 2918 Veccus
463 2885 499 2918 in
519 2885 638 2930 Epigr.
658 2898 689 2920 v.
709 2885 775 2920 Ed.
793 2886 891 2931 ἁγίου
911 2886 952 2920 B.
1218 2896 1273 2928 25.
1299 2899 1334 2918 τε
1353 2884 1502 2919 Veccus.
1522 2885 1588 2919 Ed.
1605 2900 1644 2930 γε
1667 2885 1705 2919 Β.

122 2938 176 2973 27.
202 2930 275 2963 τίνα
293 2930 443 2965 Veccus.
462 2930 528 2965 Ed.
547 2932 629 2965 κατὰ
647 2933 836 2976 praemittit
857 2933 896 2967 B.
1086 2932 1141 2965 28.
1167 2930 1264 2976 Υἱοῦ]
1287 2933 1374 2964 Θεοῦ
1396 2931 1435 2965 Β.
1455 2932 1573 2965 invitis
1592 2932 1708 2966 Vecco

121 2975 270 3021 Georgio
288 2976 393 3021 Trap.
492 2988 546 3022 29.
573 2977 784 3024 προκῦπτον]
807 2979 861 3014 De
880 2980 916 3014 S.
933 2979 1055 3023 cyrini
1073 2978 1179 3013 modo
1198 2978 1263 3012 hoc
1282 2978 1388 3013 verbo
1407 2978 1527 3013 utendi
1546 2979 1592 3013 ita
1610 2985 1708 3014 notat

855 3033 975 3075 Bbz
