2084 3317
318 179 400 222 322
721 175 770 215 B.
804 166 1079 213 CYRILLI
1121 158 1501 206 ALEXANDR.
1776 163 1813 189 v.
1839 161 1899 202 19.

97 287 262 364 {Mssffl}
324 289 469 343 ὅντως
514 287 626 338 ὅντα
668 283 791 335 Θεὸν
834 283 915 344 τῆς
961 279 1094 344 ἁγίας
1141 269 1484 336 νθμθθετθύσης
1528 266 1636 329 ἡμῖν
1679 259 1903 326 Ὑραφῆςῖ

101 375 260 407 Deut.vi.
326 379 353 401 ‘⁶
383 370 558 433 Κύριον
593 367 685 434 γὰρ
721 364 802 416 τὸν
829 362 954 414 Θεόν
987 382 1077 410 σου
1116 356 1254 424 φησὶ,
1280 346 1642 418 προσκυνήσεις,
1669 343 1744 393 καὶ
1782 339 1909 406 αὐτῷ

106 427 156 459 13.
431 452 442 468 Ι
698 447 708 463 Ι
825 446 850 461 59
919 445 928 458 t
1003 443 1013 457 θ
1083 441 1092 455 )
1164 436 1182 456 ,ἱ
1254 438 1264 452 ,
1425 430 1438 446 Ι
1596 432 1615 442 Α
1733 423 1746 440 Ι

103 467 181 503 218
195 467 248 502 A·
289 462 355 501 a“
382 476 509 521 μονῳ
536 458 822 515 λατρευσεις.
904 450 1002 493 αλλ
1044 462 1127 491 ουκ
1155 460 1213 488 αν
1239 438 1503 501 απεσφαλη
1535 451 1617 479 του
1649 441 1910 489 πρεποντος

327 537 355 600 ἡ
402 535 512 601 ἁγία
556 531 768 596 μάλιστα
813 531 907 577 τῶν
945 521 1166 588 ἀγγέλων
1203 514 1403 580 πληθὺς,
1435 512 1695 578 προσκυνεῖ
1736 503 1784 555 δὲ
1827 500 1911 553 τὸν

326 616 443 670 Υὶὸν
482 618 556 666 καὶ
595 611 806 678 λατρεύει
845 607 948 670 μεθ’
984 605 1129 669 ἡμῶν,
1157 597 1275 652 κατὰ
1315 597 1464 666 φύσιν
1504 592 1618 644 ὅντα
1651 586 1775 640 Θεὸν
1814 586 1910 635 ἐπι·
1931 604 1953 643 5

326 699 646 765 γινώσκουσα,
674 695 747 744 καὶ
785 692 837 742 οὐ
877 690 1116 747 διδακτῶς,
1153 685 1215 736 ὡς
1251 683 1411 731 ἐκεῖνοι
1454 670 1704 740 ληροῦντές
1746 672 1911 738 φασιν·

328 783 382 833 οὐ
420 779 513 847 γὰρ
557 774 877 833 αἰσθάνονται,
903 767 1022 821 κατὰ
1061 765 1115 817 τὸ
1157 762 1288 824 εἰκὸς,
1315 760 1445 813 ὅσοις
1485 757 1693 808 ἐντεῦθεν
1729 769 1916 816 περιπε-

330 870 526 915 σοῦνται
551 864 645 912 τοῖς
672 853 964 919 ἀτοπήμασι.
1017 852 1205 915 πρῶτον
1231 843 1316 907 μὲν
1341 840 1434 909 γὰρ
1462 841 1487 891 ὁ
1513 836 1627 890 Υἱὸς
1654 830 1918 885 ἀλλοίωσίν

331 969 380 998 τε
413 947 488 996 καὶ
524 938 703 1009 τροπὴν
730 937 815 1002 τὴν
839 938 912 986 ἐπὶ
943 933 997 985 τὸ
1023 930 1177 997 μεῖζον
1204 929 1266 981 ὡς
1293 925 1349 994 ἐξ
1375 920 1625 974 ἐλάττονος
1650 913 1918 982 ἐπιδέξεται,

110 1039 190 1116 ἓῙᾶῙ·
208 1038 253 1070 iii.
287 1036 314 1077 b
335 1029 484 1080 καίτοι
515 1024 591 1077 διὰ
621 1027 704 1074 τοῦ
729 1016 981 1087 προφήτου
1006 1014 1162 1078 λέγων
1188 1007 1325 1062 αὐτός
1353 1014 1380 1036 “
1398 1004 1561 1064 Ἴδετε,
1587 1000 1703 1052 ἰ’δετε
1729 997 1800 1048 ὅτι
1827 993 1919 1060 ἐγώ
1943 1020 1990 1044 10

134 1108 141 1115 ο
335 1119 363 1141 “
379 1115 484 1174 εἶμι,
503 1109 577 1160 καὶ
599 1107 681 1156 οὐκ
702 1098 1008 1168 ἠλλοίωμαι·”
1043 1094 1351 1162 διαψεύσεται
1370 1087 1417 1140 δὲ
1439 1087 1626 1138 πάντως
1647 1083 1721 1132 καὶ
1743 1081 1767 1130 ὁ
1787 1081 1922 1146 ψαλ-

111 1206 219 1282 ξὲ.οῑ.
339 1190 495 1263 μῳδὸς
521 1191 569 1240 ἐν
590 1187 831 1250 πνεύματι,
852 1189 878 1211 “
897 1180 966 1232 Συ
993 1177 1039 1229 δὲ
1066 1179 1090 1228 ὁ
1118 1174 1257 1228 αὐτὸς
1283 1171 1366 1234 εἷ,”
1390 1173 1518 1231 βοῶν
1537 1164 1656 1231 πρὸς
1682 1162 1765 1214 τὸν
1784 1158 1919 1211 Υἱόν.

159 1274 167 1282 “
337 1271 565 1342 περιμένει
610 1268 722 1336 γὰρ,
767 1268 827 1318 ὡς
868 1260 1031 1313 ἐκεῖνοί
1069 1263 1240 1327 φασιν,
1286 1256 1564 1319 ἐνεργοῦντα
1606 1246 1689 1296 τὸν
1732 1239 1926 1307 Πατέρα

880 1346 1014 1396 οἱονεὶ
1055 1336 1325 1404 καθηγητήν
1363 1357 1467 1385 τινα
1506 1333 1583 1382 καὶ
1622 1326 1926 1384 διδάσκαλον,

337 1357 448 1424 περί
481 1378 524 1406 τι
562 1357 656 1404 τῶν
691 1349 854 1409 ὅντων,

1555 1416 1732 1463 οιοῦτος
1758 1408 1842 1458 οὐκ
1870 1405 1928 1456 ἄν
1951 1430 1997 1467 15

338 1441 414 1492 ἵνα
440 1435 685 1504 θεωρήσας
721 1430 911 1497 γένηται
945 1422 1165 1490 μιμητής·
1208 1418 1305 1471 εἶτα
1330 1421 1430 1469 πῶς
1465 1416 1490 1465 ὁ
1526 1436 1552 1464 τ

340 1546 406 1592 τῳ
433 1519 568 1588 δόξαι
594 1514 763 1567 λοιπὸν
790 1511 846 1580 ἐξ
868 1508 1059 1574 ἀγνοίας
1085 1508 1167 1569 τῆς
1193 1505 1332 1554 τινῶν
1358 1496 1625 1558 ἀναβαίνειν
1646 1495 1708 1545 εἱς
1734 1493 1930 1556 γνῶσιν,

343 1607 417 1657 καὶ
454 1600 549 1654 ἀπὸ
585 1604 668 1650 τοῦ
703 1596 909 1664 χείρονος
943 1588 1318 1656 μετατρέπεσθαι
1348 1577 1546 1648 πρὸς.τὸ
1574 1577 1777 1639 ἄμεινον,
1804 1570 1931 1643 εἴπερ

342 1686 456 1738 εἶναι
494 1680 783 1750 λογιούμεθα
818 1675 872 1727 τὸ
911 1671 1076 1725 εἰδέναι
1117 1693 1161 1722 τι
1196 1671 1290 1719 τῶν
1322 1666 1515 1730 ἀγαθῶν
1549 1664 1632 1712 τοῦ
1668 1655 1733 1721 μὴ
1768 1653 1934 1707 εἰδέναι

347 1769 548 1821 κάλλιον
570 1787 581 1827 ;

423 1847 543 1901 Εἶτα
572 1848 619 1897 τί
650 1843 769 1911 πρὸς
802 1840 979 1892 τούτοις
1020 1839 1183 1904 ὁρᾶται
1219 1832 1273 1885 τὸ
1307 1831 1518 1889 ἄτοπονς
1564 1822 1801 1890 λεγόντων
1826 1819 1935 1884 ἡμῖν
1958 1839 2006 1866 20

350 1937 391 1984 οἱ
417 1927 682 1991 παιδευτὴν,
709 1924 737 1990 ὴ
768 1923 962 1989 Πατέρα
993 1924 1182 1983 μᾶλλον
1209 1912 1504 1982 εἰσφέροντες
1529 1907 1612 1959 τὸν
1639 1902 1763 1956 Θεόν
1789 1901 1938 1953 Πότε-

350 2015 434 2082 ρόν
467 2034 581 2065 ποτε
622 2013 717 2060 τῶν
750 2006 901 2073 ε”ργων
934 2007 1017 2054 τοῦ
1052 1997 1242 2065 Πατρὸς
1280 1998 1327 2047 ἐν
1366 1992 1532 2060 ἀγνοίᾳ
1573 1983 1876 2049 καθεστηκὼς
1914 1982 1939 2032 ὁ

351 2096 465 2149 Υἱὸς
510 2093 742 2159 περιμένει
786 2088 840 2139 τὸ
886 2088 1010 2147 ἰδεῖν,
1051 2083 1079 2148 ὴ
1125 2081 1210 2146 τὴν
1255 2080 1328 2130 ἐπὶ
1373 2073 1553 2127 τούτοις
1597 2074 1778 2137 γνῶσιν
1822 2065 1942 2133 ἔχων

351 2174 734 2246 ἀκριβεστάτηνς
775 2174 812 2222 εἰ
845 2168 929 2233 μὲν
967 2167 1048 2217 οὖν
1086 2162 1241 2215 εἰδότα
1272 2156 1530 2224 περιμένειν
1564 2156 1752 2220 ἐροῦσιν
1786 2146 1942 2209 αὐτὸν,

351 2254 687 2327 περιττότατόν
714 2277 757 2305 τι
783 2256 1008 2304 ποιοῦντα
1033 2249 1204 2314 σαφῶς
1231 2240 1528 2309 ἐπιδείξουσι,
1556 2238 1630 2287 καὶ
1658 2228 1944 2284 εἰκαιοτάτου
1965 2249 2013 2289 25

354 2342 636 2410 πράγματος
671 2330 973 2400 ἐπιτηδευτὴν
1004 2328 1086 2382 τὸν
1116 2326 1324 2393 Πατέρα·
1368 2324 1394 2374 ὁ
1429 2319 1513 2384 μὲν
1542 2317 1648 2385 γὰρ,
1676 2314 1791 2380 ὅπερ
1827 2310 1946 2363 οἶδεν

358 2427 584 2491 ἀκριβῶς,
616 2422 677 2473 ὡς
704 2420 888 2485 ἀγνοῶν
913 2412 1253 2471 ἐπισκέπτεται,
1282 2409 1307 2458 ὁ
1340 2405 1388 2456 δὲ
1422 2403 1504 2456 τὸν
1530 2400 1683 2453 εἰδότα
1709 2393 1947 2447 διδάσκειν

308 1877 329 1903 C

315 2517 344 2557 d
362 2509 592 2574 ἐπιχειρεῖ·
635 2503 710 2553 καὶ
744 2499 832 2551 τίνι
867 2500 961 2548 τῶν
987 2494 1136 2546 ὄντων
1167 2492 1249 2542 οὐκ
1285 2489 1419 2540 ε”σται
1451 2479 1733 2552 καταφανὲς,
1762 2476 1833 2529 ὅτι
1866 2478 1950 2539 τῆς

361 2588 570 2657 ἐσχάτης
602 2581 901 2651 γελοιότητος
929 2577 1042 2628 εἵσω
1077 2574 1279 2626 κείσεται
1311 2569 1369 2621 τὰ
1394 2572 1614 2626 τοιαῦτας
1654 2559 1786 2614 ἀλλὰ
1811 2562 1951 2610 τοῦτο

363 2670 449 2736 μὲν
483 2670 565 2721 οὐκ
604 2669 760 2733 ἐροῦσι
800 2661 956 2730 τυχόν·
997 2655 1349 2724 μεταβήσονται
1388 2650 1436 2703 δὲ
1474 2646 1593 2716 πρὸς
1631 2644 1684 2696 τὸ
1723 2641 1947 2694 ἐναντίον.
1972 2660 2022 2697 30

418 2823 447 2846 1.
473 2810 550 2854 ἡμῖν
568 2805 815 2853 νομοθετοὺσης
833 2804 972 2837 inverso
989 2799 1110 2835 ordine
1131 2798 1172 2832 B.
1297 2806 1327 2829 2.
1354 2795 1444 2838 φησι
1463 2796 1542 2825 ante
1559 2789 1617 2823 τὸν
1633 2793 1675 2822 tr.
1696 2784 1763 2819 Ed.
1782 2782 1892 2818 invito
1910 2780 1954 2815 B.

542 2865 601 2883 ντες

368 2892 400 2924 6.
426 2893 592 2935 ληροῦσιν
612 2889 652 2923 Β.
758 2894 787 2931 7.
814 2883 1061 2928 περιπεσοῦσιν
1081 2879 1122 2913 B.
1228 2887 1279 2910 11.
1305 2875 1439 2919 μᾶλλον
1456 2882 1519 2917 pro
1535 2869 1667 2905 πάντως
1686 2864 1729 2900 Β.
1839 2870 1891 2906 17.
1916 2861 1954 2895 τὸ

369 2944 591 2982 assumptum
609 2948 650 2969 ex
670 2935 712 2969 B.
820 2943 876 2977 23·
902 2930 990 2976 ἔχων
1009 2928 1050 2962 Β.
1070 2927 1197 2970 Georg.
1217 2923 1362 2967 Trapez
1381 2920 1439 2954 οὐκ
1458 2919 1545 2964 ἔχων
1564 2914 1629 2950 Ed.
1728 2922 1782 2957 29„
1809 2909 1958 2944 κείσεται

372 2990 450 3030 post
467 2986 603 3018 τοιαῦτα
620 2989 662 3017 tr.
685 2981 725 3016 B.
