2084 3317
356 162 440 201 684
758 162 810 202 B.
843 161 1121 202 CYRILLI
1162 160 1542 202 ALEXANDR.
1786 161 1858 203 vii.
1877 170 1945 217 35.

314 275 386 316 d“
410 269 584 334 ἡμέρας
620 270 793 334 ἐκείνης
833 270 946 321 ὅταν
984 270 1098 321 αὐτὸ
1136 271 1257 321 πίνω
1297 268 1457 320 καινὸν
1494 268 1599 333 μεθ’
1637 269 1766 332 ὑμῶν
1804 270 1852 320 ἐν
1889 271 1949 335 τῇ

360 357 387 380 “
411 352 639 420 βασιλείᾳ
684 356 778 403 τῶν
823 352 1074 418 οὐρανῶν.”
1144 350 1277 401 ἀλλὰ
1322 353 1398 402 καὶ
1441 354 1508 420 τῷ
1551 350 1949 419 συνανηρτημένῳ

360 437 522 501 λῃστῇ
556 432 666 500 παρ’
695 433 838 487 αὑτὰς
876 439 959 484 τοῦ
994 431 1199 484 θανάτου
1234 432 1319 486 τὰς
1352 431 1509 486 πύλας
1534 431 1609 483 διὰ
1636 432 1842 485 πίστεως
1867 433 1950 495 τῆς

137 516 298 600 Ξὲίἶῖὶῑῗίἓν
361 517 424 568 εἷς
462 513 605 565 αὐτὸν
647 514 733 579 τὴν
775 520 869 565 τῶν
914 516 1061 580 ἁγίων
1103 513 1359 581 ἁρπάζοντι
1405 513 1543 581 χάριν
1584 521 1610 544 “
1628 513 1784 577 Ἀμὴν
1827 511 1952 576 ἀμὴν

360 602 387 624 “’
415 596 542 661 λέγω
568 598 662 657 σοὶ,
685 599 824 665 φησὶ,
851 596 1063 663 σήμερον
1090 597 1186 659 μετ’
1216 598 1329 660 ἐμοῦ
1355 595 1442 664 ε”σῃ
1468 597 1516 646 ἐν
1541 599 1607 665 τῷ
1632 595 1946 664 παραδείσῳ.”
1970 610 1993 649 5

360 680 400 727 οἱ
427 676 512 741 μὲν
533 678 614 728 οὖν
636 683 734 732 ταῖς
761 678 1029 732 εὐπειθείαις
1056 677 1352 742 τετιμηκότες
1378 678 1537 736 αὐτὸν,
1557 677 1841 728 συνέσονται
1867 675 1952 741 μὲν

360 760 706 822 ἀδιακωλύτως,
725 760 1081 828 ἐντρυφήσουσι
1108 760 1155 811 δὲ
1182 764 1279 814 τοῖς
1305 759 1420 826 ὑπὲρ
1448 764 1557 810 νοῦν
1584 761 1791 825 ἀγαθοῖς·
1833 760 1874 808 οἱ
1901 755 1951 808 δὲ

359 846 459 894 ταῖς
491 842 733 895 ἀπονοίαις
767 842 1023 911 ἐξυβρίζειν
1049 843 1103 892 οὐ
1136 841 1511 907 παραιτούμενοι,
1539 841 1686 892 καίτοι
1721 845 1804 891 τοῦ
1839 862 1952 903 νυμ-

361 926 519 990 φῶνος
555 924 637 974 οὐκ
671 922 801 978 ὄντες
837 926 939 987 υἱοὶ,
966 923 1334 991 κατοιχήσονται
1369 922 1453 986 μὲν
1480 927 1542 976 εἰς
1578 920 1695 992 ᾅδου
1729 922 1948 987 στυγνοὶ,

138 999 300 1075 §ff‘ffh'
320 1021 341 1048 θ
360 1005 530 1072 πικρὰς
569 1006 879 1060 ἀποτίσοντες
918 1007 1066 1059 δίκας.
1119 1013 1146 1035 “
1167 1004 1583 1070 ἐκβληθήσονται”
1612 1003 1719 1071 γὰρ,
1746 1002 1864 1054 κατὰ
1897 1002 1952 1054 τὸ
1975 1025 2024 1051 10
2072 1012 2075 1087 Ζ

360 1089 703 1155 γεγραμμένον,
756 1097 783 1118 “
810 1093 873 1142 εὶς
923 1088 978 1139 τὸ
1030 1087 1202 1142 σκότος
1253 1087 1306 1138 τὸ
1358 1087 1631 1156 ἐξώτερον.”
1701 1085 1954 1150 ἀληθεύσει

360 1176 613 1236 τοιγαροῦν
645 1173 708 1224 ὡς
745 1173 794 1221 ἐν
830 1171 1068 1235 αἰνίγματι
1106 1169 1262 1236 λέγων
1292 1169 1411 1236 πρὸς
1437 1170 1692 1223 Ἰουδαίους
1726 1170 1750 1219 ὁ
1780 1167 1954 1234 Κύριος

352 1251 507 1303 (1071·ου
533 1250 621 1318 ἐγὼ
649 1251 818 1318 ὑπάγω
846 1256 966 1320 ὑμεῖς
994 1257 1037 1303 οὐ
1064 1249 1244 1303 δύνασθε
1272 1251 1417 1303 ἐλθεῖν.

295 1382 343 1420 35
368 1375 499 1420 Εἶπον
538 1376 610 1419 οὖν
648 1376 686 1419 οἷ
719 1376 923 1420 Ἰουδαῖοι
962 1379 1069 1436 Πρὸς
1107 1379 1286 1420 ἑαυτούς
1323 1379 1411 1420 Ποῦ
1446 1376 1571 1419 οὗτος
1612 1377 1761 1426 μέλλει
1800 1376 1956 1434 Πορεύ-

431 1471 564 1513 εοθαι,
613 1463 679 1504 ὅτι
723 1459 845 1511 ὑμεῖς
894 1463 968 1518 οὐχ
1018 1462 1258 1519 εὑρήσομεν
1308 1462 1468 1514 αὐτόν;
1524 1460 1579 1509 μή
1631 1458 1691 1502 εἷς
1738 1460 1815 1502 τὴν
1864 1459 1954 1501 ὃια-
1980 1471 2028 1510 15
2072 1456 2076 1520 Ξ

431 1545 596 1601 σπορὰν
635 1545 722 1586 τῶν
750 1544 980 1586 Ἑλλήνων
1013 1546 1163 1594 μέλλει
1201 1546 1461 1602 Πορεύεσθαι
1500 1544 1568 1585 καὶ
1607 1543 1822 1585 διδάσκειν
1855 1542 1954 1584 τοὺς

422 1626 670 1680 ”ΕλλΗναε;

141 1742 229 1778 467
245 1741 294 1776 Α.
325 1752 347 1776 a
437 1720 588 1789 “Ορᾷς
622 1722 670 1771 ἐν
695 1720 876 1775 τούτοις
911 1721 1060 1772 πάλιν
1086 1722 1354 1772 Ἰουδαϊκῶν
1381 1719 1642 1784 ἀθλιότητα
1669 1723 1953 1785 λογισμῶν;

366 1802 479 1870 ὁρᾷς
520 1802 830 1869 χαιμαιζήλου
869 1804 1073 1857 διανοίας
1115 1802 1421 1869 οἰκτροτάτην
1460 1802 1714 1864 ὑπόνοιανς,
1770 1802 1824 1852 οὐ
1864 1800 1958 1867 γὰρ

367 1882 438 1934 ὅτι
472 1884 591 1949 πρὸς
627 1884 827 1951 οὐρανὸν
854 1885 1153 1949 ἀναβήσει-αἱ
1188 1891 1326 1951 φασι,
1354 1885 1502 1935 καίτοι
1534 1883 1786 1951 διαῤῥήδην
1812 1882 1954 1934 ἀκού·
1979 1904 2028 1931 20
2071 1916 2073 1924 ι

144 1979 251 2020 Supra
369 1988 541 2020 σαντες
566 1965 723 2017 “’Έτι
762 1967 929 2033 μικρὸν
963 1968 1072 2031 μεθ’
1101 1969 1230 2030 ὑμῶν
1265 1972 1370 2030 εἰμι,
1397 1968 1471 2017 καὶ
1513 1965 1681 2032 ὑπάγω
1720 1964 1839 2032 πρὸς
1877 1963 1959 2016 τὸν

143 2033 211 2054 ver.
232 2031 284 2063 33·
370 2056 396 2078 “
422 2048 683 2117 πεμψαντά
733 2050 831 2112 με,”
880 2049 1012 2099 ἀλλὰ
1063 2049 1148 2112 τὴν
1200 2053 1294 2100 τῶν
1338 2048 1593 2112 (Ελλήνων
1644 2046 1960 2117 φαντάζονται

369 2130 544 2198 χώραν,
579 2129 744 2198 ὥσπερ
781 2132 890 2197 παρ’
931 2131 1119 2184 ἐκείνοις
1159 2130 1293 2184 ὄντος
1332 2136 1416 2181 τοῦ
1453 2130 1760 2198 πεπομφότος
1797 2129 1956 2190 αὐτὸν,

369 2213 490 2279 πρὸς
538 2212 592 2264 ὃν
638 2215 714 2264 καὶ
764 2212 1012 2281 ἐπανήξειν
1063 2211 1369 2278 ἐπηγγὲλετο.
1447 2211 1731 2282 προφητεύει
1782 2210 1844 2273 δὲ,
1898 2213 1960 2265 ὡς

370 2293 502 2357 εἰκὸς,
534 2293 609 2345 διὰ
634 2295 827 2357 τούτων,
856 2294 1021 2360 καίπερ
1057 2294 1140 2344 οὐκ
1176 2293 1306 2347 εἰδὼς
1341 2292 1365 2345 ὃ
1401 2294 1528 2360 λε’γει
1552 2298 1647 2345 τῶν
1670 2293 1909 2344 Ἰουδαίων
1934 2293 1959 2344 ὃ
1980 2315 2030 2356 25
2062 2327 2063 2331 =

371 2379 533 2440 δῆμος.
589 2375 664 2427 διὰ
699 2376 792 2442 γὰρ
829 2377 954 2430 θείας
980 2374 1104 2430 τινὸς
1131 2377 1360 2442 ἐνεργείας
1387 2379 1670 2441 κεκινημένοι
1697 2375 1754 2440 δὴ
1781 2379 1838 2444 τῇ
1865 2379 1961 2426 τῶν

324 2468 351 2508 b
371 2460 516 2510 ἐθνῶν
542 2458 676 2528 χώρᾳ
701 2458 968 2526 χαρίζονται
995 2457 1077 2509 τὸν
1093 2457 1326 2523 Χριστὸν,
1348 2461 1410 2512 ὡς
1436 2459 1484 2509 ἐν
1511 2459 1721 2527 ὑποψίας
1747 2457 1961 2526 σχήματι

370 2538 430 2590 τὰ
454 2539 621 2607 μικρὸν
648 2541 849 2606 ὕστερον
875 2542 1031 2603 ἀληθῆ
1060 2538 1349 2609 δοξάζοντες·
1395 2539 1566 2603 ε”μελλε
1597 2539 1690 2607 γὰρ
1722 2541 1797 2591 καὶ
1823 2542 1961 2602 βαδι-

371 2626 525 2672 εῖσθαι
561 2622 707 2675 ὅντως
742 2620 862 2687 πρὸς
881 2620 1114 2682 (Έλληνας
1152 2625 1228 2672 καὶ
1266 2618 1491 2673 διδάσκειν
1515 2620 1697 2685 αὐτοὺς,
1724 2621 1810 2686 τὴν
1835 2621 1955 2689 ἀχά-

419 2745 450 2768 2.
477 2738 544 2769 τῶν
561 2733 727 2780 οὐρανῶν]
748 2737 808 2768 τοῦ
826 2736 962 2779 Πατρός
979 2749 1044 2778 μου
1063 2734 1093 2768 Β
1112 2746 1184 2779 mg.
1331 2734 1363 2768 8.
1390 2734 1497 2768 καίτοι
1514 2736 1575 2768 τοῦ
1594 2735 1774 2780 νυμφῶνος
1791 2734 1850 2768 οὐκ
1868 2733 1962 2770 ὅντες

370 2779 453 2826 υἱοὶ]
473 2780 557 2815 haec
581 2782 766 2816 emendare
791 2793 863 2839 nqn
887 2781 1011 2815 audeo.
1030 2782 1083 2815 καὶ
1106 2781 1160 2815 διὰ
1180 2782 1280 2814 τοῦτο
1303 2792 1366 2825 pro
1384 2781 1491 2815 καίτοι
1509 2781 1655 2827 conjecit
1675 2781 1804 2826 Heyse,
1822 2781 1881 2814 οὐκ
1899 2780 1960 2815 de-

370 2828 515 2862 lendum
534 2839 610 2872 ego.
740 2839 793 2862 12.
820 2828 855 2862 ἐν
871 2840 942 2862 om.
961 2828 1138 2873 exemplar
1155 2827 1250 2861 Aub.
1270 2834 1311 2861 ut
1328 2834 1426 2861 notat
1444 2828 1528 2873 ipse.
1657 2839 1710 2873 13.
1736 2826 1871 2872 ὑπάγω]
1893 2827 1961 2870 εἰμὶ

370 2880 462 2908 recte
480 2880 518 2907 ut
537 2874 607 2909 Vld
630 2875 658 2909 B
679 2887 750 2919 mg.
848 2886 903 2909 20.
930 2876 1022 2919 φασι
1039 2886 1069 2909 a.
1089 2876 1179 2920 φησι
1199 2873 1265 2908 Ed.
1333 2872 1452 2919 καίπερ
1473 2874 1608 2920 Migne.
1707 2885 1762 2916 24.
1790 2889 1878 2920 επαγ
1879 2873 1960 2919 γε’λ-

371 2922 466 2953 λεται
485 2933 514 2954 c.
534 2920 768 2967 ἐπηγγέλλετο
787 2921 922 2966 Migne.
1027 2932 1082 2964 25.
1109 2920 1186 2965 οὐκ]
1206 2921 1270 2966 οὐχ
1288 2921 1331 2956 ὣς
1349 2932 1379 2956 c.
1399 2921 1506 2956 Cord.
1611 2921 1666 2955 28.
1693 2921 1734 2955 τὰ
1753 2920 1845 2955 Catt.
1855 2889 1960 2956 Aub.

371 2968 409 2999 τὸ
430 2966 471 3001 Β.
493 2967 610 3002 Holst.
675 2968 784 3012 ἀληθῆ
806 2967 846 3002 Β.
865 2968 958 3002 Catt.
977 2967 1153 3012 ἀληθεύειν
1173 2967 1236 3002 Ht.
1256 2967 1323 3003 Ed.
1389 2967 1492 3004 ὅντως
1513 2968 1566 3002 καὶ
1581 2968 1662 3010 βαδ.
1680 2968 1751 3003 inv.
1770 2967 1849 3002 ord.
1866 2979 1899 3003 a.
