2084 3317
126 166 183 207 vi.
203 167 272 222 38,
290 181 357 224 39.
410 168 485 209 IN
527 168 570 209 s,
605 166 941 208 JOANNEM.
1003 165 1127 207 ΜΒ.
1161 165 1239 207 IV.
1301 166 1436 207 CAP.
1469 167 1505 207 Ι.
1635 169 1720 208 497

126 274 330 327 θάνατον
368 277 393 326 ὁ
434 275 676 338 διάβολος,
717 277 827 326 ἀλλ’
865 277 912 326 ἐν
952 277 1070 343 αὐτῇ
1109 277 1442 327 τεταπείνωται
1481 279 1538 344 τῇ
1578 277 1720 345 οἰκείᾳ

124 359 302 423 παγίδι.
367 357 567 409 λέλυται
606 357 700 424 γὰρ
745 358 769 408 ὁ
811 356 1013 412 θάνατος
1057 359 1106 408 ἐν
1145 356 1334 427 θανάτῳ
1372 361 1604 424 Χριστοῦ,
1646 359 1722 409 καὶ

125 439 399 505 κατηργήθη
438 440 665 506 τύραννος
702 442 727 490 ὁ
760 443 1018 491 πεσεῖσθαι
1052 438 1117 504 μὴ
1151 442 1451 506 προσδοκῶν.
1509 441 1585 490 καὶ
1624 463 1717 503 μα-

124 519 237 586 κρὸν
269 519 355 584 μὲν
388 519 446 584 ἧν
479 523 554 572 ἐπὶ
593 522 774 575 τούτοις
813 523 1032 572 ἐπιθεῖναι
1073 521 1224 587 λόγον
1256 522 1310 572 οὐ
1348 521 1575 589 χαλεπὸν,
1609 520 1633 571 ὃ
1673 520 1723 571 δὲ

83 601 181 667 5ἧν
215 604 262 653 ἐν
297 605 477 670 χερσὶν,
505 602 618 654 αὐτὸ
656 602 712 667 δὴ
748 602 896 654 πάλιν
922 605 1130 670 ἐροῦμεν.
1187 607 1225 654 εὶ
1258 603 1324 668 μὴ
1359 604 1525 670 κυρίως
1561 626 1609 654 τε
1646 605 1721 653 καὶ

124 685 315 748 ἀληθῶς
350 684 634 749 θελημάτων
659 685 716 750 ἧν
744 686 884 752 ἔργον
909 687 1195 749 Ἰουδαϊκῶν,
1223 688 1298 737 καὶ
1334 691 1428 737 τῶν
1457 688 1505 737 ἐν
1536 687 1721 740 ἐκείνοις

124 768 330 819 ἀνοσίων
357 767 680 833 τολμημάτων
704 766 884 834 καρπὸς
920 769 944 818 ὁ
978 768 1179 822 θάνατος
1210 774 1293 819 τοῦ
1320 772 1552 835 Χριστοῦ,
1580 774 1722 835 κρῖμα

125 849 173 900 δὲ
211 848 269 913 ἦν
307 848 362 900 τὸ
401 853 538 912 θεῖον,
580 847 746 916 ὥσπερ
785 849 965 900 οἴονταί
1001 873 1135 913 τινες,
1175 849 1229 901 τὸ
1268 850 1458 905 πάντως
1499 851 1619 916 ἄγον
1658 855 1721 905 εἷς

122 936 278 981 τοῦτο·
323 935 424 984 πῶς
457 932 539 982 οὐκ
572 931 659 982 ἔδει
691 929 862 982 λοιπὸν
888 934 964 982 καὶ
991 934 1052 985 ὡς
1079 932 1135 1001 ἐξ
1158 931 1367 997 ἀνάγκης
1393 932 1482 996 ἤδη
1509 938 1722 999 πληροῦ-

58 1034 106 1058 10
123 1016 239 1064 σθαι
277 1011 331 1064 τὸ
372 1013 520 1082 δόξαν
557 1015 611 1064 δι’
650 1013 915 1079 ἀνθρώπων
953 1013 1009 1077 δὴ
1048 1014 1251 1077 πάντως,
1282 1016 1357 1065 καὶ
1398 1016 1485 1082 οὐχ
1522 1014 1717 1081 ἑτέρως;

122 1092 220 1145 εἶτα
247 1099 347 1148 πῶς
379 1093 455 1157 ἂν,
485 1094 590 1145 εἶπέ
619 1117 711 1158 μοι,
741 1094 927 1148 δικαίως
964 1096 1030 1146 ε”τι
1066 1095 1341 1161 κολάζοιντο
1376 1101 1477 1150 ταῖς
1513 1099 1718 1163 ἀπαραι-

121 1176 279 1241 τήτοις
301 1182 384 1227 τοῦ
406 1180 532 1227 Θεοῦ
558 1176 744 1245 ψήφοις
772 1178 1108 1243 ὑπηρετοῦντές
1133 1200 1282 1241 τινες;
1317 1183 1418 1232 πῶς
1445 1178 1493 1230 δὲ
1520 1181 1722 1233 δείλαιος

122 1260 198 1309 καὶ
225 1259 273 1308 ἐν
299 1259 545 1321 ἀμείνοσιν
571 1265 598 1287 “
615 1263 652 1309 εἷ
680 1257 746 1323 μὴ
773 1258 999 1324 ἐγεννήθη
1027 1261 1052 1310 ὁ
1079 1259 1327 1326 ἄνθρωπος
1353 1261 1552 1315 ἐκεῖνος”
1583 1263 1638 1312 δι’
1668 1262 1722 1313 οῦ

123 1338 361 1406 παρεδόθη
387 1341 411 1390 ὁ
438 1339 683 1406 Χριστός,
730 1345 767 1391 εἰ
794 1339 888 1408 γὰρ
917 1341 1121 1406 θελητὸν
1148 1346 1215 1412 τῷ
1243 1346 1429 1409 Σωτῆρι
1460 1342 1514 1394 τὸ
1546 1343 1717 1408 πάθος,

58 1439 104 1477 15
123 1424 199 1474 καὶ
245 1421 533 1486 ἀνεθέλητον
572 1424 788 1487 οὐδαμῶς
833 1422 940 1474 καθ’
982 1424 1139 1491 ἕτερόν
1178 1448 1282 1476 τινα
1327 1425 1504 1491 τρόπον
1544 1431 1716 1490 νοοῖτο,

122 1506 262 1556 ποίαν
291 1503 348 1555 ἂν
376 1505 586 1571 εὐλόγως
622 1504 953 1572 εἰσπράττοιτο
991 1507 1137 1571 δίκην,
1165 1509 1189 1558 ὁ
1225 1507 1507 1572 θελημάτων
1539 1512 1716 1560 δεσπο-

122 1591 264 1638 τικῶν
301 1589 377 1638 καὶ
412 1591 506 1638 τῶν
541 1586 782 1651 ἐσομένων
817 1588 1149 1655 ἀπαραιτήτως
1184 1590 1414 1656 ὑπηρέτης
1450 1593 1718 1656 ἀναδεδειγ-

122 1668 261 1733 μένος
280 1691 293 1732 ;
336 1667 365 1733 ἦ
400 1668 496 1735 γὰρ
531 1670 618 1737 οὐχ
655 1669 838 1721 ἅπασιν
866 1670 1001 1722 ε”σται
1039 1671 1276 1740 διαφανὲς,
1304 1672 1374 1724 ὅτι
1408 1672 1598 1727 πάντως
1633 1674 1722 1725 ἔδει

123 1751 346 1816 γενέσθαι
368 1750 428 1802 τὰ
454 1755 512 1819 τῇ
540 1752 640 1821 θείᾳ
667 1775 716 1802 τε
743 1754 818 1803 καὶ
853 1752 1040 1823 ἀρῥήτῳ
1075 1752 1281 1823 δόξαντα
1313 1754 1472 1823 φύσει,
1500 1755 1722 1821 γενέσθαι

56 1857 105 1884 20
124 1832 173 1884 δὲ
211 1832 399 1887 πάντως
438 1833 515 1884 διά
553 1856 724 1895 τινων;
779 1836 890 1885 ἀλλ’
929 1836 1032 1886 ε”στι
1073 1839 1149 1887 καὶ
1192 1836 1268 1887 διὰ
1311 1837 1490 1889 τούτων
1529 1840 1604 1888 καὶ
1647 1837 1723 1889 διὰ

122 1914 356 1966 πλειόνων
396 1916 564 1982 ἑτέρων
608 1919 830 1977 συνιδεῖν,
870 1918 932 1970 ὡς
976 1918 1163 1985 ἐπείπερ
1205 1919 1263 1988 ἐξ
1304 1920 1476 1989 οὐρανῶν
1518 1920 1724 1982 καταβέ-

122 1999 268 2058 βηκεν
307 1998 331 2047 ὁ
372 1996 486 2051 Υἱὸς
525 1996 609 2048 τὸν
649 1996 764 2065 ὑπὲρ
805 1997 1029 2050 ἁπάντων
1069 2001 1312 2064 ὑπομεῖναι
1351 2001 1569 2065 θάνατον,
1606 2003 1724 2054 ἑκών

122 2101 172 2130 τε
212 2080 329 2143 ὁμοῦ
368 2080 443 2129 καὶ
485 2078 624 2141 ἄκων,
652 2080 727 2131 ἵνα
765 2079 946 2134 πάντας
986 2081 1240 2150 ἀναστήσῃ
1279 2089 1327 2158 τῇ
1365 2084 1537 2159 ἐσχάτῃ
1571 2085 1722 2155 ἡμέρα,

124 2159 270 2230 δόξαν
309 2162 431 2212 οὕτω
473 2164 549 2211 καὶ
595 2162 721 2231 αὐτῷ
767 2164 833 2231 τῷ
878 2165 1034 2230 Πατρῖ
1077 2163 1152 2215 διὰ
1195 2163 1249 2215 τὸ
1291 2170 1414 2216 πᾶσι
1452 2166 1720 2234 συμφερον·

55 2263 103 2302 25
123 2243 354 2312 ἑτεροφυᾶ
389 2243 437 2294 δὲ
469 2243 697 2307 οὐδαμῶς,
724 2242 753 2308 ἢ
781 2244 903 2295 κατά
928 2267 972 2295 τι
999 2251 1117 2311 γοῦν
1143 2247 1413 2311 ἡττώμενον
1439 2253 1522 2299 τοῦ
1554 2271 1716 2315 γεγεν-

124 2323 318 2388 νηκότος
345 2323 510 2376 ἑαυτὸν
536 2330 746 2377 νοεῖσθαι
774 2325 850 2376 διὰ
876 2326 1056 2378 τούτων
1080 2327 1322 2390 βούλεται.

198 2406 300 2458 Τὸν
343 2406 428 2469 μὲν
473 2407 555 2458 οὖν
597 2408 652 2458 δι’
696 2409 906 2462 ἐναντίας
951 2409 1311 2477 ὐπερυθριάσειν
1355 2412 1458 2476 ἤδη,
1503 2414 1577 2463 καὶ
1627 2418 1724 2468 τοῖς

122 2490 230 2555 περὶ
273 2488 452 2539 τούτων
499 2489 609 2553 ἡμῖν
650 2490 733 2541 οὐκ
779 2490 1120 2559 ἀντιτάξεσθαι
1165 2491 1330 2558 λόγοις
1375 2494 1720 2558 ὑπολαμβάνω·

125 2604 248 2633 catena
265 2598 424 2644 ejusdem
443 2610 482 2632 ac
500 2610 539 2632 ea
557 2611 662 2644 quam
682 2599 712 2633 B
732 2600 884 2645 signavit
902 2602 976 2636 Mai
994 2603 1143 2648 generis,
1162 2615 1234 2638 non
1257 2610 1372 2638 autem
1399 2604 1492 2649 apud
1512 2605 1599 2640 Maii
1619 2618 1722 2641 anec-

127 2645 220 2679 dota.
272 2646 337 2679 Est
355 2645 460 2679 etiam
478 2645 515 2679 in
534 2645 622 2680 Cod.
638 2646 783 2681 Taurin.
801 2657 855 2692 79,
875 2660 967 2682 anno
985 2661 1085 2695 1149.
1105 2650 1164 2684 fol.
1179 2659 1221 2695 25
1237 2649 1287 2695 κη]
1395 2663 1424 2686 1.
1450 2651 1571 2697 οἰκείᾳ]
1592 2653 1658 2698 ἰδίᾳ
1678 2654 1722 2689 Β.

127 2692 232 2736 οἰκείᾳ
249 2691 354 2726 habet
374 2691 463 2726 Cod.
482 2692 587 2726 Taur.
607 2693 673 2737 ἰδίᾳ
689 2694 807 2738 παγίδι
825 2696 878 2728 καὶ
896 2695 1001 2740 οἷκείᾳ
1021 2696 1134 2730 Codd.
1155 2697 1242 2741 Reg,
1261 2704 1294 2731 et
1312 2697 1403 2731 Ven.
1502 2710 1533 2732 2.
1561 2701 1578 2732 ὁ
1597 2712 1664 2735 ass.
1679 2712 1722 2735 ex

129 2738 219 2773 Cod.
237 2738 344 2772 Taur.
364 2739 424 2784 qui
441 2740 460 2772 ὁ
478 2738 620 2775 θάνατος
637 2740 672 2773 ἐν
688 2742 735 2785 τῷ
758 2740 889 2786 θανάτῳ
912 2745 1061 2786 χριστοῦ
1084 2743 1234 2781 exhibet,
1254 2744 1303 2778 sie
1326 2744 1484 2778 scholion
1508 2745 1643 2780 finiens.
1662 2747 1722 2781 θά-

128 2799 226 2820 νατος
244 2785 342 2819 deest
358 2785 394 2818 in
414 2784 506 2835 (ἐπὶ.
525 2786 613 2820 aliis.
703 2787 735 2820 6.
754 2789 855 2832 ἔργον
872 2787 911 2831 ἧν
927 2790 1065 2823 inverso
1083 2789 1205 2823 ordine
1224 2790 1268 2824 B.
1366 2802 1400 2835 9.
1419 2791 1480 2835 ἤδη
1498 2799 1722 2837 assumptum

129 2844 171 2866 ex
192 2832 234 2865 B.
334 2842 387 2865 11.
407 2834 478 2865 εἶτα
495 2835 566 2866 πῶς
583 2831 638 2877 ἂν]
659 2833 851 2868 εἰπάτωσαν
871 2834 912 2869 Β.
1015 2847 1067 2878 14.
1093 2838 1110 2869 ὁ
1128 2843 1351 2881 assumptum
1371 2849 1411 2870 ex
1431 2837 1473 2872 Β.
1574 2840 1627 2874 16.
1650 2840 1722 2875 εἷσ-

127 2879 297 2924 πράττετο
317 2878 358 2912 Β.
410 2880 427 2911 ὁ
446 2884 669 2923 assumptum
687 2891 727 2913 ex
748 2879 789 2914 B.
840 2881 1010 2925 δεσπότης
1028 2883 1238 2917 δεσποτικῶν
1258 2883 1343 2928 (Sic)
1364 2883 1405 2918 Β.
1497 2894 1550 2930 17.
1577 2886 1722 2931 ἀπαραί-

128 2939 229 2969 τητος
248 2925 291 2959 Β.
487 2936 539 2969 19.
566 2926 711 2968 δόξαντα
729 2926 809 2960 B.D
828 2939 916 2961 corr.
936 2932 957 2946 “
972 2929 1014 2962 al.
1034 2929 1209 2972 δόξαντα”
1229 2929 1296 2964 Ed.
1314 2942 1386 2974 mg.
1406 2931 1567 2966 δοκοῦντα
1588 2933 1633 2968 D.
1654 2933 1721 2968 Ed.

131 2982 186 3006 21.
213 2972 365 3016 οὐρανῶν
384 2971 425 3005 Β.
445 2971 589 3016 οὐρανοῦ
608 2971 674 3006 Ed.
819 2985 871 3007 22.
899 2975 1074 3018 ὑπομεῖναι
1095 2975 1136 3010 Β.
1154 2976 1307 3021 ὑπέμεινε
1327 2976 1393 3011 Ed.

189 3038 281 3065 VOL.
305 3039 334 3065 Ῑ.
908 3042 931 3084 3
955 3042 973 3068 S

1739 286 1767 327 d

1739 873 1761 899 θ

1785 1259 1947 1310 S.Matth.

1784 1314 1873 1335 xxm.
1896 1313 1947 1345 24·

1740 1612 1761 1636 a
1793 1603 1877 1638 339
1893 1602 1948 1637 A.

1741 2260 1768 2300 b
