2084 3317
153 152 360 194 V.41,42.
405 144 478 185 IN
520 147 562 187 S.
597 148 933 195 JOANNEM.
997 157 1121 199 LIB.
1156 160 1240 201 ΠΙ.
1306 163 1439 204 CAP.
1475 165 1535 205 ΙΙ.
1656 170 1736 208 385

216 247 330 302 “Orc
363 252 411 304 δὲ
445 256 596 311 πολὺς
622 259 670 310 ἔν
697 284 746 312 τε
772 267 838 333 τῷ
864 263 992 336 νόμῳ
1019 270 1092 319 καὶ
1120 275 1216 324 τοῖς
1243 273 1391 337 ἁγίοις
1416 274 1682 343 προφήταις
1710 280 1735 327 ὁ

147 330 292 395 λόγος
318 338 423 401 περὶ
449 340 531 400 τῆς
558 341 678 392 κατὰ
712 344 862 410 φύσιν
888 346 1018 413 ζωῆς,
1045 351 1261 404 τουτέστι
1295 360 1380 405 τοῦ
1407 359 1729 423 Μονογενοῦς,

144 416 293 464 πᾶσιν
319 413 446 480 οἶμαι
472 425 567 475 τοῖς
596 427 917 491 φιλομαθέσιν
944 430 1169 499 ὑπάρχειν
1194 438 1476 505 καταφανές.

184 551 325 595 Δόξαν
364 558 479 613 Παρὰ
519 560 751 617 ἀνθρώπου
790 567 837 606 οὐ
876 570 1097 622 λαμβάνω,
1135 572 1225 614 ἀλλ’
1269 574 1436 622 ἕΓνωκα
1475 579 1583 628 ὑμᾶς
1622 582 1685 622 ὅτι
1751 600 1795 633 41
1824 601 1871 634 42

97 648 118 685 5
375 640 451 681 Τι-ἰν
489 643 658 689 ἀΓάΠΗν
698 651 771 688 τοῦ
812 649 921 692 Θεοῦ
960 653 1036 693 οὐκ
1073 654 1191 710 ἔχετε
1229 658 1273 698 ὲν
1312 659 1494 702 ἑαυτοῖς.

214 746 503 800 Αἱσθάνεται
547 753 709 817 πάλιν,
755 761 946 819 μᾶλλον
989 760 1038 812 δὲ
1083 764 1170 832 ὁρᾷ
1214 769 1496 832 θεοπρεπῶς,
1542 770 1596 823 τὸ
1641 776 1724 824 δυ-

136 825 326 879 σπειθὲς
351 831 426 879 καὶ
454 833 677 897 δυσήνιον
695 841 790 888 τῶν
807 842 1085 907 Φαρισαίων
1106 849 1513 912 καταδακνόμενον
1538 859 1725 923 στῖφος,
1745 868 1770 908 b

133 906 210 955 καὶ
234 908 289 957 οὐ
313 910 502 967 πάντως
528 916 601 983 ἐφ’
629 917 696 972 οἷς
720 921 881 987 ᾐτιᾶτο
907 923 991 977 τὰς
1017 927 1142 981 θειάς
1178 931 1240 983 ὡς
1274 932 1329 981 οὐ
1363 932 1561 989 δεόντως
1593 938 1720 1003 ἐρευ-

133 990 312 1044 νῶντας
354 995 558 1062 γραφὰς,
600 1001 710 1051 ἀλλ’
751 1004 826 1054 ἐπὶ
870 1008 937 1074 τῷ
977 1011 1168 1070 μᾶλλον
1209 1014 1351 1063 εἰπεῖν
1393 1021 1419 1044 “
1446 1017 1522 1067 Οὐ
1565 1019 1726 1072 θέλετε
1786 1020 1924 1102 ἓζᾞῇῗο.

63 1080 112 1106 10
133 1073 160 1096 “
185 1070 336 1123 ἐλθεῖν
372 1076 491 1142 πρὸς
528 1079 633 1141 μέ.”
686 1081 716 1133 ἃ
754 1084 848 1152 γὰρ
887 1088 1016 1140 αὐτοὶ
1056 1097 1286 1144 νοσοῦσιν
1323 1095 1542 1162 εὐκόλως,
1577 1108 1725 1154 ταῦτα

130 1150 364 1206 δύνασθαι
398 1166 583 1225 κρατεῖν
608 1167 684 1215 καὶ
720 1167 794 1218 ἐπὶ
827 1174 910 1220 τοῦ
944 1174 1166 1239 Σωτῆρος
1202 1178 1529 1231 πιστεύουσιν·
1574 1182 1724 1252 ᾤοντο

129 1232 222 1300 γὰρ
249 1235 306 1301 δὴ
332 1239 452 1291 κατὰ
478 1243 531 1294 τὸ
559 1246 692 1309 εἰκὸς,
719 1250 768 1299 ἐκ
793 1255 982 1316 πολλῆς
1014 1256 1088 1305 καὶ
1123 1263 1263 1309 τοῦτο
1298 1260 1528 1318 παθόντες
1564 1267 1721 1322 ἀνοίας

128 1319 382 1387 φιλαρχεῖν
407 1322 495 1389 ἤδη
523 1326 623 1378 κατ’
651 1330 806 1382 αὐτῶν
831 1332 914 1384 τὸν
943 1336 1134 1402 Κύριον,
1162 1342 1238 1391 καὶ
1263 1341 1348 1396 τὰς
1372 1345 1503 1412 παρὰ
1529 1347 1720 1401 πάντων

127 1399 264 1463 τιμάς
311 1403 461 1475 ἑαυτῷ
510 1413 929 1476 πραγματεύεσθαι
981 1416 1151 1483 θέλειν,
1197 1421 1273 1473 διὰ
1314 1430 1398 1476 τοῦ
1449 1435 1610 1481 καλεῖν
1655 1437 1718 1486 εἰς

56 1499 102 1538 15
122 1484 379 1546 μαθητείαν
405 1489 586 1544 αὐτούς.
641 1495 861 1561 τοιαύτην
885 1499 990 1550 τινὰ
1024 1501 1111 1566 τὴν
1137 1503 1360 1557 ὑπόνοιαν
1386 1510 1618 1570 λαβόντες
1654 1518 1716 1569 εἷς
1734 1539 1756 1566 ο

121 1569 244 1627 νοῦν,
286 1568 591 1623 ἐκπεσεῖσθαι
634 1575 720 1638 μὲν
758 1577 876 1630 ὅσον
918 1581 1098 1635 οὐδέπω
1140 1589 1223 1651 τῆς
1268 1589 1388 1640 κατὰ
1428 1598 1511 1643 τοῦ
1556 1595 1716 1650 ε”θνους

119 1644 340 1713 ἐξουσίας
377 1655 685 1719 προσεδόκων
723 1661 868 1711 αὐτοί·
927 1665 1189 1732 διεπρίοντο
1230 1670 1278 1720 δὲ
1318 1672 1371 1722 οὐ
1411 1680 1587 1741 μικρῶς
1631 1677 1714 1729 τὸν

118 1731 417 1796 κληρονόμον
451 1736 650 1802 ὁρῶντες
685 1743 894 1794 ἀπαιτεῖν
931 1746 1157 1800 ἐθέλοντα
1195 1751 1277 1803 τὸν
1310 1760 1392 1805 τοῦ
1432 1758 1712 1819 ἀμπελῶνος

117 1811 315 1875 καρπόν.
380 1817 451 1868 διὸ
491 1818 548 1883 δὴ
586 1821 747 1886 πάλιν,
784 1824 903 1877 ὅσον
939 1828 1048 1893 ἧκεν
1085 1835 1149 1885 εἷς
1186 1834 1336 1899 ὀργὴν
1376 1840 1452 1888 καὶ
1491 1839 1598 1894 τοῦς
1636 1843 1710 1894 ἐπὶ

47 1917 96 1942 20
116 1897 212 1947 τοῖς
246 1897 499 1961 εἰρημένοις
533 1903 752 1970 φθόνους,
779 1913 1030 1978 μονονουχὶ
1055 1913 1254 1979 λέγουσι
1282 1917 1336 1968 τὸ
1363 1921 1412 1969 ἐν
1437 1926 1536 1976 ταῖς
1563 1924 1702 1990 εὐαγ-

115 1981 325 2039 γελικαῖς
349 1988 651 2047 παραβολαῖς
679 1994 705 2017 “
722 1993 872 2041 Δεῦτε
907 1993 1254 2060 ἀποκτείνωμεν
1289 2001 1431 2053 αὐτὸν
1465 2006 1542 2055 καὶ
1573 2011 1704 2074 σχῶ-
1766 2014 1928 2099 Ξέζῖέΐέῑῑ·

112 2063 140 2085 “
164 2081 252 2120 μεν
288 2059 374 2125 τὴν
413 2068 732 2131 κληρονομίαν
770 2073 957 2125 αὐτοῦ.”
1011 2078 1216 2145 ἀναιρῶν
1247 2090 1497 2151 τοιγαροῦν
1530 2087 1616 2152 τὴν
1651 2089 1708 2158 ἐξ
1790 2083 1796 2088 ⁴
1827 2084 1832 2089 ’

109 2140 392 2207 εἷκαιότητος
433 2148 482 2197 ἐν
522 2149 678 2203 αὐτοῖς
721 2159 1116 2224 κατεσπαρμένην
1156 2161 1392 2228 ὑπόνοιαν,
1432 2170 1508 2219 καὶ
1551 2169 1610 2220 τὰ
1654 2173 1703 2223 ἐκ
1723 2180 1749 2221 d

108 2221 290 2287 φθόνου
329 2229 405 2277 καὶ
445 2233 711 2290 βασκανίας
752 2241 1109 2308 προαποῤῥιζῶν
1150 2247 1499 2314 βλαστήματα,
1547 2259 1702 2321 γυμνῇ

39 2329 87 2367 25
107 2304 236 2369 λέγει
272 2310 330 2375 τῇ
362 2313 499 2379 φωνῇ
527 2314 672 2384 Δόξαν
711 2318 839 2387 παρὰ
879 2321 1095 2391 ἀνθρώπων
1136 2330 1179 2378 οὐ
1216 2332 1466 2397 λαμβάνω.
1522 2336 1576 2384 οὐ
1606 2336 1700 2402 γὰρ

104 2391 252 2450 καλῶ,
299 2393 465 2457 φησὶν,
509 2398 571 2448 εἷς
620 2401 877 2464 μαθητείαν
920 2402 1006 2468 τὴν
1049 2407 1160 2474 παρ’
1206 2412 1306 2474 ἐμοὶ
1356 2412 1463 2467 τοὺς
1512 2417 1692 2482 ἀκροω-

102 2467 281 2533 μένους,
309 2471 338 2537 ἢ
372 2472 456 2528 τὰς
490 2477 601 2544 παρ’
630 2480 760 2543 ὑμῶν
790 2481 820 2547 ἢ
854 2484 938 2539 τὰς
973 2491 1084 2555 παρ’
1111 2491 1279 2557 ἑτέρων
1309 2494 1458 2558 τιμὰς,
1486 2499 1696 2567 καθάπερ

105 2552 244 2616 ὑμεῖς,
289 2557 573 2622 θηρώμενος,
615 2562 720 2613 οὐδὲ
764 2572 932 2618 τοῦτον
975 2573 1058 2633 τῆς
1100 2574 1412 2631 διδασκαλίας
1458 2580 1694 2646 ἀντικομι-

103 2635 284 2699 σαίμην
326 2636 385 2688 ἂν
425 2639 508 2692 τὸν
550 2646 740 2709 μισθὸν,
780 2652 1122 2718 πληρεστάτην
1163 2656 1283 2723 ε”χων
1328 2659 1413 2722 τὴν
1454 2661 1600 2731 δόξαν
1639 2666 1697 2735 ἐξ

152 2768 182 2790 1.
208 2772 244 2791 τε
261 2770 325 2803 pro
343 2761 379 2794 δὲ
399 2762 440 2797 Β.
541 2777 594 2801 12.
620 2769 789 2807 παθόντας
807 2772 854 2807 D.
956 2776 1008 2810 16.
1035 2778 1118 2812 κατὰ
1135 2790 1205 2813 orn.
1226 2779 1268 2813 B.
1375 2784 1427 2818 18.
1453 2785 1628 2824 ἐθέλοντος
1648 2789 1689 2823 Β.

105 2814 158 2848 19.
185 2803 305 2850 ὀργὴν]
326 2807 440 2852 ὀρινὴν
459 2810 501 2844 Β.
852 2831 906 2855 20.
934 2821 969 2855 ἐν
986 2825 1058 2858 ταῖς
1074 2827 1289 2869 παραβολαῖς
1306 2830 1378 2864 ταῖς
1395 2831 1628 2877 εὐαγγελικαῖς
1648 2836 1688 2870 B.

101 2859 157 2884 22.
183 2851 286 2886 αὐτοῦ
305 2859 338 2887 et
355 2862 436 2889 ante
454 2863 487 2890 et
504 2865 584 2902 post
601 2861 660 2905 τὴν
674 2864 898 2909 κληρονομίαν
915 2869 1055 2904 exhibet
1070 2871 1112 2905 B.
1131 2872 1175 2905 Cf.
1193 2874 1323 2910 ἑαυτοῖς
1340 2876 1400 2920 τὴν
1412 2879 1636 2924 κληρονομίαν
1654 2884 1688 2917 in

100 2896 160 2930 ES.
178 2897 247 2933 660
264 2899 299 2934 b.
316 2912 336 2934 a
355 2901 473 2937 Tisch.
491 2905 547 2939 cit.
707 2921 763 2956 23.
791 2913 963 2960 ὑπόνοιαν]
988 2921 1025 2956 -1-
1047 2918 1155 2952 αὐτῶν
1174 2919 1214 2953 Β.
1417 2925 1471 2959 26.
1501 2926 1545 2961 Et
1563 2928 1635 2971 ἐμοὶ
1654 2937 1687 2964 et

98 2943 180 2987 ἐμοῦ
198 2946 339 2981 exhibet
360 2948 405 2982 D.
425 2953 447 2969 “
462 2951 505 2985 al.
525 2952 636 2995 ε’μοῦ”
657 2956 721 2990 Ed.
742 2970 813 3003 mg.
959 2964 1013 2997 28.
1041 2963 1311 3011 ἀντεκομισάμην
1330 2969 1372 3003 Β.

156 3012 246 3041 VOL.
271 3015 300 3043 1.
858 3029 881 3070 3
906 3030 930 3056 D
