2084 3317
158 169 281 198 v.20.
386 156 458 197 IN
503 158 544 198 S.
579 159 915 201 JOANNEM.
982 162 1105 203 LIB
1141 164 1200 204 II.
1264 166 1396 206 Cff
1422 168 1500 207 VI.
1663 171 1745 212 327

155 264 321 314 οὐσιαν
350 266 399 315 ἐν
430 267 614 337 ἐμαυτῷ
651 268 716 333 μὴ
749 270 1014 334 δυνάμενος,
1042 272 1117 323 διὰ
1157 280 1239 325 τοῦ
1278 299 1334 336 με
1375 278 1630 343 φαίνεσθαι
1668 283 1744 330 καὶ

153 342 266 396 εἰναι
304 351 524 411 τοιοῦτος,
553 351 709 405 ὁποῖός
747 353 850 403 ἐστι
890 353 1009 404 κατὰ
1048 355 1198 422 φύσιν
1236 356 1391 411 αὐτός·
1447 360 1618 426 ἐνεργῶ
1650 360 1744 427 γὰρ

152 425 340 482 πάντως
366 431 428 482 ὡς
453 429 510 497 ἐξ
532 432 689 495 αὐτοῦ,
714 432 773 484 τὰ
800 434 958 485 αὑτοῦ.

225 507 296 560 To
340 509 390 561 δὲ
440 512 597 578 λεγειν
641 517 1044 583 προκαταρκτικὸν
1086 523 1180 570 τῶν
1226 520 1377 586 ἐργων
1419 521 1502 573 τὸν
1549 524 1741 591 Πατέρα

108 605 131 643 5
152 589 389 659 ὑπάρχειν,
416 595 617 657 ἀμαθίας
652 600 733 662 τῆς
769 599 974 667 ἐσχάτης
1001 601 1084 652 οὐκ
1111 602 1375 668 ἀμοιρήσει.
1428 609 1530 660 πῶς
1557 605 1650 672 γὰρ
1684 606 1740 658 ἂν
1758 616 1784 656 d

149 673 287 727 αὐτὸς
339 676 431 726 ὶδια
476 700 551 728 και
596 679 738 742 μόνος
783 681 1166 750 προκατάρξαιτό
1209 708 1336 748 ποτε,
1378 687 1574 783 δυ’ναμιν
1619 689 1741 758 ε’χων

146 752 233 818 τὴν
272 757 344 825 ἐφ’
386 755 566 810 ἅπασιν
603 762 900 828 ἐνεργητικὴν
942 763 1026 815 τὸν
1071 766 1201 828 Υὶὸν,
1241 769 1611 838 συνυπάρχον-τα
1654 772 1740 836 μὲν

146 837 303 891 ἀιδίως
329 840 466 910 αὐτῷ,
494 842 736 906 θελήσεως
771 844 818 895 δε
853 848 936 910 τῆς
971 847 1051 898 ἐπί
1084 870 1128 898 τι
1167 872 1242 900 και
1276 850 1502 915 κινήσεως
1528 856 1611 917 τῆς
1636 856 1737 906 κατ’

144 917 375 984 ἐνέργειαν
406 919 492 985 τὴν
525 924 602 975 ἐπι
634 948 761 976 τισιν
787 928 1083 996 ἐκφαντικόν.
1138 953 1214 982 και
1241 954 1277 982 ει
1308 934 1567 1000 περιμένειν
1593 935 1736 988 αὐτὸν

78 1023 125 1049 10
143 998 229 1064 τὴν
271 1001 345 1071 ἐφ’
387 1004 573 1056 ἑκάστω
617 1011 712 1058 τῶν
757 1009 907 1076 ἐργων
952 1011 1099 1076 ἱδικὴν
1144 1013 1378 1080 ἐνέργειαν
1418 1022 1501 1068 τοῦ
1543 1020 1735 1086 Πατρὸς

141 1084 429 1140 ἀπαιδεύτως
479 1089 855 1156 διισχυριζονται,
901 1091 1020 1159 πρὸς
1068 1093 1123 1146 τὸ
1168 1095 1276 1147 ἰ’σον
1317 1098 1734 1165 ἀπομιμήσασθαι,

140 1166 506 1219 δεικνύτωσαν
481 1175 590 1234 ημῖν
625 1172 715 1223 ἶδια
755 1176 831 1224 καὶ
870 1175 980 1226 καθ’
1008 1176 1173 1228 ἑαυτὸν
1207 1179 1535 1245 ἐργασάμενον
1568 1206 1613 1234 τι
1651 1184 1734 1236 τὸν

141 1248 333 1315 Πατερα
366 1251 573 1315 πώποτε,
610 1251 639 1318 ἢ
679 1257 754 1306 καὶ
792 1261 930 1308 ποῖον
964 1258 1102 1314 αὐτὸς
1139 1263 1532 1328 προθεραπεύσας
1570 1267 1727 1334 παρά·
1749 1296 1770 1322 e

137 1337 305 1395 λυπον,
333 1332 581 1386 δεδωκεν
553 1358 616 1390 ως
643 1338 692 1387 ἐν
717 1338 850 1390 τύπω
875 1339 930 1391 τὸ
956 1346 1154 1408 πρᾶγμα
1181 1347 1248 1413 τῶ
1274 1345 1544 1411 γεννήματι.

71 1481 116 1519 15
545 1473 599 1515 ‘O
638 1476 715 1533 Γὰρ
753 1477 902 1535 Πατήρ
941 1478 1058 1536 φιλεῖ
1094 1481 1167 1524 τὸν
1193 1480 1305 1526 Υἷόν.
1749 1504 1797 1530 20

208 1595 477 1653 Ἀσυνέτως
517 1600 902 1670 ἐξαγριουμενους
945 1610 1007 1660 εἷς
1049 1609 1224 1660 εἰκαίαν
1262 1609 1423 1676 ὀργὴν,
1450 1634 1557 1665 τους
1597 1636 1728 1680 οιπερ

133 1675 260 1740 ἦσαν
287 1682 633 1741 δυσσεβοῦντες
674 1689 735 1739 εἷς
774 1686 915 1739 αὐτὸν
947 1689 1233 1757 ἀφυλάκτως
1269 1692 1343 1743 διὰ
1380 1692 1434 1743 τὸ
1473 1694 1728 1756 σάββατον

132 1759 368 1829 ἐξελεγχει
394 1764 670 1830 Χριστος,’
648 1769 998 1835 εναργεστάτην
1023 1778 1106 1823 τοῦ
1137 1773 1416 1839 πράγματος
1451 1776 1726 1841 ποιούμενος

131 1841 218 1906 τὴν
261 1844 500 1915 ἀπόδειξιν
544 1848 617 1899 διὰ
669 1855 752 1900 τοῦ
797 1856 1043 1949 φιλεῖσθαι
1095 1854 1249 1921 λεγειν
1293 1857 1423 1924 παρὰ
1475 1865 1558 1910 τοῦ
1608 1861 1764 1913 ιδιουῑι
1798 1879 1948 1915 222Α.

63 1953 111 1978 20
131 1924 422 1992 γεννήτορος.
465 1933 500 1981 εἰ
527 1930 621 1998 γὰρ
649 1931 774 1987 ὅλως
801 1939 931 2003 φιλει
953 1961 1018 1987 τον
1044 1940 1136 1988 Τιόν
1163 1945 1181 1990 ὁ
1211 1939 1372 2009 Πατηρ,
1401 1941 1455 1991 οὐ
1481 1948 1724 1996 λυποῦντα

130 2009 277 2069 δῆλον
321 2008 392 2060 ὅτι
443 2015 590 2080 φιλεῖ,
637 2018 1041 2112 κατευφραινοντα
1091 2020 1141 2071 δὲ
1190 2026 1384 2085 μᾶλλον
1429 2025 1504 2093 ἐφ’
1548 2024 1617 2080 οἷς
1667 2026 1724 2078 ἂν

127 2094 238 2158 ποιῇ
285 2094 361 2143 καὶ
403 2093 668 2160 ἐργάζηται.
730 2121 886 2162 ματην
928 2101 1010 2151 οὖν
1048 2102 1140 2167 ἄρα
1184 2106 1408 2156 διώκουσι
1452 2105 1536 2157 τὸν
1576 2110 1723 2160 ἐλεεῖν

127 2173 176 2222 ἐν
221 2175 460 2245 σαββάτῳ
512 2177 577 2242 μὴ
629 2181 1016 2246 παραιτούμενον,
1068 2186 1143 2236 καὶ
1193 2192 1293 2240 ταῖς
1342 2194 1425 2239 τοῦ
1470 2193 1595 2241 Θεοῦ
1646 2195 1721 2243 καὶ

129 2255 319 2322 Πατρὸς
352 2258 682 2315 ἀντιτείνοντες
716 2261 902 2330 ψήφοις
937 2264 1013 2316 διὰ
1046 2266 1215 2319 τούτου
1249 2267 1397 2321 πάλιν
1424 2271 1718 2326 ἀλισκονται.

57 2367 104 2405 25
126 2339 294 2403 χρῆναι
330 2362 424 2406 γαρ
451 2341 624 2393 οἴονται
659 2349 829 2409 μισεῖν,
858 2344 912 2397 ὃν
938 2347 1077 2403 αὐτὸς
1103 2352 1288 2420 ἀγαπᾷ,
1321 2354 1468 2416 δῆλον
1496 2352 1542 2403 δε
1569 2353 1720 2418 δήπου

123 2419 313 2475 πάντως
351 2424 496 2485 ἐστιν,
531 2426 593 2479 ὡς
632 2426 714 2477 οὐκ
755 2426 813 2478 ἂν
843 2428 1073 2495 ἠγάπησε
1106 2456 1221 2484 ποτε
1263 2434 1347 2498 τὴν
1383 2441 1466 2486 τοῦ
1504 2437 1718 2492 τεκόντος

123 2502 266 2553 αὐτον
297 2506 655 2574 παρατρέχοντα
692 2509 945 2575 βούλησιν,
972 2517 1047 2564 καὶ
1088 2515 1179 2566 ἰδία
1218 2539 1294 2567 και
1332 2517 1478 2579 μόνον
1509 2518 1624 2585 ὅπερ
1659 2544 1715 2572 αν
1734 2527 1760 2568 b

123 2583 261 2639 αὐτὸς
287 2586 511 2652 ἐθελήσαι
545 2595 693 2641 ποιεῖν
723 2594 999 2656 εἰθισμεᾞνον
1053 2597 1210 2662 ἐπειδὴ
1238 2598 1286 2648 δε
1312 2599 1506 2654 .’δικαιως
1536 2603 1714 2671 ἀγαπᾷ,

122 2674 335 2720 συναινεῖ
355 2669 573 2734 δηλονότι
600 2695 675 2724 και
696 2677 1032 2740 συγκατανεύει
1060 2685 1141 2730 τοῦ
1167 2680 1423 2741 σαββάτου
1449 2681 1534 2747 τὴν
1557 2684 1715 2749 λύσιν,

171 2880 201 2904 1.
227 2885 267 2913 με
284 2870 326 2905 Β.
343 2871 387 2915 μὴ
407 2872 472 2908 Ed.
580 2886 611 2909 2.
638 2876 763 2923 ἐνεργῶ
784 2878 824 2913 Β.
830 2879 875 2914 D.
894 2880 1038 2926 ἐνεργων
1057 2881 1122 2916 Ed.
1232 2893 1266 2925 5.
1292 2885 1348 2927 τῆς
1366 2891 1590 2929 assumptum
1608 2899 1649 2921 ex
1670 2888 1713 2924 B.

119 2915 298 2961 ἀμοιρήσει
318 2918 359 2952 Β.
377 2919 509 2965 (ιμοιρεῖ
529 2920 593 2956 Ed.
704 2936 756 2959 ΙΙ.
781 2927 867 2970 πρὸς
884 2942 922 2961 τυ
940 2929 978 2962 τὸ
996 2927 1073 2963 ἰ’σον
1092 2929 1137 2962 D.
1251 2941 1302 2975 19.
1329 2932 1419 2975 παρὰ
1439 2932 1531 2967 B.D.
1550 2935 1627 2979 περὶ
1646 2934 1713 2970 Ed.

122 2974 176 2998 21.
202 2964 242 2999 ἂν
258 2967 348 3000 ποιεῖ
365 2967 418 3001 καὶ
436 2967 608 3013 ἐργάζεται
629 2969 735 3005 C01d.
755 2972 864 3008 invito
881 2985 912 3008 a.
