2084 3317
77 161 148 200 vii.
171 161 236 202 28.
476 161 548 200 IN
593 160 634 199 S.
670 158 1005 200 1ΙΟΑΝΝΕΜ.
1069 159 1192 198 LIB.
1218 158 1269 198 V.
1585 160 1666 198 655

79 275 106 298 ‘⁶
131 269 316 335 ἡμερῶν
341 267 552 322 αἱῶνος.”
606 267 691 332 τὴν
718 267 774 318 δέ
802 289 855 332 γε
890 268 939 316 ἐκ
967 266 1159 332 Πατρὸς
1196 268 1271 316 καὶ
1307 269 1431 316 Θεοῦ
1466 265 1669 332 ὀίρῥητον

77 349 302 417 γέννησιν
327 352 389 404 ὡς
415 350 480 401 ε”νι
507 348 895 416 διερμηνεύοντες,
920 346 950 412 ἢ
976 347 1119 398 ἐκεῖνό
1146 353 1313 415 φασιν,
1341 347 1456 413 ὅπερ
1483 347 1669 410 εἴπομεν

78 430 355 500 φθάσαντες
381 438 409 461 “
428 430 532 496 Τὴν
557 429 723 498 γενεὰν
754 431 897 481 αὐτοῦ
930 430 1000 483 τίς
1034 428 1312 496 διηγήσεται
1330 450 1342 491 3
1387 428 1458 480 ὅτι
1495 428 1669 495 α’ίρεται
1733 429 1786 459 ES·
1805 428 1862 459 ¹³³³·

78 520 107 544 ‘⁶
130 513 224 565 ἀπὸ
259 516 342 578 τῆς
373 516 461 579 γῆς
496 514 524 577 ἡ
561 511 653 578 ζωὴ
687 513 876 563 αὐτοῦ·”
917 510 946 576 ἢ
986 510 1040 562 τὸ
1079 515 1146 580 τῷ
1183 511 1490 577 παροισθέντι
1522 533 1666 561 συνε-

36 609 58 648 5
78 594 329 661 ζευγμένον
354 594 497 663 ῥητόν
522 603 547 625 “
572 596 666 646 Καὶ
693 598 739 645 αἱ
766 594 921 663 ἔξοδοι
945 594 1088 644 αὐτοῦ
1114 594 1192 644 ἀπ’
1222 595 1372 660 ἀρχῆς
1402 592 1458 662 ἐξ
1485 593 1670 658 ἡμερῶν

79 684 106 707 “
129 678 341 731 αἰῶνος.”
395 677 584 746 ἐξόδους
611 675 706 742 γὰρ
729 677 928 726 ἐνταῦθα
960 680 1044 726 τοῦ
1073 679 1379 740 Μονογενοῦς
1412 674 1498 738 τὴν
1524 676 1585 727 ὡς
1622 676 1672 725 ἐκ

78 756 237 827 φωτὸς
276 758 570 827 ἀνάλαμψιν,
600 760 675 808 καὶ
713 757 806 823 πρὸ
845 755 1022 811 παντὸς
1061 761 1227 810 αἰῶνος
1266 759 1342 808 καὶ
1381 755 1555 823 ἡμέρας
1594 758 1670 807 καὶ

77 841 225 907 ῥοπῆς
259 844 320 893 εἷς
360 841 480 891 ἰδίαν
513 839 716 907 ὕπαρξιν
750 838 982 905 ἐκδρομὴν
1008 837 1172 904 ὥσπερ
1209 837 1313 889 τινὰ
1347 837 1434 903 τὴν
1459 836 1554 890 ἀπὸ
1589 840 1671 901 τῆς
1691 847 1718 887 (1

78 928 162 974 τοῦ
202 921 416 977 τεκόντος
457 922 622 975 οὐσίας
666 922 900 985 σημαίνει.
963 921 1109 988 ἄμφω
1149 926 1402 987 τοιγαροῦν
1439 920 1551 984 ἡμῖν
1588 923 1672 983 τῆς

13 1025 61 1050 10
79 1006 215 1071 ἁγίας
253 1005 592 1071 παρατιθείσης
630 1006 835 1070 γραφῆς,
864 1004 940 1054 καὶ
976 1007 1070 1053 τῶν
1103 1006 1236 1068 ἱερῶν
1270 1001 1566 1070 γραμμάτων
1596 1004 1672 1052 καὶ

79 1086 201 1138 πόθεν
225 1085 360 1137 ἔσται
387 1084 628 1151 λεγόντων
651 1084 706 1135 τὸ
742 1083 861 1135 κατὰ
894 1084 1053 1150 σάρκα
1077 1084 1308 1150 Χριστὸς,
1335 1086 1412 1135 καὶ
1444 1084 1674 1150 ἀζήτητον

79 1168 321 1233 τιμώντων
361 1173 480 1237 σιγῇ
523 1167 610 1231 τὴν
651 1169 700 1218 ἐκ
744 1166 937 1233 Πατρδς
978 1167 1196 1236 ὕπαρξιν,
1235 1171 1338 1221 πῶς
1380 1168 1464 1218 οὐκ
1505 1167 1563 1218 ἄν
1604 1190 1674 1219 τις

80 1251 288 1316 εὐλόγως
332 1251 385 1301 οὐ
431 1250 626 1315 μετρίως
668 1249 1016 1313 ἀμαθαίνοντας
1060 1249 1168 1303 τοῦς
1208 1248 1463 1303 Ἰουδαίους
1503 1248 1669 1315 εὑρὼν,

79 1331 239 1383 πλατὺ
277 1330 490 1398 γελάσας
530 1333 626 1398 ε’ρεῖ
660 1331 766 1382 Οὐκ
804 1329 898 1382 ἀπὸ
936 1330 1083 1395 μόνου
1121 1337 1205 1382 τοῦ
1244 1330 1310 1395 μὴ
1348 1330 1674 1396 γινώσκεσθαι

14 1434 61 1472 15
80 1413 166 1478 τὴν
191 1414 355 1479 γενεὰν
381 1419 463 1464 τοῦ
490 1418 721 1476 Χριστοῦ,
749 1412 808 1464 τὰ
835 1413 903 1464 ἐπ’
933 1414 1059 1482 αὐτῷ
1086 1411 1320 1478 ζητητέον,
1349 1411 1481 1463 ἀλλὰ
1515 1415 1590 1464 καὶ
1624 1414 1673 1464 ἐκ

80 1501 163 1547 τοῦ
188 1495 509 1561 γινώσκεσθαι
536 1496 603 1549 τίς·
630 1497 704 1546 καὶ
730 1495 875 1547 πόθεν
902 1496 1102 1561 ὁρμᾶται
1127 1494 1181 1546 τὸ
1208 1494 1327 1546 κατὰ
1353 1493 1514 1560 σάρκα
1536 1517 1548 1557 ;
1692 1515 1713 1540 e

76 1639 289 1698 Ἔκραξεν
329 1637 402 1681 οῦν
442 1641 463 1684 ὁ
495 1640 660 1682 'tasone
698 1639 914 1681 διδάσκων
952 1639 997 1680 ἐν
1035 1641 1096 1694 τῷ
1136 1638 1237 1696 ἱερῷ
1277 1640 1345 1682 καί
1382 1640 1521 1687 λέγων
1559 1639 1671 1687 Κάμὲ
1695 1642 1742 1677 28

498 1720 660 1775 οἴδατε,
700 1723 769 1764 καὶ
806 1720 954 1764 οἴδατε
992 1723 1124 1765 Πόθεν
1163 1721 1261 1772 εἰμί.

154 1830 421 1896 Ἀλλήλοις
470 1831 620 1897 ἡρέμα
671 1830 1014 1899 ψιθυριζόντων
1059 1833 1208 1882 ἐκεῖνα
1260 1835 1355 1882 τῶν
1394 1832 1667 1898 Ἱεροσολυ-

13 1937 64 1963 20
81 1917 246 1979 μιτῶν·
305 1914 359 1964 οὐ
397 1912 490 1979 γὰρ
529 1913 814 1976 ἀπετόλμων
853 1920 880 1943 “
899 1915 949 1964 ἐν
986 1914 1231 1982 παῤῥησίᾳ
1270 1918 1438 1964 λαλεῖν
1477 1912 1553 1964 διὰ
1591 1913 1674 1963 τὸν
1737 1912 1869 1994 ‘ggrlffg

83 2004 110 2026 ‘⁴
136 1995 295 2064 φόβον
319 1999 414 2046 τῶν
439 1996 719 2057 Ἰουδαίων,”
741 1995 863 2046 καθὰ
889 1995 1166 2062 γέγραπται·
1196 1995 1378 2063 δέχεται
1404 1995 1553 2047 πάλιν
1580 2000 1675 2046 τῶν

82 2078 333 2144 εἰρημένων
374 2077 460 2142 τὴν
505 2082 687 2143 γνῶσιν
733 2082 1005 2145 θεοπρεπῶς
1053 2080 1078 2129 ὁ
1121 2077 1351 2144 Χριστός.
1425 2078 1582 2143 ἐπειδὴ
1627 2079 1675 2130 δὲ

83 2164 417 2229 προσωφελεῖν
444 2160 515 2211 ὅτι
549 2160 717 2226 πρέποι
754 2159 992 2212 διεσκόπει
1027 2160 1135 2214 τοῦς
1171 2160 1357 2227 ἄνδρας,
1384 2164 1715 2228 παραχρῆμαὶῑ
1744 2171 1832 2205 448
1846 2169 1897 2204 A·

84 2241 276 2294 δεικνύει
323 2244 558 2308 θεοπρεπῆ
603 2241 751 2293 πάλιν
789 2244 837 2293 ἐν
876 2243 1026 2311 ἑαυτῷ
1067 2242 1153 2307 τὴν
1192 2243 1445 2307 ἐνέργειαν,
1491 2245 1566 2293 καὶ
1606 2242 1675 2294 ὅτι

17 2340 64 2378 25
83 2323 275 2375 πάντων
310 2323 401 2390 ἔχει
440 2323 525 2387 τὴν
563 2328 744 2389 γνῶσιν
783 2325 1104 2376 ἀνακαλύπτει
1143 2329 1331 2392 σαφῶς.
1385 2325 1553 2393 ἐξαίρει
1592 2324 1677 2388 μὲν

85 2405 178 2472 γὰρ
213 2409 275 2459 εἷς
311 2407 434 2473 ὕψος
470 2404 556 2469 τὴν
591 2405 725 2470 βοὴν,
757 2407 907 2457 καίτοι
945 2407 1174 2472 πρότερον
1206 2407 1289 2457 οὐκ
1328 2406 1499 2459 εἰωθὼς
1537 2412 1676 2458 τοῦτο

85 2487 307 2554 πράττειν
339 2486 491 2550 αὐτὸς,
518 2486 748 2555 διελέγχει
784 2487 832 2539 δὲ
869 2487 1018 2540 πάλιν
1053 2490 1114 2541 ὡς
1149 2489 1230 2540 οὐκ
1267 2488 1460 2556 ἔχοντας
1495 2490 1678 2554 ἑδραῖον

87 2569 170 2621 τὸν
208 2576 317 2621 νοῦν
355 2572 436 2633 τῆς
476 2569 792 2622 θεοπνεύστου
830 2573 1033 2639 γραφῆς,
1069 2573 1145 2621 καὶ
1182 2570 1312 2637 ῥίζαν
1346 2576 1544 2622 ποιεῖται
1582 2576 1677 2625 τοῖς

86 2652 250 2703 ἑαυτοῦ
289 2651 452 2718 λόγοις
490 2650 544 2703 τὸ
583 2653 631 2702 ἐν
661 2652 962 2722 παραβύστῳ
1002 2655 1078 2703 καὶ
1116 2651 1256 2715 μόλις
1295 2653 1673 2716 ἀπεπτυσμένον.

136 2786 168 2810 2.
194 2775 212 2818 ἢ
231 2780 454 2820 assumptum
473 2786 515 2808 ex
535 2774 610 2809 B.c.
630 2774 737 2809 Cord.
803 2774 886 2819 ὅπερ
907 2774 949 2809 Β.
968 2776 1086 2819 ὥσπερ
1107 2774 1174 2808 Ed.
1296 2786 1329 2817 4.
1356 2774 1374 2818 ἡ
1393 2782 1616 2820 assumptum
1635 2788 1676 2809 ex

89 2822 165 2857 B.c.
186 2821 293 2857 Cord.
390 2830 423 2866 5.
444 2822 476 2854 αἱ
494 2827 716 2866 assumptum
735 2834 776 2856 ex
797 2822 874 2856 B.c.
895 2821 1001 2856 Cord.
1024 2822 1137 2865 (Alex.
1157 2822 1202 2855 cf.
1222 2833 1328 2866 supra
1350 2832 1412 2865 132
1429 2822 1475 2863 c.)
1572 2823 1605 2856 8.
1624 2823 1677 2856 ἐκ·

88 2869 216 2913 δρομὴν
236 2869 310 2902 B.c.
331 2867 438 2902 Cord.
458 2868 641 2912 εἰσδρομὴν
659 2868 726 2903 Ed.
867 2880 919 2902 10.
946 2869 1194 2912 παρατεθείσης
1214 2868 1255 2902 Β.
1277 2868 1394 2902 Holst.
1414 2869 1563 2902 correxit
1582 2869 1677 2903 Aub.

92 2927 145 2951 11.
170 2917 209 2950 τὸ
228 2922 450 2959 assumptum
469 2927 510 2948 ex
532 2915 572 2949 B.
721 2927 772 2960 19.
800 2914 925 2960 ἐκεῖνα]
946 2918 1051 2949 ταῦτα
1069 2927 1100 2950 a.
1247 2925 1302 2956 24.
1329 2916 1435 2960 ἑαυτῷ
1453 2927 1483 2949 a.
1501 2915 1590 2962 αὑτῷ
1610 2915 1677 2950 Ed.

90 2962 146 2997 26.
173 2965 271 2996 τοῦτο
290 2968 512 3006 assumptum
530 2973 571 2995 ex
590 2973 620 2995 a.
767 2973 822 3006 29.
848 2962 1109 3006 ἀπεπτυσμένον
1128 2961 1170 2996 Β.
1188 2961 1446 3006 ἀπεπτασμένος
1465 2961 1533 2997 Ed.
