<?xml version="1.0" encoding="UTF-8"?>
<!DOCTYPE html PUBLIC "-//W3C//DTD XHTML 1.0 Transitional//EN"
    "http://www.w3.org/TR/xhtml1/DTD/xhtml1-transitional.dtd">
<html xmlns="http://www.w3.org/1999/xhtml" xml:lang="en" lang="en">
 <head>
  <title>
</title>
<meta http-equiv="Content-Type" content="text/html;charset=utf-8" />
  <meta name='ocr-system' content='tesseract 3.04.00' />
  <meta name='ocr-capabilities' content='ocr_page ocr_carea ocr_par ocr_line ocrx_word'/>
</head>
<body>
  <div class='ocr_page' id='page_1' title='image "./operacyrilli03cyriuoft/operacyrilli03cyriuoft_0332.png"; bbox 0 0 2084 3317; ppageno 0'>
   <div class='ocr_carea' id='block_1_1' title="bbox 325 171 1910 227">
    <p class='ocr_par' dir='ltr' id='par_1_1' title="bbox 325 171 1910 227">
     <span class='ocr_line' id='line_1_1' title="bbox 325 171 1910 227; baseline -0.004 -9"><span class='ocrx_word' id='word_1_1' title='bbox 325 178 409 218; x_wconf 81' lang='lat'>272</span> <span class='ocrx_word' id='word_1_2' title='bbox 726 178 776 218; x_wconf 92' lang='lat' dir='ltr'>B.</span> <span class='ocrx_word' id='word_1_3' title='bbox 810 176 1087 218; x_wconf 88' lang='lat' dir='ltr'>CYRILLI</span> <span class='ocrx_word' id='word_1_4' title='bbox 1129 175 1508 217; x_wconf 82' lang='lat' dir='ltr'><strong>ALEXANDR.</strong></span> <span class='ocrx_word' id='word_1_5' title='bbox 1681 173 1736 214; x_wconf 87' lang='lat' dir='ltr'>iv.</span> <span class='ocrx_word' id='word_1_6' title='bbox 1760 183 1826 227; x_wconf 86' lang='lat'>15,</span> <span class='ocrx_word' id='word_1_7' title='bbox 1846 171 1910 212; x_wconf 91' lang='lat'>16.</span> 
     </span>
    </p>
   </div>
   <div class='ocr_carea' id='block_1_2' title="bbox 102 278 1956 757">
    <p class='ocr_par' dir='ltr' id='par_1_2' title="bbox 324 278 1913 593">
     <span class='ocr_line' id='line_1_2' title="bbox 324 278 1912 354; baseline -0.004 -18"><span class='ocrx_word' id='word_1_8' title='bbox 324 285 493 354; x_wconf 76' lang='grc' dir='ltr'>ῥᾳδίως</span> <span class='ocrx_word' id='word_1_9' title='bbox 527 290 833 350; x_wconf 82' lang='grc' dir='ltr'>παρακαλεῖν,</span> <span class='ocrx_word' id='word_1_10' title='bbox 859 284 967 339; x_wconf 74' lang='grc' dir='ltr'>τοὺς</span> <span class='ocrx_word' id='word_1_11' title='bbox 1003 284 1171 350; x_wconf 73' lang='grc' dir='ltr'>οἷσπερ</span> <span class='ocrx_word' id='word_1_12' title='bbox 1209 284 1265 334; x_wconf 73' lang='grc' dir='ltr'>ἂν</span> <span class='ocrx_word' id='word_1_13' title='bbox 1292 283 1472 349; x_wconf 83' lang='grc' dir='ltr'>γένοιτο</span> <span class='ocrx_word' id='word_1_14' title='bbox 1507 284 1655 349; x_wconf 83' lang='grc' dir='ltr'>διψῆν</span> <span class='ocrx_word' id='word_1_15' title='bbox 1681 280 1764 332; x_wconf 82' lang='grc' dir='ltr'>τὸν</span> <span class='ocrx_word' id='word_1_16' title='bbox 1790 278 1912 330; x_wconf 89' lang='grc' dir='ltr'>θεῖόν</span> 
     </span>
     <span class='ocr_line' id='line_1_3' title="bbox 325 360 1913 432; baseline -0.004 -15"><span class='ocrx_word' id='word_1_17' title='bbox 325 390 375 418; x_wconf 92' lang='grc' dir='ltr'>τε</span> <span class='ocrx_word' id='word_1_18' title='bbox 412 369 487 417; x_wconf 83' lang='grc' dir='ltr'>καὶ</span> <span class='ocrx_word' id='word_1_19' title='bbox 522 366 735 432; x_wconf 78' lang='grc' dir='ltr'>οὐράνιον</span> <span class='ocrx_word' id='word_1_20' title='bbox 760 366 922 431; x_wconf 87' lang='grc' dir='ltr'>λόγον,</span> <span class='ocrx_word' id='word_1_21' title='bbox 949 367 1103 417; x_wconf 83' lang='grc' dir='ltr'>ὁποῖοί</span> <span class='ocrx_word' id='word_1_22' title='bbox 1135 389 1254 419; x_wconf 89' lang='grc' dir='ltr'>τινες</span> <span class='ocrx_word' id='word_1_23' title='bbox 1288 365 1413 429; x_wconf 76' lang='grc' dir='ltr'>ἦσαν</span> <span class='ocrx_word' id='word_1_24' title='bbox 1440 364 1558 415; x_wconf 81' lang='grc' dir='ltr'>κατὰ</span> <span class='ocrx_word' id='word_1_25' title='bbox 1592 362 1675 414; x_wconf 80' lang='grc' dir='ltr'>τὸν</span> <span class='ocrx_word' id='word_1_26' title='bbox 1699 360 1913 427; x_wconf 87' lang='grc' dir='ltr'>παρόντα</span> 
     </span>
     <span class='ocr_line' id='line_1_4' title="bbox 326 443 1913 513; baseline -0.004 -15"><span class='ocrx_word' id='word_1_27' title='bbox 326 449 433 509; x_wconf 80' lang='grc' dir='ltr'>βίον</span> <span class='ocrx_word' id='word_1_28' title='bbox 463 449 538 498; x_wconf 78' lang='grc' dir='ltr'>καὶ</span> <span class='ocrx_word' id='word_1_29' title='bbox 578 450 651 499; x_wconf 78' lang='grc' dir='ltr'>ἐπὶ</span> <span class='ocrx_word' id='word_1_30' title='bbox 690 450 777 513; x_wconf 84' lang='grc' dir='ltr'>γῆς</span> <span class='ocrx_word' id='word_1_31' title='bbox 815 447 879 498; x_wconf 74' lang='grc' dir='ltr'>ἔτι</span> <span class='ocrx_word' id='word_1_32' title='bbox 917 446 1288 510; x_wconf 84' lang='grc' dir='ltr'>πολιτευόμενοι,</span> <span class='ocrx_word' id='word_1_33' title='bbox 1320 444 1446 511; x_wconf 83' lang='grc' dir='ltr'>ἅγιοί</span> <span class='ocrx_word' id='word_1_34' title='bbox 1477 468 1526 496; x_wconf 89' lang='grc' dir='ltr'>τε</span> <span class='ocrx_word' id='word_1_35' title='bbox 1559 447 1802 512; x_wconf 82' lang='grc' dir='ltr'>προφῆται</span> <span class='ocrx_word' id='word_1_36' title='bbox 1837 443 1913 492; x_wconf 80' lang='grc' dir='ltr'>καὶ</span> 
     </span>
     <span class='ocr_line' id='line_1_5' title="bbox 327 525 1913 593; baseline -0.004 -13"><span class='ocrx_word' id='word_1_37' title='bbox 327 527 608 591; x_wconf 80' lang='grc' dir='ltr'>ἀπόστολοι,</span> <span class='ocrx_word' id='word_1_38' title='bbox 636 532 710 579; x_wconf 78' lang='grc' dir='ltr'>καὶ</span> <span class='ocrx_word' id='word_1_39' title='bbox 746 532 789 579; x_wconf 77' lang='grc' dir='ltr'>οἱ</span> <span class='ocrx_word' id='word_1_40' title='bbox 824 531 907 592; x_wconf 84' lang='grc' dir='ltr'>τῆς</span> <span class='ocrx_word' id='word_1_41' title='bbox 941 529 1125 579; x_wconf 83' lang='grc' dir='ltr'>ἐκείνων</span> <span class='ocrx_word' id='word_1_42' title='bbox 1156 526 1441 593; x_wconf 87' lang='grc' dir='ltr'>κληρονόμοι</span> <span class='ocrx_word' id='word_1_43' title='bbox 1477 526 1781 591; x_wconf 82' lang='grc' dir='ltr'>λειτουργίας,</span> <span class='ocrx_word' id='word_1_44' title='bbox 1807 525 1913 589; x_wconf 80' lang='grc' dir='ltr'>περὶ</span> 
     </span>
    </p>

    <p class='ocr_par' dir='ltr' id='par_1_3' title="bbox 102 606 1956 757">
     <span class='ocr_line' id='line_1_6' title="bbox 102 606 1956 676; baseline -0.004 -16"><span class='ocrx_word' id='word_1_45' title='bbox 102 618 266 659; x_wconf 78' lang='lat' dir='ltr'>Es.xii.3.</span> <span class='ocrx_word' id='word_1_46' title='bbox 327 609 391 660; x_wconf 78' lang='grc' dir='ltr'>ὧν</span> <span class='ocrx_word' id='word_1_47' title='bbox 429 611 690 676; x_wconf 77' lang='grc' dir='ltr'>γέγραπται</span> <span class='ocrx_word' id='word_1_48' title='bbox 730 617 756 639; x_wconf 88' lang='grc'><strong>“</strong></span> <span class='ocrx_word' id='word_1_49' title='bbox 781 612 873 660; x_wconf 85' lang='grc' dir='ltr'>Καὶ</span> <span class='ocrx_word' id='word_1_50' title='bbox 913 608 1184 673; x_wconf 86' lang='grc' dir='ltr'>ἀντλήσατε</span> <span class='ocrx_word' id='word_1_51' title='bbox 1223 611 1347 674; x_wconf 81' lang='grc' dir='ltr'>ὕδωρ</span> <span class='ocrx_word' id='word_1_52' title='bbox 1387 609 1484 672; x_wconf 87' lang='grc' dir='ltr'>μετ’</span> <span class='ocrx_word' id='word_1_53' title='bbox 1526 606 1823 676; x_wconf 81' lang='grc' dir='ltr'>εὐφροσύνης</span> <span class='ocrx_word' id='word_1_54' title='bbox 1864 606 1913 655; x_wconf 84' lang='grc' dir='ltr'>ἐκ</span> <span class='ocrx_word' id='word_1_55' title='bbox 1934 615 1956 653; x_wconf 88' lang='grc'>5</span> 
     </span>
     <span class='ocr_line' id='line_1_7' title="bbox 326 692 1085 757; baseline 0 -15"><span class='ocrx_word' id='word_1_56' title='bbox 326 698 354 720; x_wconf 85' lang='grc'><strong>“</strong></span> <span class='ocrx_word' id='word_1_57' title='bbox 379 696 473 742; x_wconf 88' lang='grc' dir='ltr'>τῶν</span> <span class='ocrx_word' id='word_1_58' title='bbox 498 696 666 757; x_wconf 81' lang='grc' dir='ltr'>πηγῶν</span> <span class='ocrx_word' id='word_1_59' title='bbox 693 697 775 742; x_wconf 92' lang='grc' dir='ltr'>τοῦ</span> <span class='ocrx_word' id='word_1_60' title='bbox 805 692 1085 757; x_wconf 87' lang='grc' dir='ltr'>σωτηρίου.”</span> 
     </span>
    </p>
   </div>
   <div class='ocr_carea' id='block_1_3' title="bbox 357 863 1881 924">
    <p class='ocr_par' dir='ltr' id='par_1_4' title="bbox 357 863 1881 924">
     <span class='ocr_line' id='line_1_8' title="bbox 357 863 1881 924; baseline -0.003 -16"><span class='ocrx_word' id='word_1_61' title='bbox 357 867 442 909; x_wconf 72' lang='grc' dir='ltr'>Δός</span> <span class='ocrx_word' id='word_1_62' title='bbox 479 882 550 916; x_wconf 82' lang='grc' dir='ltr'>μοι</span> <span class='ocrx_word' id='word_1_63' title='bbox 587 870 709 909; x_wconf 83' lang='grc' dir='ltr'>τοῦτο</span> <span class='ocrx_word' id='word_1_64' title='bbox 745 866 793 910; x_wconf 87' lang='grc' dir='ltr'>τὸ</span> <span class='ocrx_word' id='word_1_65' title='bbox 831 866 961 924; x_wconf 73' lang='grc' dir='ltr'>ὕδωρ,</span> <span class='ocrx_word' id='word_1_66' title='bbox 998 867 1067 909; x_wconf 81' lang='grc' dir='ltr'>ἵνα</span> <span class='ocrx_word' id='word_1_67' title='bbox 1105 867 1161 916; x_wconf 56' lang='grc' dir='ltr'>μή</span> <span class='ocrx_word' id='word_1_68' title='bbox 1201 867 1317 918; x_wconf 77' lang='grc' dir='ltr'>διψῶ</span> <span class='ocrx_word' id='word_1_69' title='bbox 1354 866 1461 916; x_wconf 53' lang='lat' dir='ltr'>wib&amp;</span> <span class='ocrx_word' id='word_1_70' title='bbox 1499 865 1690 923; x_wconf 80' lang='grc' dir='ltr'>ἔρχωμαι</span> <span class='ocrx_word' id='word_1_71' title='bbox 1728 863 1881 905; x_wconf 74' lang='grc' dir='ltr'>ἐνθάδε</span> 
     </span>
    </p>
   </div>
   <div class='ocr_carea' id='block_1_4' title="bbox 261 959 1504 1019">
    <p class='ocr_par' dir='ltr' id='par_1_5' title="bbox 261 959 1504 1019">
     <span class='ocr_line' id='line_1_9' title="bbox 261 959 1504 1019; baseline 0 -15"><span class='ocrx_word' id='word_1_72' title='bbox 261 961 306 996; x_wconf 85' lang='lat'>16</span> <span class='ocrx_word' id='word_1_73' title='bbox 738 959 923 1003; x_wconf 81' lang='grc' dir='ltr'>ἀντλεῖν.</span> <span class='ocrx_word' id='word_1_74' title='bbox 984 962 1096 1009; x_wconf 75' lang='grc' dir='ltr'>λέΓε-ῑι</span> <span class='ocrx_word' id='word_1_75' title='bbox 1135 961 1241 1019; x_wconf 56' lang='grc' dir='ltr'>αὐτῇ</span> <span class='ocrx_word' id='word_1_76' title='bbox 1279 961 1504 1004; x_wconf 72' lang='grc' dir='ltr'>ὀἸΗσοῦε.</span> 
     </span>
    </p>
   </div>
   <div class='ocr_carea' id='block_1_5' title="bbox 102 1077 1987 1555">
    <p class='ocr_par' dir='ltr' id='par_1_6' title="bbox 102 1077 1987 1555">
     <span class='ocr_line' id='line_1_10' title="bbox 102 1077 1915 1148; baseline 0 -19"><span class='ocrx_word' id='word_1_77' title='bbox 102 1095 182 1130; x_wconf 85' lang='grc'>183</span> <span class='ocrx_word' id='word_1_78' title='bbox 196 1094 248 1129; x_wconf 87' lang='grc' dir='ltr'>Α.</span> <span class='ocrx_word' id='word_1_79' title='bbox 287 1104 310 1129; x_wconf 85' lang='lat' dir='ltr'>a</span> <span class='ocrx_word' id='word_1_80' title='bbox 403 1077 547 1130; x_wconf 88' lang='grc' dir='ltr'>Μόνα</span> <span class='ocrx_word' id='word_1_81' title='bbox 572 1078 720 1131; x_wconf 80' lang='grc' dir='ltr'>πάλιν</span> <span class='ocrx_word' id='word_1_82' title='bbox 743 1078 802 1130; x_wconf 77' lang='grc' dir='ltr'>τὰ</span> <span class='ocrx_word' id='word_1_83' title='bbox 826 1080 1010 1145; x_wconf 85' lang='grc' dir='ltr'>συνήθη</span> <span class='ocrx_word' id='word_1_84' title='bbox 1037 1082 1113 1130; x_wconf 78' lang='grc' dir='ltr'>καὶ</span> <span class='ocrx_word' id='word_1_85' title='bbox 1139 1085 1284 1131; x_wconf 91' lang='grc' dir='ltr'>λαλεῖ</span> <span class='ocrx_word' id='word_1_86' title='bbox 1306 1082 1381 1130; x_wconf 75' lang='grc' dir='ltr'>καὶ</span> <span class='ocrx_word' id='word_1_87' title='bbox 1406 1078 1701 1148; x_wconf 71' lang='grc' dir='ltr'>φαντάζεται,</span> <span class='ocrx_word' id='word_1_88' title='bbox 1722 1079 1915 1143; x_wconf 78' lang='grc' dir='ltr'>συνίησι</span> 
     </span>
     <span class='ocr_line' id='line_1_11' title="bbox 327 1159 1987 1231; baseline 0 -20"><span class='ocrx_word' id='word_1_89' title='bbox 327 1159 377 1211; x_wconf 77' lang='grc' dir='ltr'>δὲ</span> <span class='ocrx_word' id='word_1_90' title='bbox 417 1161 539 1214; x_wconf 78' lang='grc' dir='ltr'>ὅλως</span> <span class='ocrx_word' id='word_1_91' title='bbox 579 1166 671 1211; x_wconf 89' lang='grc' dir='ltr'>τῶν</span> <span class='ocrx_word' id='word_1_92' title='bbox 704 1162 974 1227; x_wconf 86' lang='grc' dir='ltr'>λεγομένων</span> <span class='ocrx_word' id='word_1_93' title='bbox 1007 1162 1151 1213; x_wconf 79' lang='grc' dir='ltr'>οὐδέν·</span> <span class='ocrx_word' id='word_1_94' title='bbox 1192 1164 1240 1212; x_wconf 86' lang='grc' dir='ltr'>ἐν</span> <span class='ocrx_word' id='word_1_95' title='bbox 1267 1161 1316 1212; x_wconf 78' lang='grc' dir='ltr'>δὲ</span> <span class='ocrx_word' id='word_1_96' title='bbox 1350 1165 1417 1231; x_wconf 77' lang='grc' dir='ltr'>τῷ</span> <span class='ocrx_word' id='word_1_97' title='bbox 1449 1165 1627 1226; x_wconf 81' lang='grc' dir='ltr'>μικρῶν</span> <span class='ocrx_word' id='word_1_98' title='bbox 1657 1159 1909 1212; x_wconf 78' lang='grc' dir='ltr'>ἀπαλλάτ-</span> <span class='ocrx_word' id='word_1_99' title='bbox 1938 1178 1987 1203; x_wconf 90' lang='lat'>10</span> 
     </span>
     <span class='ocr_line' id='line_1_12' title="bbox 326 1240 1916 1312; baseline 0 -19"><span class='ocrx_word' id='word_1_100' title='bbox 326 1248 494 1294; x_wconf 90' lang='grc' dir='ltr'>τεσθαι</span> <span class='ocrx_word' id='word_1_101' title='bbox 537 1242 710 1306; x_wconf 88' lang='grc' dir='ltr'>πόνων,</span> <span class='ocrx_word' id='word_1_102' title='bbox 751 1244 869 1309; x_wconf 78' lang='grc' dir='ltr'>ὅλην</span> <span class='ocrx_word' id='word_1_103' title='bbox 915 1243 1036 1312; x_wconf 77' lang='grc' dir='ltr'>ἕξειν</span> <span class='ocrx_word' id='word_1_104' title='bbox 1082 1243 1222 1294; x_wconf 72' lang='grc' dir='ltr'>οἴεται</span> <span class='ocrx_word' id='word_1_105' title='bbox 1265 1249 1349 1294; x_wconf 87' lang='grc' dir='ltr'>τοῦ</span> <span class='ocrx_word' id='word_1_106' title='bbox 1394 1245 1613 1308; x_wconf 75' lang='grc' dir='ltr'>Σωτῆρος</span> <span class='ocrx_word' id='word_1_107' title='bbox 1656 1243 1788 1306; x_wconf 84' lang='grc' dir='ltr'>ἡμῶν</span> <span class='ocrx_word' id='word_1_108' title='bbox 1829 1240 1916 1306; x_wconf 85' lang='grc' dir='ltr'>τὴν</span> 
     </span>
     <span class='ocr_line' id='line_1_13' title="bbox 327 1323 1916 1393; baseline 0.002 -19"><span class='ocrx_word' id='word_1_109' title='bbox 327 1325 615 1392; x_wconf 86' lang='grc' dir='ltr'>φιλοτιμίαν,</span> <span class='ocrx_word' id='word_1_110' title='bbox 652 1328 727 1376; x_wconf 74' lang='grc' dir='ltr'>καὶ</span> <span class='ocrx_word' id='word_1_111' title='bbox 766 1328 815 1376; x_wconf 87' lang='grc' dir='ltr'>ἐν</span> <span class='ocrx_word' id='word_1_112' title='bbox 846 1328 912 1393; x_wconf 78' lang='grc' dir='ltr'>τῷ</span> <span class='ocrx_word' id='word_1_113' title='bbox 951 1326 1113 1389; x_wconf 83' lang='grc' dir='ltr'>μηκέτι</span> <span class='ocrx_word' id='word_1_114' title='bbox 1151 1328 1312 1393; x_wconf 82' lang='grc' dir='ltr'>διψῆν,</span> <span class='ocrx_word' id='word_1_115' title='bbox 1337 1328 1419 1389; x_wconf 83' lang='grc' dir='ltr'>τῆς</span> <span class='ocrx_word' id='word_1_116' title='bbox 1456 1330 1538 1375; x_wconf 87' lang='grc' dir='ltr'>τοῦ</span> <span class='ocrx_word' id='word_1_117' title='bbox 1570 1328 1693 1375; x_wconf 79' lang='grc' dir='ltr'>Θεοῦ</span> <span class='ocrx_word' id='word_1_118' title='bbox 1727 1323 1916 1391; x_wconf 81' lang='grc' dir='ltr'>χάριτος</span> 
     </span>
     <span class='ocr_line' id='line_1_14' title="bbox 326 1405 1916 1476; baseline 0 -20"><span class='ocrx_word' id='word_1_119' title='bbox 326 1406 463 1473; x_wconf 70' lang='grc' dir='ltr'>ὁρίζει</span> <span class='ocrx_word' id='word_1_120' title='bbox 500 1405 553 1457; x_wconf 80' lang='grc' dir='ltr'>τὸ</span> <span class='ocrx_word' id='word_1_121' title='bbox 588 1406 774 1474; x_wconf 78' lang='grc' dir='ltr'>μέτρον,</span> <span class='ocrx_word' id='word_1_122' title='bbox 804 1408 906 1458; x_wconf 83' lang='grc' dir='ltr'>οὐδ’</span> <span class='ocrx_word' id='word_1_123' title='bbox 937 1406 1052 1458; x_wconf 78' lang='grc' dir='ltr'>ὅσον</span> <span class='ocrx_word' id='word_1_124' title='bbox 1084 1409 1132 1458; x_wconf 84' lang='grc' dir='ltr'>ἐν</span> <span class='ocrx_word' id='word_1_125' title='bbox 1165 1407 1357 1461; x_wconf 79' lang='grc' dir='ltr'>ἐννοίαις</span> <span class='ocrx_word' id='word_1_126' title='bbox 1392 1410 1561 1476; x_wconf 88' lang='grc' dir='ltr'>ψιλαῖς</span> <span class='ocrx_word' id='word_1_127' title='bbox 1598 1406 1821 1474; x_wconf 78' lang='grc' dir='ltr'>δεχομένη</span> <span class='ocrx_word' id='word_1_128' title='bbox 1856 1405 1916 1456; x_wconf 80' lang='grc' dir='ltr'>τὰ</span> 
     </span>
     <span class='ocr_line' id='line_1_15' title="bbox 328 1489 646 1555; baseline 0.003 -17"><span class='ocrx_word' id='word_1_129' title='bbox 328 1489 646 1555; x_wconf 87' lang='grc' dir='ltr'>ὑπερκείμενα.</span> 
     </span>
    </p>
   </div>
   <div class='ocr_carea' id='block_1_6' title="bbox 488 1642 1986 1702">
    <p class='ocr_par' dir='ltr' id='par_1_7' title="bbox 488 1642 1986 1702">
     <span class='ocr_line' id='line_1_16' title="bbox 488 1642 1986 1702; baseline 0.001 -18"><span class='ocrx_word' id='word_1_130' title='bbox 488 1642 654 1691; x_wconf 75' lang='grc' dir='ltr'>’ΎΠοΓε</span> <span class='ocrx_word' id='word_1_131' title='bbox 692 1642 897 1699; x_wconf 78' lang='grc' dir='ltr'>φώνΗσον</span> <span class='ocrx_word' id='word_1_132' title='bbox 935 1643 1008 1687; x_wconf 87' lang='grc' dir='ltr'>τὸν</span> <span class='ocrx_word' id='word_1_133' title='bbox 1047 1643 1182 1702; x_wconf 73' lang='grc' dir='ltr'>ἄνδρα</span> <span class='ocrx_word' id='word_1_134' title='bbox 1222 1659 1295 1686; x_wconf 85' lang='grc' dir='ltr'>σου</span> <span class='ocrx_word' id='word_1_135' title='bbox 1335 1644 1404 1685; x_wconf 75' lang='grc' dir='ltr'>καὶ</span> <span class='ocrx_word' id='word_1_136' title='bbox 1440 1643 1540 1686; x_wconf 77' lang='grc' dir='ltr'>ἐλθὲ</span> <span class='ocrx_word' id='word_1_137' title='bbox 1577 1642 1743 1685; x_wconf 76' lang='grc' dir='ltr'>ἐνθάδε.</span> <span class='ocrx_word' id='word_1_138' title='bbox 1860 1672 1863 1675; x_wconf 10' lang='grc' dir='ltr'><strong>ᾗ</strong></span> <span class='ocrx_word' id='word_1_139' title='bbox 1940 1658 1986 1696; x_wconf 90' lang='lat'>15</span> 
     </span>
    </p>
   </div>
   <div class='ocr_carea' id='block_1_7' title="bbox 283 1759 1989 2570">
    <p class='ocr_par' dir='ltr' id='par_1_8' title="bbox 283 1759 1989 2570">
     <span class='ocr_line' id='line_1_17' title="bbox 394 1759 1923 1832; baseline -0.001 -19"><span class='ocrx_word' id='word_1_140' title='bbox 394 1759 496 1813; x_wconf 66' lang='grc' dir='ltr'>ςΗν</span> <span class='ocrx_word' id='word_1_141' title='bbox 523 1763 615 1829; x_wconf 75' lang='grc' dir='ltr'>ἄρα</span> <span class='ocrx_word' id='word_1_142' title='bbox 641 1768 800 1817; x_wconf 89' lang='grc' dir='ltr'>καλῶς</span> <span class='ocrx_word' id='word_1_143' title='bbox 823 1786 871 1814; x_wconf 92' lang='grc' dir='ltr'>τε</span> <span class='ocrx_word' id='word_1_144' title='bbox 899 1766 974 1814; x_wconf 73' lang='grc' dir='ltr'>καὶ</span> <span class='ocrx_word' id='word_1_145' title='bbox 1001 1765 1084 1814; x_wconf 82' lang='grc' dir='ltr'>οὐκ</span> <span class='ocrx_word' id='word_1_146' title='bbox 1111 1762 1415 1832; x_wconf 79' lang='grc' dir='ltr'>ἐψευσμένως</span> <span class='ocrx_word' id='word_1_147' title='bbox 1447 1767 1602 1825; x_wconf 81' lang='grc' dir='ltr'>εἰπεῖν,</span> <span class='ocrx_word' id='word_1_148' title='bbox 1630 1761 1700 1813; x_wconf 77' lang='grc' dir='ltr'>ὅτι</span> <span class='ocrx_word' id='word_1_149' title='bbox 1735 1761 1923 1826; x_wconf 85' lang='grc' dir='ltr'>θήλειαί</span> 
     </span>
     <span class='ocr_line' id='line_1_18' title="bbox 283 1844 1920 1914; baseline 0 -19"><span class='ocrx_word' id='word_1_150' title='bbox 283 1858 428 1899; x_wconf 61' lang='grc' dir='ltr'>ὴπως</span> <span class='ocrx_word' id='word_1_151' title='bbox 471 1847 564 1895; x_wconf 79' lang='grc' dir='ltr'>εἶσὶ</span> <span class='ocrx_word' id='word_1_152' title='bbox 603 1849 804 1908; x_wconf 81' lang='grc' dir='ltr'>θηλειῶν</span> <span class='ocrx_word' id='word_1_153' title='bbox 842 1849 890 1896; x_wconf 80' lang='grc' dir='ltr'>αὶ</span> <span class='ocrx_word' id='word_1_154' title='bbox 930 1846 1108 1913; x_wconf 87' lang='grc' dir='ltr'>φρένες,</span> <span class='ocrx_word' id='word_1_155' title='bbox 1148 1848 1223 1896; x_wconf 75' lang='grc' dir='ltr'>καὶ</span> <span class='ocrx_word' id='word_1_156' title='bbox 1261 1845 1476 1909; x_wconf 77' lang='grc' dir='ltr'>μαλακὸς</span> <span class='ocrx_word' id='word_1_157' title='bbox 1521 1844 1769 1914; x_wconf 73' lang='grc' dir='ltr'>ἐνῴκισται</span> <span class='ocrx_word' id='word_1_158' title='bbox 1814 1850 1920 1899; x_wconf 88' lang='grc' dir='ltr'>νοῦς</span> 
     </span>
     <span class='ocr_line' id='line_1_19' title="bbox 328 1927 1914 1995; baseline 0.001 -19"><span class='ocrx_word' id='word_1_159' title='bbox 328 1927 562 1995; x_wconf 75' lang='grc' dir='ltr'>γυναιξὶν,</span> <span class='ocrx_word' id='word_1_160' title='bbox 588 1927 848 1989; x_wconf 80' lang='grc' dir='ltr'>οὐδαμόθεν</span> <span class='ocrx_word' id='word_1_161' title='bbox 883 1928 1003 1994; x_wconf 76' lang='grc' dir='ltr'>ἔχων</span> <span class='ocrx_word' id='word_1_162' title='bbox 1034 1927 1088 1978; x_wconf 79' lang='grc' dir='ltr'>τὸ</span> <span class='ocrx_word' id='word_1_163' title='bbox 1124 1928 1361 1978; x_wconf 82' lang='grc' dir='ltr'>δύνασθαί</span> <span class='ocrx_word' id='word_1_164' title='bbox 1390 1951 1434 1979; x_wconf 90' lang='grc' dir='ltr'>τι</span> <span class='ocrx_word' id='word_1_165' title='bbox 1469 1927 1676 1978; x_wconf 81' lang='grc' dir='ltr'>συνιέναι</span> <span class='ocrx_word' id='word_1_166' title='bbox 1711 1931 1914 1992; x_wconf 89' lang='grc' dir='ltr'>γοργῶς·</span> 
     </span>
     <span class='ocr_line' id='line_1_20' title="bbox 329 2007 1919 2078; baseline 0.002 -20"><span class='ocrx_word' id='word_1_167' title='bbox 329 2008 652 2075; x_wconf 83' lang='grc' dir='ltr'>εὐμαθεστέρα</span> <span class='ocrx_word' id='word_1_168' title='bbox 692 2009 747 2059; x_wconf 81' lang='grc' dir='ltr'>δέ</span> <span class='ocrx_word' id='word_1_169' title='bbox 777 2032 878 2063; x_wconf 83' lang='grc' dir='ltr'>πως</span> <span class='ocrx_word' id='word_1_170' title='bbox 912 2009 940 2073; x_wconf 79' lang='grc' dir='ltr'>ἡ</span> <span class='ocrx_word' id='word_1_171' title='bbox 977 2011 1160 2075; x_wconf 84' lang='grc' dir='ltr'>ἀνδρῶν</span> <span class='ocrx_word' id='word_1_172' title='bbox 1193 2011 1296 2060; x_wconf 85' lang='grc' dir='ltr'>ἐστι</span> <span class='ocrx_word' id='word_1_173' title='bbox 1331 2009 1491 2078; x_wconf 87' lang='grc' dir='ltr'>φύσις,</span> <span class='ocrx_word' id='word_1_174' title='bbox 1522 2011 1596 2060; x_wconf 77' lang='grc' dir='ltr'>καὶ</span> <span class='ocrx_word' id='word_1_175' title='bbox 1636 2007 1762 2060; x_wconf 77' lang='grc' dir='ltr'>πολὺ</span> <span class='ocrx_word' id='word_1_176' title='bbox 1800 2007 1919 2074; x_wconf 82' lang='grc' dir='ltr'>πρὸς</span> 
     </span>
     <span class='ocr_line' id='line_1_21' title="bbox 328 2090 1989 2160; baseline 0.001 -19"><span class='ocrx_word' id='word_1_177' title='bbox 328 2092 503 2156; x_wconf 84' lang='grc' dir='ltr'>λόγους</span> <span class='ocrx_word' id='word_1_178' title='bbox 549 2090 832 2157; x_wconf 85' lang='grc' dir='ltr'>ἑτοιμοτέρα,</span> <span class='ocrx_word' id='word_1_179' title='bbox 872 2090 1230 2157; x_wconf 85' lang='grc' dir='ltr'>διεγηγερμένον</span> <span class='ocrx_word' id='word_1_180' title='bbox 1268 2095 1330 2145; x_wconf 81' lang='grc' dir='ltr'>εἷς</span> <span class='ocrx_word' id='word_1_181' title='bbox 1376 2094 1521 2160; x_wconf 83' lang='grc' dir='ltr'>νῆψιν</span> <span class='ocrx_word' id='word_1_182' title='bbox 1559 2092 1635 2141; x_wconf 76' lang='grc' dir='ltr'>καὶ</span> <span class='ocrx_word' id='word_1_183' title='bbox 1679 2091 1732 2141; x_wconf 83' lang='grc' dir='ltr'>ἵν’</span> <span class='ocrx_word' id='word_1_184' title='bbox 1774 2091 1918 2143; x_wconf 80' lang='grc' dir='ltr'>οὕτως</span> <span class='ocrx_word' id='word_1_185' title='bbox 1940 2112 1989 2137; x_wconf 86' lang='lat'>20</span> 
     </span>
     <span class='ocr_line' id='line_1_22' title="bbox 329 2170 1920 2240; baseline -0.001 -16"><span class='ocrx_word' id='word_1_186' title='bbox 329 2172 443 2224; x_wconf 87' lang='grc' dir='ltr'>ε’ίπω</span> <span class='ocrx_word' id='word_1_187' title='bbox 483 2173 655 2238; x_wconf 86' lang='grc' dir='ltr'>θερμόν</span> <span class='ocrx_word' id='word_1_188' title='bbox 691 2195 739 2223; x_wconf 90' lang='grc' dir='ltr'>τε</span> <span class='ocrx_word' id='word_1_189' title='bbox 779 2175 854 2223; x_wconf 77' lang='grc' dir='ltr'>καὶ</span> <span class='ocrx_word' id='word_1_190' title='bbox 896 2172 1291 2239; x_wconf 84' lang='grc' dir='ltr'>ἀπηρσενωμένον</span> <span class='ocrx_word' id='word_1_191' title='bbox 1329 2172 1506 2240; x_wconf 73' lang='grc' dir='ltr'>ἔχουσα</span> <span class='ocrx_word' id='word_1_192' title='bbox 1544 2170 1626 2223; x_wconf 81' lang='grc' dir='ltr'>τὸν</span> <span class='ocrx_word' id='word_1_193' title='bbox 1665 2177 1788 2223; x_wconf 88' lang='grc' dir='ltr'>νοῦν.</span> <span class='ocrx_word' id='word_1_194' title='bbox 1844 2170 1920 2222; x_wconf 81' lang='grc' dir='ltr'>διὰ</span> 
     </span>
     <span class='ocr_line' id='line_1_23' title="bbox 329 2251 1916 2323; baseline -0.001 -18"><span class='ocrx_word' id='word_1_195' title='bbox 329 2254 505 2318; x_wconf 83' lang='grc' dir='ltr'>ταύτην</span> <span class='ocrx_word' id='word_1_196' title='bbox 531 2252 659 2317; x_wconf 77' lang='grc' dir='ltr'>οἶμαι</span> <span class='ocrx_word' id='word_1_197' title='bbox 685 2253 770 2318; x_wconf 86' lang='grc' dir='ltr'>τὴν</span> <span class='ocrx_word' id='word_1_198' title='bbox 797 2254 949 2305; x_wconf 79' lang='grc' dir='ltr'>αἰτίαν</span> <span class='ocrx_word' id='word_1_199' title='bbox 975 2253 1040 2306; x_wconf 61' lang='grc' dir='ltr'>τᾶν</span> <span class='ocrx_word' id='word_1_200' title='bbox 1065 2251 1199 2323; x_wconf 55' lang='grc' dir='ltr'>ἄνδρα</span> <span class='ocrx_word' id='word_1_201' title='bbox 1226 2260 1387 2304; x_wconf 82' lang='grc' dir='ltr'>καλεῖν</span> <span class='ocrx_word' id='word_1_202' title='bbox 1415 2258 1480 2322; x_wconf 75' lang='grc' dir='ltr'>τῷ</span> <span class='ocrx_word' id='word_1_203' title='bbox 1513 2254 1690 2323; x_wconf 79' lang='grc' dir='ltr'>γυναίῳ</span> <span class='ocrx_word' id='word_1_204' title='bbox 1715 2276 1916 2320; x_wconf 88' lang='grc' dir='ltr'>παρεκε-</span> 
     </span>
     <span class='ocr_line' id='line_1_24' title="bbox 331 2334 1921 2403; baseline 0 -17"><span class='ocrx_word' id='word_1_205' title='bbox 331 2336 493 2387; x_wconf 83' lang='grc' dir='ltr'>λεύετο</span> <span class='ocrx_word' id='word_1_206' title='bbox 532 2335 803 2401; x_wconf 86' lang='grc' dir='ltr'>λεληθότως</span> <span class='ocrx_word' id='word_1_207' title='bbox 842 2335 1066 2403; x_wconf 82' lang='grc' dir='ltr'>ἐλέγχων,</span> <span class='ocrx_word' id='word_1_208' title='bbox 1102 2338 1164 2390; x_wconf 86' lang='grc' dir='ltr'>ὡς</span> <span class='ocrx_word' id='word_1_209' title='bbox 1203 2336 1539 2400; x_wconf 83' lang='grc' dir='ltr'>ἀμαθεστάτην</span> <span class='ocrx_word' id='word_1_210' title='bbox 1576 2335 1661 2400; x_wconf 75' lang='grc' dir='ltr'>μὲν</span> <span class='ocrx_word' id='word_1_211' title='bbox 1699 2336 1796 2403; x_wconf 79' lang='grc' dir='ltr'>ε”χοι</span> <span class='ocrx_word' id='word_1_212' title='bbox 1835 2334 1921 2400; x_wconf 87' lang='grc' dir='ltr'>τὴν</span> 
     </span>
     <span class='ocr_line' id='line_1_25' title="bbox 332 2417 1928 2486; baseline -0.001 -17"><span class='ocrx_word' id='word_1_213' title='bbox 332 2420 541 2484; x_wconf 87' lang='grc' dir='ltr'>καρδίαν,</span> <span class='ocrx_word' id='word_1_214' title='bbox 571 2424 666 2471; x_wconf 87' lang='grc' dir='ltr'>τοῖς</span> <span class='ocrx_word' id='word_1_215' title='bbox 702 2417 748 2468; x_wconf 80' lang='grc' dir='ltr'>δὲ</span> <span class='ocrx_word' id='word_1_216' title='bbox 786 2421 847 2472; x_wconf 82' lang='grc' dir='ltr'>εἰς</span> <span class='ocrx_word' id='word_1_217' title='bbox 882 2418 1062 2486; x_wconf 85' lang='grc' dir='ltr'>σοφίαν</span> <span class='ocrx_word' id='word_1_218' title='bbox 1094 2418 1256 2484; x_wconf 89' lang='grc' dir='ltr'>λόγοις</span> <span class='ocrx_word' id='word_1_219' title='bbox 1290 2418 1693 2486; x_wconf 82' lang='grc' dir='ltr'>ἀμεταχείριστον,</span> <span class='ocrx_word' id='word_1_220' title='bbox 1719 2418 1837 2482; x_wconf 85' lang='grc' dir='ltr'>ὁμοῦ</span> <span class='ocrx_word' id='word_1_221' title='bbox 1872 2417 1928 2468; x_wconf 87' lang='grc' dir='ltr'>δέ</span> 
     </span>
     <span class='ocr_line' id='line_1_26' title="bbox 294 2499 1989 2570; baseline 0.001 -20"><span class='ocrx_word' id='word_1_222' title='bbox 294 2522 317 2549; x_wconf 85' lang='lat' dir='ltr'>c</span> <span class='ocrx_word' id='word_1_223' title='bbox 334 2524 377 2551; x_wconf 91' lang='grc' dir='ltr'>τι</span> <span class='ocrx_word' id='word_1_224' title='bbox 404 2502 478 2551; x_wconf 83' lang='grc' dir='ltr'>καὶ</span> <span class='ocrx_word' id='word_1_225' title='bbox 504 2500 660 2568; x_wconf 79' lang='grc' dir='ltr'>ἕτερον</span> <span class='ocrx_word' id='word_1_226' title='bbox 685 2502 760 2552; x_wconf 80' lang='grc' dir='ltr'>ἐπὶ</span> <span class='ocrx_word' id='word_1_227' title='bbox 785 2500 935 2570; x_wconf 77' lang='grc' dir='ltr'>τούτῳ</span> <span class='ocrx_word' id='word_1_228' title='bbox 962 2499 1229 2551; x_wconf 81' lang='grc' dir='ltr'>κάλλιστον</span> <span class='ocrx_word' id='word_1_229' title='bbox 1255 2504 1527 2565; x_wconf 78' lang='grc' dir='ltr'>οἰκονομῶν.</span> <span class='ocrx_word' id='word_1_230' title='bbox 1941 2511 1989 2551; x_wconf 83' lang='grc'>25</span> 
     </span>
    </p>
   </div>
   <div class='ocr_carea' id='block_1_8' title="bbox 332 2672 1922 2906">
    <p class='ocr_par' dir='ltr' id='par_1_9' title="bbox 332 2672 1922 2906">
     <span class='ocr_line' id='line_1_27' title="bbox 381 2672 1922 2719; baseline -0.001 -11"><span class='ocrx_word' id='word_1_231' title='bbox 381 2687 414 2717; x_wconf 92' lang='lat'>4.</span> <span class='ocrx_word' id='word_1_232' title='bbox 442 2673 661 2719; x_wconf 86' lang='grc' dir='ltr'>κληρονόμοι]</span> <span class='ocrx_word' id='word_1_233' title='bbox 680 2675 935 2716; x_wconf 81' lang='grc' dir='ltr'>πολιτευόμενοι</span> <span class='ocrx_word' id='word_1_234' title='bbox 954 2675 1157 2717; x_wconf 86' lang='grc' dir='ltr'>κληρονόμοι</span> <span class='ocrx_word' id='word_1_235' title='bbox 1176 2673 1219 2708; x_wconf 87' lang='grc' dir='ltr'>Β.</span> <span class='ocrx_word' id='word_1_236' title='bbox 1453 2685 1506 2708; x_wconf 92' lang='lat'>10.</span> <span class='ocrx_word' id='word_1_237' title='bbox 1534 2672 1560 2707; x_wconf 83' lang='grc' dir='ltr'>δ’</span> <span class='ocrx_word' id='word_1_238' title='bbox 1581 2673 1628 2707; x_wconf 91' lang='lat' dir='ltr'>D.</span> <span class='ocrx_word' id='word_1_239' title='bbox 1692 2672 1835 2718; x_wconf 84' lang='grc' dir='ltr'>μικρῶν]</span> <span class='ocrx_word' id='word_1_240' title='bbox 1855 2673 1922 2707; x_wconf 82' lang='grc' dir='ltr'>τῶν</span> 
     </span>
     <span class='ocr_line' id='line_1_28' title="bbox 332 2719 1922 2765; baseline -0.001 -11"><span class='ocrx_word' id='word_1_241' title='bbox 332 2725 468 2765; x_wconf 84' lang='grc' dir='ltr'>μακρῶν</span> <span class='ocrx_word' id='word_1_242' title='bbox 487 2721 606 2762; x_wconf 87' lang='lat' dir='ltr'>Cord.,</span> <span class='ocrx_word' id='word_1_243' title='bbox 624 2721 685 2756; x_wconf 83' lang='lat' dir='ltr'>sed</span> <span class='ocrx_word' id='word_1_244' title='bbox 704 2721 791 2755; x_wconf 89' lang='lat' dir='ltr'>nihil</span> <span class='ocrx_word' id='word_1_245' title='bbox 809 2721 1017 2755; x_wconf 82' lang='lat' dir='ltr'>diversitatis</span> <span class='ocrx_word' id='word_1_246' title='bbox 1036 2720 1153 2754; x_wconf 84' lang='lat' dir='ltr'>notavi</span> <span class='ocrx_word' id='word_1_247' title='bbox 1171 2721 1206 2754; x_wconf 89' lang='lat' dir='ltr'>in</span> <span class='ocrx_word' id='word_1_248' title='bbox 1225 2732 1256 2754; x_wconf 88' lang='lat' dir='ltr'>a.</span> <span class='ocrx_word' id='word_1_249' title='bbox 1451 2731 1503 2754; x_wconf 91' lang='lat'>11.</span> <span class='ocrx_word' id='word_1_250' title='bbox 1530 2719 1621 2764; x_wconf 81' lang='grc' dir='ltr'>ἡμῶν</span> <span class='ocrx_word' id='word_1_251' title='bbox 1638 2723 1861 2765; x_wconf 82' lang='lat' dir='ltr'>assumptum</span> <span class='ocrx_word' id='word_1_252' title='bbox 1879 2722 1922 2754; x_wconf 66' lang='lat' dir='ltr'>ex</span> 
     </span>
     <span class='ocr_line' id='line_1_29' title="bbox 337 2766 1920 2812; baseline -0.002 -10"><span class='ocrx_word' id='word_1_253' title='bbox 337 2767 429 2802; x_wconf 86' lang='lat' dir='ltr'>Catt.</span> <span class='ocrx_word' id='word_1_254' title='bbox 576 2779 629 2802; x_wconf 89' lang='lat'>12.</span> <span class='ocrx_word' id='word_1_255' title='bbox 656 2768 764 2812; x_wconf 79' lang='grc' dir='ltr'>διψᾶν</span> <span class='ocrx_word' id='word_1_256' title='bbox 783 2767 889 2802; x_wconf 86' lang='lat' dir='ltr'>Cord.</span> <span class='ocrx_word' id='word_1_257' title='bbox 1039 2778 1090 2812; x_wconf 89' lang='lat'>13.</span> <span class='ocrx_word' id='word_1_258' title='bbox 1117 2767 1152 2800; x_wconf 87' lang='grc' dir='ltr'>ἐν</span> <span class='ocrx_word' id='word_1_259' title='bbox 1168 2772 1387 2811; x_wconf 84' lang='lat' dir='ltr'><strong>assumptum</strong></span> <span class='ocrx_word' id='word_1_260' title='bbox 1408 2779 1449 2801; x_wconf 86' lang='lat' dir='ltr'>ex</span> <span class='ocrx_word' id='word_1_261' title='bbox 1472 2766 1546 2801; x_wconf 88' lang='lat' dir='ltr'>B.a.</span> <span class='ocrx_word' id='word_1_262' title='bbox 1690 2778 1742 2808; x_wconf 86' lang='lat'>14.</span> <span class='ocrx_word' id='word_1_263' title='bbox 1768 2766 1920 2810; x_wconf 83' lang='grc' dir='ltr'>ὑπερκεί-</span> 
     </span>
     <span class='ocr_line' id='line_1_30' title="bbox 333 2811 1920 2860; baseline -0.001 -12"><span class='ocrx_word' id='word_1_264' title='bbox 333 2829 416 2858; x_wconf 85' lang='grc' dir='ltr'>μενα</span> <span class='ocrx_word' id='word_1_265' title='bbox 436 2814 478 2848; x_wconf 88' lang='grc' dir='ltr'>Β.</span> <span class='ocrx_word' id='word_1_266' title='bbox 499 2813 590 2848; x_wconf 86' lang='lat' dir='ltr'><strong>Catt.</strong></span> <span class='ocrx_word' id='word_1_267' title='bbox 609 2815 819 2860; x_wconf 80' lang='grc' dir='ltr'>ὑπερκόιτμια</span> <span class='ocrx_word' id='word_1_268' title='bbox 839 2814 904 2848; x_wconf 87' lang='lat' dir='ltr'>Ed.</span> <span class='ocrx_word' id='word_1_269' title='bbox 1077 2814 1128 2847; x_wconf 84' lang='lat'>18.</span> <span class='ocrx_word' id='word_1_270' title='bbox 1157 2816 1304 2848; x_wconf 85' lang='grc' dir='ltr'>συνεῖναι</span> <span class='ocrx_word' id='word_1_271' title='bbox 1324 2813 1431 2847; x_wconf 86' lang='lat' dir='ltr'><strong>Cord.</strong></span> <span class='ocrx_word' id='word_1_272' title='bbox 1600 2824 1654 2846; x_wconf 89' lang='lat'>20.</span> <span class='ocrx_word' id='word_1_273' title='bbox 1682 2811 1920 2858; x_wconf 83' lang='grc' dir='ltr'>διεγηγερμὲνη</span> 
     </span>
     <span class='ocr_line' id='line_1_31' title="bbox 333 2859 1690 2906; baseline -0.001 -12"><span class='ocrx_word' id='word_1_274' title='bbox 333 2860 500 2896; x_wconf 83' lang='lat' dir='ltr'>mendose</span> <span class='ocrx_word' id='word_1_275' title='bbox 519 2861 624 2896; x_wconf 84' lang='lat' dir='ltr'>Cord.</span> <span class='ocrx_word' id='word_1_276' title='bbox 767 2872 822 2896; x_wconf 89' lang='lat'>21.</span> <span class='ocrx_word' id='word_1_277' title='bbox 848 2859 1098 2906; x_wconf 78' lang='grc' dir='ltr'>ἀπηρτισμένου</span> <span class='ocrx_word' id='word_1_278' title='bbox 1117 2860 1223 2894; x_wconf 88' lang='lat' dir='ltr'>Cord.</span> <span class='ocrx_word' id='word_1_279' title='bbox 1242 2860 1522 2905; x_wconf 78' lang='grc' dir='ltr'>ἀπηρσενωμένον</span> <span class='ocrx_word' id='word_1_280' title='bbox 1538 2859 1643 2894; x_wconf 84' lang='lat' dir='ltr'><strong>habet</strong></span> <span class='ocrx_word' id='word_1_281' title='bbox 1661 2871 1690 2893; x_wconf 87' lang='lat' dir='ltr'>a.</span> 
     </span>
    </p>
   </div>
  </div>
 </body>
</html>
