2084 3317
104 149 261 205 vii.39.
353 152 429 192 IN
471 152 514 192 s,
548 150 886 192 JOANNEM.
949 150 1151 191 ΜΒΝ.
1213 150 1347 191 CAP.
1380 149 1442 190 11.
1609 150 1689 189 691

105 263 132 286 gg
169 257 193 276 -ν
334 260 359 276 »2
499 260 514 279 x
579 260 590 277 x
661 261 671 276 2
739 265 759 274 Α
833 260 846 276 t
1137 265 1157 275 a
1350 260 1362 277 l
1439 259 1448 275 ³
1630 257 1640 275 t

157 265 330 310 αλλον·
409 282 516 327 περι
542 263 591 311 δε
618 282 760 311 αυτου
786 282 1050 326 γεγραπται
1074 282 1158 310 του
1182 281 1414 324 μακαριου
1456 261 1692 308 Ελισαιου

104 345 133 369 “
162 343 257 391 Καὶ
283 341 464 407 ἐγένετο
497 344 558 395 ὡς
594 342 812 410 ἔψαλλεν
839 343 864 392 ὁ
890 339 1116 409 ψάλλων,
1143 343 1218 392 καὶ
1244 340 1426 406 ἐγένετο
1452 340 1521 390 ἐπ’
1550 338 1691 389 αὐτὸν
1710 333 1737 375 b
1754 328 1876 410 ξ’ξίᾙξξ

105 428 133 451 “
158 427 259 490 χεὶρ
303 425 527 490 Κυρίου.”
587 428 816 491 μαρτυρεῖ
856 422 905 473 δὲ
957 425 1033 474 καὶ
1084 421 1224 477 αὐτὸς
1269 423 1294 473 ὁ
1340 420 1515 486 Κύριος
1559 421 1692 484 ἡμῶν

102 502 290 568 Ἰησοῦς
333 507 358 556 ὁ
404 505 619 572 Χριστὸς
663 507 729 575 τῷ
773 506 987 574 μακαρίῳ
1030 505 1220 567 Δαυεὶδ,
1261 506 1323 557 ὡς
1361 505 1409 554 ἐν
1450 503 1692 566 Πνεύματι
1753 499 1906 583 ΞΠΜζέο

59 589 83 629 5
104 592 334 639 λαλοῦντι
372 587 625 654 μυστήρια.
702 588 777 638 καὶ
823 586 989 639 πολλὰ
1033 585 1118 650 μὲν
1157 586 1215 636 ἄν
1257 608 1326 640 τις
1372 584 1692 651 ἐπισωρεύσαι

102 668 272 737 ῥᾳδίως
315 675 411 723 τοῖς
450 670 703 736 εἰρημένοις
741 668 802 720 τὰ
839 668 1173 736 παραπλήσια,
1214 669 1270 720 δι’
1311 665 1376 719 ὧν
1415 667 1473 719 ἂν
1511 667 1692 734 γε’νοιτο

104 751 179 800 καὶ
205 750 315 802 λίαν
340 751 545 806 εὐκόλως
573 751 807 803 δύνασθαι
834 754 1035 803 κατιδεῖν
1054 754 1561 819 πνευματοφοροῦντας
1587 749 1694 802 τοὺς

104 832 281 898 ἁγίους.
351 835 399 885 ἐν
438 833 486 885 δὲ
524 839 620 888 τοῖς
658 835 780 885 οὕτω
818 831 1232 902 προφανεστάτοις
1276 831 1330 883 τὸ
1374 835 1569 898 μακροῖς
1614 833 1687 882 ε’ν-

103 916 354 980 τρίβεσθαι
381 916 543 982 λόγοις
568 914 799 982 περιττὸν,
822 918 884 969 ὡς
910 915 1068 978 ἔοικεν,
1095 914 1124 980 ὴ
1151 916 1227 966 καὶ
1255 914 1420 981 ἑτέρως
1446 911 1689 982 φορτικόν.

35 1012 84 1039 10
103 1000 204 1049 πῶς
232 1000 308 1048 οὐκ
343 993 385 1058 ἧν
414 1000 610 1066 Πνεῦμα,
638 997 857 1064 ζητητέον
883 998 1104 1063 ἀκριβῶς.
1158 995 1285 1060 οἶμαι
1320 995 1415 1063 γὰρ
1450 997 1545 1047 δεῖν
1569 997 1690 1059 ἀλη-

105 1077 253 1129 θεύειν
278 1079 498 1145 ἡγεῖσθαι
523 1079 606 1131 τὸν
631 1078 860 1147 μακάριον
887 1078 1272 1146 Εὐαγγελιστήν.

180 1161 370 1212 Οὐκοῦν
396 1162 450 1213 τὸ
476 1161 560 1224 μὲν
587 1161 733 1217 ὅντως
767 1160 954 1226 ἀληθὲς,
983 1161 1120 1215 αὐτὸς
1154 1162 1178 1212 ὁ
1212 1160 1404 1213 πάντων
1429 1160 1546 1228 ἰ’δρις
1571 1160 1691 1211 ’ίστω
1711 1182 1734 1209 c

106 1242 244 1296 Θεὸς·
303 1242 395 1312 χρὴ
441 1243 534 1311 γὰρ
579 1245 634 1296 οὐ
679 1244 1035 1311 περιεργότερον
1076 1248 1173 1298 τοῖς
1214 1243 1328 1311 ὑπὲρ
1369 1244 1491 1308 ἡμᾶς
1531 1264 1689 1309 προσ-

103 1323 309 1385 βάλλειν
353 1328 650 1391 ἀποτολμᾶν.
724 1326 856 1389 πλὴν
900 1326 1020 1377 ὅσον
1064 1326 1196 1377 ἔστιν
1240 1328 1303 1379 ὡς
1353 1327 1400 1377 ἐν
1445 1323 1696 1384 εὐσεβέσιν

36 1417 84 1457 15
107 1409 217 1458 ἰδεῖν
242 1414 512 1474 λογισμοῖς,
539 1407 750 1460 τοιοῦτόν
776 1432 821 1460 τι
853 1412 959 1475 περὶ
995 1408 1119 1473 ἡμᾶς
1145 1407 1424 1472 συμβέβηκε
1450 1406 1692 1473 γενέσθαι.

105 1491 271 1556 γε’γονε
297 1489 391 1558 γὰρ
417 1492 475 1560 ἐξ
497 1493 646 1559 ἀρχῆς
671 1492 719 1542 ἐν
745 1491 995 1560 ἀφθαρσίᾳ
1026 1492 1155 1542 τουτὶ
1191 1489 1246 1541 τὸ
1283 1488 1481 1556 λογικὸν
1507 1490 1582 1540 ἐπὶ
1610 1490 1698 1554 γῆς

106 1573 237 1642 ζῷον,
265 1575 509 1625 τουτέστιν
533 1575 558 1624 ὁ
587 1574 849 1639 ἄνθρωπος.
896 1572 1043 1624 αἴτιον
1071 1571 1120 1623 δὲ
1154 1575 1236 1637 τῆς
1270 1572 1545 1642 ἀφθαρσίας
1571 1571 1698 1640 αὐτῷ

105 1657 180 1705 καὶ
219 1657 302 1719 τῆς
341 1659 404 1709 εἰς
442 1652 640 1706 ἅπασαν
673 1655 844 1722 ἀρετὴν
884 1657 1122 1719 διαμονῆς,
1156 1653 1209 1705 τὸ
1249 1655 1529 1705 ἐνοικεῖσθαι
1567 1652 1698 1720 παρὰ

105 1739 232 1788 Θεοῦ
255 1741 452 1801 Πνεῦμα
479 1736 754 1804 διεφαίνετο.
799 1743 827 1766 “
849 1737 1119 1806 ἐνεφύσησε
1145 1736 1240 1804 γὰρ
1267 1739 1329 1790 εἰς
1355 1736 1408 1788 τὸ
1435 1735 1698 1802 πρόσωπον
1717 1740 1845 1803 dff‘en-
1863 1741 1898 1773 ii.

37 1830 87 1856 20
106 1825 132 1848 ‘⁶
159 1820 302 1870 αὐτοῦ
328 1819 479 1884 πνοὴν
504 1820 662 1886 ζωῆς,”
693 1818 816 1870 καθὰ
850 1819 1131 1886 γέγραπται.
1184 1819 1295 1869 ἀλλ’
1325 1819 1382 1888 ἐξ
1405 1817 1588 1882 ἀπάτης
1614 1819 1698 1882 τῆς
1765 1803 1792 1825 ¹·

105 1900 304 1968 ἀρχαίας
324 1902 496 1965 ἐκείνης
515 1900 784 1955 ἀπονεύσας
810 1904 872 1955 εἰς
900 1901 1147 1966 ἁμαρτίαν,
1167 1898 1265 1951 εἶτα
1291 1899 1411 1951 κατὰ
1437 1898 1595 1967 βραχὺ
1623 1898 1698 1950 διὰ

105 1986 200 2034 τῶν
226 1983 396 2052 ἐφεξῆς
421 1983 613 2048 πολλὴν
639 1987 701 2037 εἷς
728 1988 867 2034 τοῦτο
894 1981 1062 2044 λαβὼν
1088 1981 1175 2047 τὴν
1201 1983 1429 2045 ἐπίδοσιν,
1457 1984 1575 2046 ὁμοῦ
1601 1986 1698 2036 τοῖς

105 2064 277 2118 ἄλλοις
323 2067 518 2131 ἀγαθοῖς
561 2067 636 2116 καὶ
676 2064 763 2130 τὴν
801 2071 885 2116 τοῦ
927 2064 1203 2129 Πνεύματος
1252 2065 1468 2129 ὑπομένει
1511 2064 1693 2131 ζημίαν,

105 2147 278 2213 γε’γονέ
296 2170 345 2198 τε
372 2149 494 2199 οὕτω
521 2147 691 2198 λοιπὸν
718 2148 806 2216 οὐχ
832 2146 922 2199 ὑπὸ
948 2146 1097 2212 μόνην
1121 2146 1207 2211 τὴν
1233 2146 1434 2215 φθορὰν,
1463 2145 1595 2197 ἀλλὰ
1620 2148 1696 2197 καὶ

39 2243 88 2283 25
106 2228 223 2294 πρὸς
249 2233 415 2281 πᾶσαν
441 2231 633 2283 εὔκολος
659 2230 907 2296 ἁμαρτίαν.
965 2228 1121 2293 ἐπειδὴ
1149 2228 1197 2280 δὲ
1229 2231 1255 2280 ὁ
1284 2228 1477 2281 πάντων
1502 2251 1692 2295 γενεσι-

106 2309 277 2377 ουργὸς
322 2317 350 2339 “
369 2310 895 2379 ἀνακεφαλαιώσασθαι
941 2310 1000 2361 τὰ
1044 2309 1201 2362 πάντα
1245 2313 1294 2362 ἐν
1337 2313 1404 2380 τῷ
1449 2311 1693 2380 Χριστῲ,”
1758 2315 1843 2391 {Ph-
1864 2316 1881 2346 i·

105 2397 265 2447 καλῶς
290 2415 345 2459 γε
371 2391 567 2461 σφόδρα
592 2397 740 2444 ποιῶν
766 2393 1103 2454 ἐβουλεύσατο,
1133 2395 1207 2443 καὶ
1236 2393 1522 2456 ἀνακομίσαι
1545 2392 1695 2444 πάλιν
1802 2383 1809 2391 ⁸

106 2479 167 2528 εἷς
191 2474 245 2525 τὸ
273 2477 469 2543 ἀρχαῖον
494 2473 703 2540 ἠθέλησε
737 2475 823 2539 τὴν
849 2482 932 2526 τοῦ
968 2474 1219 2540 ἀνθρώπου
1255 2474 1418 2542 φύσιν,
1446 2474 1690 2541 ἐπαγγὲλ-
1712 2489 1735 2517 Θ

105 2565 238 2608 λεται
263 2556 381 2621 μετὰ
406 2561 501 2607 τῶν
527 2557 695 2608 ἄλλων
721 2557 970 2608 ἐπιδώσειν
997 2557 1128 2609 αὖθις
1163 2557 1281 2625 αὐτῇ
1312 2559 1387 2608 καὶ
1415 2555 1469 2607 τὸ
1498 2560 1695 2620 Πνεῦμα

37 2657 88 2694 30
105 2639 159 2690 τὸ
192 2637 380 2705 “Αγιον·
449 2639 502 2689 οὐ
548 2637 639 2705 γὰρ
680 2637 738 2702 ἦν
777 2638 940 2705 ἑτέρως
980 2642 1041 2691 εἷς
1079 2636 1343 2701 ἀκλόνητον
1382 2637 1561 2688 στάσιν
1599 2643 1693 2690 τῶν

153 2758 186 2788 4.
213 2747 231 2779 ὁ
250 2750 473 2789 assumptum
490 2756 532 2779 ex
551 2744 581 2778 B
601 2756 775 2790 suprascr.
895 2755 929 2790 5.
955 2746 1118 2778 λαλοῦντι
1139 2743 1180 2778 Β.
1201 2743 1317 2779 Holst.
1336 2747 1478 2783 λαβόντι
1497 2744 1695 2780 emendavit

106 2793 215 2832 Aub.,
232 2796 365 2825 testans
385 2803 420 2826 se
437 2793 601 2832 λαβοῦντι
618 2792 743 2837 legere.
957 2792 989 2825 S.
1017 2791 1233 2835 ἐντρίβεσθαι
1253 2791 1294 2825 Β.
1316 2791 1379 2826 Ht.
1399 2793 1580 2836 τρίβεσθαι
1599 2792 1692 2827 Aub.

110 2840 163 2873 18.
190 2838 394 2872 ἐνοικεῖσθαι
419 2838 463 2872 Β.
491 2838 553 2872 Ht.
579 2838 766 2874 ἐνοικισθέν
791 2851 809 2873 e
837 2838 913 2873 Cat.
941 2838 1040 2872 Harl.
1065 2838 1263 2872 emendavit
1284 2839 1378 2873 Aub.
1404 2845 1437 2873 et
1463 2841 1511 2873 sic
1537 2850 1567 2873 e.
1587 2838 1693 2873 Cord.

108 2912 164 2983 ἐγ.
182 2901 246 2983 ἆγε]
265 2916 300 2936 τε
319 2913 348 2935 c.
368 2900 475 2935 Cord.
642 2902 698 2936 28.
722 2902 822 2946 ἤθελε
841 2914 870 2936 c.
891 2901 996 2936 Cord.
1074 2893 1134 2938 ⁷⁷35
1154 2900 1209 2943 B„
1227 2901 1288 2935 sed
1306 2901 1365 2945 τὴν
1382 2903 1443 2936 τοῦ
1460 2901 1587 2936 retinui
1605 2913 1646 2936 ex
1664 2913 1694 2936 e.

141 2961 179 2984 or
208 2975 215 2983 .

838 3017 955 3054 41¹2
