2084 3317
107 368 138 395 S.
157 365 237 396 Luc.

107 409 172 439 xvi.
194 418 242 450 29.

283 781 309 820 d

105 931 267 961 Romxiii.

105 982 156 1012 35-

104 1423 210 1454 Exod.

103 1467 169 1497 xix.
188 1467 236 1497 18.

105 2106 192 2139 258
209 2105 259 2139 A.
291 2116 311 2139 a

108 2348 119 2368 1
135 2340 209 2371 Cor.

103 2383 172 2414 xiii.
186 2393 235 2415 12.

105 2502 156 2532 Ps.
172 2504 246 2535 xvii.

108 2556 117 2575 1
129 2555 158 2577 2.

328 174 413 215 380
730 177 781 217 B.
815 176 1087 217 CYRILLI
1129 177 1510 218 ALEXANDR.
1704 193 1744 219 v.
1763 188 1831 234 37,
1852 177 1919 233 38.

331 281 424 348 γὰρ
450 286 513 337 εἰς
539 282 683 348 νόμον
708 285 818 348 ἡμῖν
845 284 1125 349 νοηθήσεται
1159 284 1278 335 κατὰ
1316 284 1369 336 τὸ
1404 286 1643 351 εἰρημένον
1671 286 1761 336 ὑπό
1796 308 1920 340 τινος

331 363 585 432 (ζ”Εχουσι
627 366 840 417 Μωυσέα
879 369 954 417 καὶ
993 367 1100 420 τοὺς
1139 366 1438 435 προφήτας.”
1494 368 1522 432 ἡ
1567 367 1622 418 δέ
1660 391 1714 433 γε
1758 366 1917 434 παροί-

330 469 504 500 στασις
532 448 558 511 ἡ
587 447 675 499 ὑπὸ
702 446 756 499 τὸ
783 447 890 514 ὅρος
917 448 1297 512 καταβεβηκότος
1323 449 1412 513 ἤδη
1449 450 1527 499 καὶ
1556 448 1690 503 ὄντος
1720 451 1768 499 ἐν
1795 449 1920 517 αὐτῷ

329 534 412 579 τοῦ
452 532 591 591 Θεοῦ,
632 529 718 592 τὴν
755 529 1032 593 ἑτοιμότητα
1071 532 1153 592 τῆς
1192 529 1383 595 γνώμης
1430 533 1504 581 καὶ
1549 529 1603 582 τὸ
1641 530 1820 597 γοργὸν
1859 534 1921 583 εἷς

329 611 544 661 δουλείαν
570 615 665 661 τῶν
691 612 993 674 καλουμένων
1020 613 1262 677 ὑποδηλοΐ,
1291 613 1372 663 οὐκ
1400 612 1719 664 ἀνανευόντων
1743 611 1921 678 τρόπον
1940 629 1962 667 5

329 690 431 742 τινὰ
471 693 545 742 καὶ
586 696 681 745 τοῖς
727 692 841 758 ὑπὲρ
887 692 1085 757 δύναμιν
1125 695 1201 744 καὶ
1245 694 1558 758 ὑψηλοτέροις
1603 692 1632 758 ἢ
1675 694 1794 745 κατὰ
1834 694 1920 757 τὴν

330 773 479 841 φύσιν
505 778 820 839 προσβαλεῖν,
847 774 1183 842 συμπαρόντος
1218 777 1374 829 αὐτοῖς
1412 781 1496 826 τοῦ
1529 779 1668 827 Θεοῦ.
1720 782 1921 827 τοιοῦτοι

331 854 378 905 δὲ
416 854 605 910 πάντως
643 861 725 906 τοῦ
760 859 980 923 Σωτῆρος
1020 861 1062 908 οἱ
1100 857 1307 925 μέτοχοι.
1369 857 1439 909 διὸ
1478 856 1535 922 δὴ
1575 860 1650 908 καὶ
1688 856 1774 921 τὴν
1807 857 1922 923 ὑπὲρ

331 938 582 1003 ἄνθρωπον
632 943 918 1000 μελετῶντες
968 941 1183 1006 ἀνδρείαν
1228 947 1256 970 “
1282 940 1369 994 Τίς
1417 939 1478 991 ἂν
1528 940 1647 1004 ἡμᾶς
1698 940 1919 1008 χωρίσαι,

329 1027 356 1048 “
384 1021 551 1088 φασὶν,
590 1019 685 1071 ἀπὸ
723 1024 807 1085 τῆς
846 1020 1035 1086 ἀγάπης
1073 1028 1156 1073 τοῦ
1195 1026 1445 1088 Χριστοῦ;
1495 1024 1665 1091 θλίψις
1698 1022 1727 1088 ἢ
1757 1046 1921 1074 στενο-

329 1105 531 1171 “χωρία
571 1103 600 1169 ἢ
640 1105 905 1171 διωγμὸς
883 1131 911 1171 η
949 1106 1088 1170 λιμὸς
1124 1106 1152 1171 ἢ
1185 1107 1420 1173 γυμνότης
1453 1105 1482 1171 ὴ
1515 1108 1724 1161 κινδυνος
1763 1106 1792 1171 ἢ
1832 1131 1922 1171 μα-

329 1196 553 1255 “χαιρα;
561 1188 584 1204 ”
626 1188 783 1239 πάντα
822 1188 915 1255 γὰρ
954 1194 1050 1243 τοῖς
1088 1190 1373 1248 εὐσεβοῦσιν
1406 1189 1546 1240 οἰστά
1585 1189 1644 1240 τὰ
1682 1189 1808 1241 δεινα
1847 1188 1923 1241 διὰ

327 1269 412 1334 τὴν
440 1274 500 1323 εἷς
526 1270 794 1336 Χριστὸν’
768 1270 1031 1337 αγάπησιν
1076 1271 1164 1322 κᾶν
1189 1273 1251 1325 ὡς
1286 1271 1392 1337 ὅρος
1419 1271 1447 1334 ἡ
1475 1272 1691 1340 θλίψις’
1669 1272 1918 1339 εγείρηται,

327 1350 503 1405 παντὸς
548 1354 708 1403 ἐκεῖνοι
752 1353 966 1404 κινδύνου
1015 1352 1497 1415 κατανεανιεύσονται,
1543 1355 1620 1404 καὶ
1670 1357 1752 1418 τῆς
1802 1353 1923 1421 πρὸς

287 1450 307 1475 C
330 1432 455 1484 Θεὸν
494 1434 659 1501 φιλίας
697 1434 783 1499 τὴν
823 1435 1017 1500 γνώμην
1057 1436 1139 1486 οὐκ
1179 1434 1535 1499 ἀποστήσουσι.
1592 1439 1836 1487 κατελθεῖν
1873 1434 1921 1487 δὲ

329 1515 596 1581 λεγόμενος,
645 1517 728 1568 οὐκ
776 1521 836 1570 εἷς
881 1517 1134 1585 χθαμαλόν
1178 1540 1282 1568 τινα
1327 1522 1496 1585 χῶρον,
1536 1519 1646 1568 ἀλλ’
1689 1517 1786 1570 ἅνω
1830 1541 1923 1569 που

327 1596 475 1649 πάλιν
502 1601 576 1649 καὶ
604 1601 651 1650 ἐν
678 1599 771 1665 ὄρει
799 1601 1014 1668 φαίνεται
1042 1599 1177 1663 Θεὸς,
1204 1600 1279 1651 ἵνα
1305 1599 1361 1664 δή
1389 1622 1433 1650 τι
1462 1605 1673 1651 τοιοῦτον
1696 1599 1923 1668 ἐννοήσῃς

327 1680 446 1731 κατὰ
473 1682 666 1744 σαυτὸν,
694 1681 765 1732 ὅτι
793 1680 881 1733 κᾶν
907 1687 1006 1736 ταῖς
1042 1682 1284 1748 ἡμετέραις
1319 1683 1542 1736 διανοίαις
1577 1683 1605 1746 ἡ
1641 1682 1741 1733 θεία
1776 1682 1923 1752 φύσις

327 1764 798 1828 συγκαταβαίνουσα,
834 1764 1002 1829 ἑαυτὴν
1038 1765 1149 1829 ἡμῖν
1186 1762 1413 1831 προσάγῃ
1452 1763 1571 1830 πρὸς
1611 1764 1919 1828 κατανόησιν,

327 1845 438 1894 ἀλλ’
477 1845 580 1896 ε”στι
619 1845 768 1897 πάλιν
806 1848 854 1897 ἐν
888 1852 983 1900 τοῖς
1022 1846 1150 1898 πολὺ
1189 1847 1296 1897 λίαν
1331 1844 1447 1913 ὑπὲρ
1484 1847 1606 1910 ἡμᾶς
1644 1847 1721 1898 καὶ
1759 1846 1922 1912 λόγοις

329 1928 404 1977 καὶ
436 1927 725 1993 θεωρήμασι.
781 1928 834 1979 τὸ
869 1928 962 1995 γὰρ
1001 1927 1194 1996 ὑψηλόν
1220 1952 1269 1980 τε
1305 1930 1380 1979 καὶ
1419 1927 1671 1995 ὑπέρτονον
1697 1932 1793 1980 τῶν
1817 1930 1922 1994 περὶ

328 2010 469 2073 αὐτῆς
510 2010 760 2075 δογμάτων
800 2010 875 2061 διὰ
913 2016 995 2062 τοῦ
1034 2010 1169 2077 ὅρους
1209 2010 1503 2074 σημαίνεται,
1546 2009 1570 2061 ’ὸ
1609 2011 1686 2062 καὶ
1723 2010 1923 2073 σύμπαν

331 2091 440 2154 ἡμῖν
473 2096 538 2161 τῷ
573 2097 737 2162 καπνῷ
772 2093 1200 2156 καταμελαίνεσθαι
1235 2093 1379 2157 λέγει.
1441 2096 1615 2158 δριμεῖς
1649 2091 1743 2159 γὰρ
1777 2091 1924 2146 ὅντως

329 2174 404 2223 καὶ
450 2175 503 2224 οὐ
547 2172 741 2243 σφόδρα
787 2177 996 2241 λαμπροὶ
1048 2176 1157 2241 παρ’
1199 2176 1308 2239 ἡμῖν
1347 2178 1388 2225 οἱ
1429 2177 1534 2240 περὶ
1580 2177 1664 2239 τῆς
1706 2173 1924 2239 θεότητος

329 2254 482 2321 λόγοι,
509 2255 592 2307 τὸν
618 2259 700 2321 τῆς
727 2258 930 2310 διανοίας
955 2256 1211 2324 ὀφθαλμὸν
1237 2262 1418 2308 καπνοῦ
1455 2258 1586 2321 δίκην
1614 2257 1912 2321 ἀμύττοντες.

330 2337 406 2389 διὰ
460 2345 599 2390 τοῦτο
658 2343 853 2394 Παῦλος
905 2339 991 2403 μὲν
1042 2341 1066 2390 ὁ
1124 2339 1410 2408 σοφώτατος
1463 2340 1511 2389 ἐν
1564 2339 1784 2409 ἐσόπτρῳ
1845 2340 1922 2390 καὶ

329 2423 377 2471 ἐν
434 2422 672 2488 αἰνίγματι
724 2422 920 2481 βλέπειν
977 2422 1097 2485 ἡμᾶς
1153 2421 1509 2487 διεμαρτύρατο·
1573 2421 1822 2473 τεθεικέναι
1873 2421 1922 2472 δὲ

331 2510 357 2532 “
384 2502 555 2557 σκότος
593 2503 874 2573 ἀποκρυφὴν
912 2505 1093 2567 αὐτοῦ,”
1122 2502 1204 2555 τὸν
1237 2503 1362 2555 Θεὸν
1401 2502 1637 2569 δηλονότι,
1668 2503 1797 2573 φησί
1829 2526 1923 2555 που

328 2585 476 2636 πάλιν
505 2587 529 2637 ὁ
561 2584 786 2655 μελῳδὸς,
821 2590 885 2656 τῷ
924 2591 1007 2637 τοῦ
1045 2585 1245 2640 σκότους
1285 2585 1478 2651 ὀνόματι
1517 2585 1602 2650 τὴν
1636 2588 1742 2652 περὶ
1780 2583 1923 2637 αὐτὸν

1945 1044 1993 1069 10

1946 1458 1992 1494 15

1943 1869 1992 1894 20

1943 2278 1992 2317 25

329 2668 668 2736 ἀκαταληψίαν
694 2669 960 2733 ὑποδηλῶν,
987 2668 1143 2734 ἧσπερ
1167 2667 1224 2719 ἂν
1253 2672 1314 2722 εἰς
1350 2668 1498 2720 τύπον
1525 2668 1730 2737 ληφθείη
1765 2672 1922 2722 καλῶς
1942 2689 1991 2725 30

376 2808 408 2839 5.
434 2797 508 2842 οὐκ]
530 2798 583 2830 καὶ
601 2798 660 2831 οὐκ
681 2797 721 2831 Β.
867 2797 899 2831 6.
927 2796 944 2840 ἢ
964 2808 1033 2831 om.
1056 2796 1096 2830 B.
1242 2797 1274 2830 8.
1301 2797 1335 2831 δέ
1358 2796 1399 2831 Β.
1404 2797 1450 2831 D.
1469 2797 1508 2840 δὴ
1530 2796 1595 2830 Ed.
1744 2807 1796 2830 12.
1821 2796 1920 2831 ἕσται

328 2847 432 2878 ταῦτα
450 2856 512 2888 pro
531 2844 631 2879 οἶστὰ
650 2844 692 2878 Β.
807 2856 858 2886 14.
886 2842 1191 2878 κατανειινιεύοντιιι
1212 2843 1253 2876 Β.
1366 2843 1417 2877 16.
1445 2858 1510 2878 που
1528 2844 1632 2877 πάλιν
1649 2843 1716 2877 hoc
1734 2842 1856 2877 Ordine
1876 2842 1918 2878 B.

333 2892 383 2925 18.
412 2892 465 2924 καὶ
482 2902 545 2935 pro
563 2891 622 2925 κᾶν
642 2891 683 2925 Β.
842 2902 898 2933 24
923 2892 981 2934 τῆς
999 2897 1221 2934 assumptum
1240 2902 1280 2924 ex
1303 2890 1343 2924 B
1501 2900 1556 2935 25.
1584 2890 1678 2934 δίκην
1695 2895 1918 2934 assumptum

329 2949 368 2970 Px
391 2937 483 2971 B.D.
505 2936 678 2983 [Migne.]
749 2938 874 2972 Statim
893 2936 1120 2981 ἀμυτιδριμμὺ
1114 2951 1235 2973 τοντες
1258 2937 1297 2970 Β.
1492 2937 1546 2971 28.
1572 2937 1677 2971 πάλιν
1693 2951 1759 2971 που
1776 2936 1917 2971 inverso

329 2983 449 3017 ordine
471 2983 511 3018 B.
