2084 3317
107 150 159 191 vi.
181 152 248 206 38,
269 164 334 206 39.
381 150 453 191 IN
498 150 538 190 S.
574 143 908 190 JOANNEM.
973 145 1096 186 LIB.
1131 143 1209 184 IV.
1273 143 1406 184 CAP.
1441 142 1474 182 1.
1614 142 1696 182 487

107 261 332 310 ἐντεῦθεν.
387 258 582 322 μέλλων
608 257 701 323 γὰρ
735 255 1002 317 ἀναβαίνειν
1029 254 1098 305 ἐπ’
1128 251 1282 314 αὐτὸν,
1309 249 1393 303 τὰς
1428 248 1546 315 πρὸς
1573 246 1697 299 Θεὸν
1717 254 1744 294 d

107 342 304 391 ἐποιεῖτο
330 339 571 408 διαλέξεις,
601 340 662 393 ὡς
688 340 736 389 ἐν
760 338 1032 404 προσευχῆς
1059 332 1279 398 δηλονότι
1305 330 1519 399 σχήματι
1544 329 1698 394 λέγων

109 428 136 450 “
165 420 342 487 Πάτερ,
364 425 401 472 εἰ
427 419 640 483 δυνατὸν,
666 418 943 485 παρελθέτω
969 415 1048 469 ἀπ’
1073 417 1186 480 ἐμοῦ
1211 414 1266 466 τὸ
1290 412 1517 478 ποτήριον
1543 416 1696 462 τοῦτο·

110 509 137 531 “
161 501 291 566 πλὴν
318 503 406 570 οὐχ
441 504 503 556 ὡς
537 501 630 568 ἐγὼ
666 500 807 563 θέλω,
836 501 945 551 ἀλλ’
975 501 1037 553 ὡς
1071 497 1177 549 σύ·”
1231 496 1301 548 ὅτι
1335 495 1420 559 μὲν
1450 493 1544 560 γὰρ
1577 491 1699 546 Θεὸς

67 594 89 633 5
110 581 167 647 ἧν
208 584 233 633 ὁ
273 583 431 648 Λόγος
470 582 703 636 ἀθάνατός
746 604 796 632 τε
837 583 913 632 καὶ
954 578 1259 648 ἀδιάφθορος,
1300 578 1377 628 καὶ
1422 575 1535 626 αὐτὸ
1580 572 1700 625 κατὰ

111 664 261 732 φύσιν
286 664 393 731 ζωὴ,
422 663 782 729 καταπτήσσειν
809 663 892 714 οὐκ
918 661 1018 730 ᾔδει
1044 659 1127 713 τὸν
1153 658 1370 721 θάνατον,
1397 661 1548 709 πᾶσιν
1574 653 1700 718 οἶμαι

1758 413 1922 462 S.Matth.

1759 467 1849 487 xxm.
1867 465 1918 498 39.

109 745 483 812 προδηλότατον·
536 746 770 812 ἐπιτρέπει
805 743 955 810 γεμὴν
988 746 1050 797 ὡς
1084 745 1133 794 ἐν
1166 743 1309 808 σαρκὶ
1343 737 1552 806 γεγονὼς
1586 739 1701 788 ὑπο-

110 827 263 889 μένειν
300 827 360 878 τὰ
397 827 489 878 ἰ’δια
526 830 584 894 τῇ
623 828 787 893 σαρκὶ,
830 828 905 876 καὶ
944 823 1177 891 γεγονότα
1214 822 1386 874 λοιπὸν
1423 822 1498 872 ἐπὶ
1539 819 1739 886 θύραιςο

112 908 444 973 ὑποπτήσσειν
492 908 575 959 τὸν
627 908 844 969 θάνατον,
895 907 970 957 ἵνα
1027 907 1250 974 φαίνηται
1301 903 1421 955 κατὰ
1476 901 1703 966 ἀλήθειαν

44 1009 91 1033 10
111 991 374 1056 ἅνθρωπος·
430 989 506 1041 διὰ
544 988 682 1040 τοῦτό
722 992 875 1057 φησιν
908 995 936 1018 “
958 991 1017 1038 Εἰ
1056 987 1268 1048 δυνατὸν,
1307 983 1582 1051 παρελθέτω
1623 984 1700 1034 ἀπ’

111 1079 138 1101 “
164 1073 276 1135 ἐμοῦ
315 1070 369 1123 τὸ
407 1071 633 1137 ποτήριον
667 1071 847 1123 τοῦτο.”
902 1074 940 1121 εἱ
977 1070 1226 1137 ἐνδέχεται,
1256 1069 1427 1137 φησὶν,
1457 1064 1494 1116 ὦ
1521 1064 1701 1132 Πάτερ,

110 1152 176 1217 μὴ
201 1153 417 1205 παθόντα
447 1153 530 1204 τὸν
557 1151 761 1204 θάνατον
787 1156 1091 1219 κατορθῶσαι
1116 1155 1213 1204 τοῖς
1240 1154 1302 1204 εἶς
1329 1147 1471 1200 αὐτὸν
1497 1152 1705 1200 πεσοῦσι

111 1234 197 1298 τὴν
227 1233 361 1301 ζωὴν,
393 1239 429 1286 εἰ
468 1233 759 1299 ἀποθνήσκει
797 1233 999 1288 θάνατος
1038 1231 1102 1297 μὴ
1136 1236 1389 1285 τεθνεῶτος
1420 1231 1550 1294 ἐμοῦ,
1586 1227 1706 1280 κατὰ

111 1316 198 1382 τὴν
238 1314 399 1384 σάρκα
443 1316 493 1367 δὲ
539 1314 774 1381 δηλονότι,
813 1315 1133 1383 παροιχέσθω,
1174 1316 1312 1383 φησὶ,
1353 1311 1408 1364 τὸ
1458 1310 1700 1378 ποτήριον·

46 1410 92 1448 Ι5
111 1397 242 1462 πλὴν
273 1399 520 1464 ἐπειδήπερ
553 1399 637 1449 οὐκ
673 1397 730 1449 ἂν
761 1399 957 1464 γένοιτο,
984 1399 1152 1467 φησὶν,
1178 1396 1358 1463 ἑτέρως,
1386 1395 1473 1462 οὐχ
1512 1396 1574 1448 ὡς
1612 1392 1705 1459 ἐγὼ

113 1479 254 1542 θέλω,
300 1479 410 1531 ἀλλ’
458 1482 520 1534 ὡς
571 1478 648 1532 σύ.
729 1481 840 1549 ὁρᾷς
888 1479 1014 1535 ὅπως
1064 1480 1305 1530 ἀτονοῦσα
1356 1476 1440 1540 μὲν
1484 1475 1631 1527 πάλιν
1676 1475 1704 1538 ἡ

113 1561 365 1628 ἀνθρώπου
417 1563 563 1631 φύσις
615 1565 691 1613 καὶ
742 1563 789 1613 ἐν
831 1563 957 1631 αὐτῷ
1008 1565 1074 1631 τῷ
1120 1563 1333 1629 Χριστῷ,
1378 1558 1432 1610 τὸ
1481 1558 1598 1609 ὅσον
1642 1561 1744 1612 elsa
1778 1578 1860 1613 332
1876 1576 1925 1611 A,

112 1644 293 1708 ἑαυτὴν,
321 1646 595 1711 εὑρίσκεται·
637 1642 961 1709 ἀνακομίζεται
997 1642 1046 1695 δὲ
1080 1641 1156 1694 διὰ
1189 1647 1271 1693 τοῦ
1305 1640 1554 1694 ἑνωθέντος
1588 1641 1704 1708 αὐτῇ

113 1724 276 1792 Λόγου
310 1724 428 1792 πρὸς
462 1727 714 1790 εὐτολμίαν
744 1728 994 1792 θεοπρεπῆ,
1028 1726 1103 1776 καὶ
1139 1727 1202 1778 εἷς
1237 1721 1460 1792 φρόνημα
1496 1721 1706 1774 νεανικὸν

45 1828 95 1852 20
113 1809 512 1872 μεταπαιδεύεται,
539 1810 601 1861 ὡς
626 1808 692 1872 μὴ
719 1813 815 1861 τοῖς
842 1808 972 1861 ἰδίοις
1006 1806 1060 1857 τὸ
1095 1809 1262 1857 δοκοῦν
1288 1805 1538 1874 ἐπιτρέψαι
1565 1803 1706 1868 θελή-

112 1913 276 1954 μασιν,
304 1889 436 1940 ἀλλὰ
476 1894 645 1958 σκοπῷ
682 1894 874 1953 μᾶλλον
909 1891 1186 1940 ἀκολουθεῖν
1217 1891 1284 1957 τῷ
1323 1887 1445 1956 θείῳ,
1474 1889 1549 1937 καὶ
1586 1885 1706 1952 πρὸς

113 1974 256 2023 ἐκεῖνο
291 1972 467 2040 τρέχειν
492 1971 775 2037 ἐπείγεσθαι,
802 1970 921 2038 πρὸς
947 1970 1062 2036 ὅπερ
1090 1968 1146 2021 ἂν
1173 1970 1294 2033 ἡμᾶς
1330 1970 1354 2020 ὁ
1389 1975 1473 2020 τοῦ
1506 1990 1702 2033 πεποιη-

113 2052 248 2108 κότος
274 2055 489 2121 ἀνακαλῇ
517 2052 671 2117 νόμος.
713 2053 784 2104 ὅτι
811 2052 860 2104 δὲ
885 2052 944 2104 τὰ
970 2050 1164 2104 τοιαῦτά
1191 2056 1349 2121 φαμεν
1375 2051 1702 2116 ἀληθεύοντες,

114 2138 190 2187 καὶ
241 2136 299 2205 ἐξ
346 2136 488 2186 αὐτοῦ
540 2134 738 2203 μαθήσῃ
793 2140 876 2186 τοῦ
926 2134 1292 2201 συνεζευγμένον
1335 2141 1364 2163 “
1383 2132 1454 2184 Τὸ
1492 2132 1576 2196 μὲν
1613 2132 1706 2199 γὰρ
1769 2153 1887 2192 ΙιΗι.

48 2225 142 2270 25“
169 2223 366 2281 πνεῦμα,
406 2219 543 2286 φησὶ,
582 2215 841 2283 πρόθυμον,
880 2217 908 2280 ἡ
948 2216 996 2268 δὲ
1035 2216 1169 2285 σὰρξ
1211 2215 1460 2280 ἀσθενής·”
1516 2216 1570 2266 οὐ
1614 2215 1705 2280 γὰρ
1724 2230 1750 2270 b

114 2299 323 2365 ἠγνόησε
359 2299 587 2365 Χριστὸς,
616 2298 686 2350 ὅτι
724 2302 806 2363 τῆς
847 2304 1134 2366 θεοπρεποῦς
1173 2297 1309 2367 ἀξίας
1343 2297 1471 2349 πολὺ
1507 2296 1562 2360 δὴ
1599 2298 1708 2348 λίαν

115 2379 483 2445 ἀπελιμπάνετο,
540 2381 593 2432 τὸ
646 2384 796 2432 δοκεῖν
848 2381 1084 2444 ἡττᾶσθαι
1136 2379 1323 2449 θανάτῳ
1371 2382 1445 2430 καὶ
1498 2382 1579 2442 τῆς
1630 2380 1706 2430 ἀπ’

169 2550 198 2573 1.
224 2537 326 2584 πρὸς]
351 2543 386 2578 4-
409 2540 466 2572 τὸν
486 2538 527 2572 Β.
674 2550 706 2583 3.
733 2538 787 2572 ἀπ’
810 2539 891 2582 ἐμοῦ
909 2550 978 2572 orn.
1000 2538 1042 2572 B.
1062 2537 1167 2572 habet
1187 2537 1321 2571 Concil.
1465 2550 1495 2578 4.
1523 2534 1606 2580 γὰρ]
1630 2540 1666 2576 -1-
1687 2533 1707 2579 ᾗ

119 2584 187 2620 Ed.
205 2585 321 2619 invitis
341 2585 450 2619 Cone.
471 2585 512 2619 B.
649 2597 682 2630 9.
709 2584 963 2631 ὑποπτήσσειν]
988 2590 1024 2625 -1-
1047 2585 1083 2629 ἐᾷ
1104 2584 1170 2618 Ed.
1189 2582 1470 2629 repugnantibus
1490 2582 1599 2617 Cone.
1619 2582 1708 2617 Cod,

119 2632 248 2666 Vienn.
265 2631 306 2666 B.
323 2631 428 2666 habet
446 2630 557 2666 Coleti
576 2632 630 2666 ed.
695 2630 765 2677 ἵνα]
790 2637 826 2672 -ff-
849 2633 902 2666 καὶ
922 2632 963 2666 Β.
979 2631 1088 2665 invito
1108 2630 1217 2665 Cone.
1350 2640 1458 2674 13—19
1478 2629 1605 2663 citatur
1622 2635 1656 2662 et
1673 2629 1709 2662 in

120 2678 229 2713 Cone.
250 2678 364 2713 Later.
381 2677 450 2722 649
469 2690 561 2712 anno
579 2678 672 2719 hab„
692 2679 839 2713 Actione
858 2691 891 2713 v.
909 2678 952 2713 T.
972 2678 1029 2712 vii.
1049 2689 1129 2722 304.
1301 2687 1353 2721 13.
1373 2675 1579 2719 ἀποθνήσκει
1599 2675 1708 2710 Cone.

117 2740 163 2776 B.
181 2733 408 2785 dnoevr'yoxe‘a‘v
426 2742 472 2776 D.
491 2742 717 2785 ἀποθνήσκειν
736 2741 801 2776 Ed.
857 2741 981 2775 Statim
1000 2731 1143 2776 θάνατῧῗι
1162 2740 1208 2773 D.
1311 2738 1362 2773 16.
1389 2739 1492 2772 πάλιν
1510 2750 1579 2773 om.
1600 2737 1709 2773 Cone.

120 2787 180 2822 sed
198 2788 304 2822 habet
323 2787 431 2822 Cone.
452 2788 529 2823 Lat.
630 2789 681 2822 18.
708 2788 810 2831 αὐτὴν
829 2788 953 2822 Const.
974 2787 1082 2821 Cone.
1199 2798 1250 2829 19.
1279 2784 1466 2830 θεοπρεπῆ]
1487 2785 1710 2829 πνευματικ“ν

120 2834 164 2869 Β.
182 2834 300 2869 invitis
321 2835 497 2869 Conciliis.
644 2846 660 2868 2
666 2846 698 2879 3.
725 2834 885 2869 ἀνακαλεῖ
904 2834 1013 2868 Cone.
1035 2833 1124 2867 Cod.
1145 2833 1272 2867 Vienn.
1291 2832 1506 2866 ἀνακαλεῖται
1526 2831 1637 2866 Coleti
1655 2843 1676 2874 ev
1704 2858 1710 2865 .

119 2908 177 2939 24.
196 2898 250 2931 καὶ
267 2909 337 2932 om.
359 2897 468 2932 Cone.
571 2907 624 2942 27.
641 2888 903 2939 ἀπὲλιμπάνεϊῧι
921 2897 967 2931 D.
986 2901 1009 2915 “
1021 2897 1063 2930 al.
1082 2895 1383 2939 ἀπολιμπάνεται”
1400 2894 1464 2928 Ed.
1481 2906 1551 2940 mg.
1570 2894 1712 2938 ἀπελιμ-

120 2945 242 2979 πάνετο
260 2943 367 2979 habet
386 2943 496 2979 Conc.
549 2944 713 2986 ἡττᾶσθαι
733 2944 774 2979 Β.
795 2944 941 2980 Concilii
960 2943 1014 2978 ed.
1035 2942 1158 2978 Coleti.
1179 2942 1343 2985 ἡττῆσθαι
1363 2940 1451 2976 Cod.
1471 2941 1593 2976 Vienn.
1613 2940 1678 2975 Ed.
