<?xml version="1.0" encoding="UTF-8"?>
<!DOCTYPE html PUBLIC "-//W3C//DTD XHTML 1.0 Transitional//EN"
    "http://www.w3.org/TR/xhtml1/DTD/xhtml1-transitional.dtd">
<html xmlns="http://www.w3.org/1999/xhtml" xml:lang="en" lang="en">
 <head>
  <title>
</title>
<meta http-equiv="Content-Type" content="text/html;charset=utf-8" />
  <meta name='ocr-system' content='tesseract 3.04.00' />
  <meta name='ocr-capabilities' content='ocr_page ocr_carea ocr_par ocr_line ocrx_word'/>
</head>
<body>
  <div class='ocr_page' id='page_1' title='image "./operacyrilli03cyriuoft_0762.png"; bbox 0 0 2084 3317; ppageno 0'>
   <div class='ocr_carea' id='block_1_1' title="bbox 335 143 1920 198">
    <p class='ocr_par' dir='ltr' id='par_1_1' title="bbox 335 143 1920 198">
     <span class='ocr_line' id='line_1_1' title="bbox 335 143 1920 198; baseline -0.002 -13"><span class='ocrx_word' id='word_1_1' title='bbox 335 146 420 188; x_wconf 87' lang='lat'>670</span> <span class='ocrx_word' id='word_1_2' title='bbox 739 147 788 188; x_wconf 94' lang='lat' dir='ltr'>B.</span> <span class='ocrx_word' id='word_1_3' title='bbox 822 146 1092 187; x_wconf 87' lang='lat' dir='ltr'>CYRILLI</span> <span class='ocrx_word' id='word_1_4' title='bbox 1134 145 1514 186; x_wconf 84' lang='lat' dir='ltr'><strong>ALEXANDR.</strong></span> <span class='ocrx_word' id='word_1_5' title='bbox 1763 143 1834 184; x_wconf 87' lang='lat' dir='ltr'>vii.</span> <span class='ocrx_word' id='word_1_6' title='bbox 1853 155 1920 198; x_wconf 84' lang='lat'>30.</span> 
     </span>
    </p>
   </div>
   <div class='ocr_carea' id='block_1_2' title="bbox 337 250 1927 487">
    <p class='ocr_par' dir='ltr' id='par_1_2' title="bbox 337 250 1927 487">
     <span class='ocr_line' id='line_1_2' title="bbox 339 250 1925 321; baseline -0.003 -15"><span class='ocrx_word' id='word_1_7' title='bbox 339 257 414 305; x_wconf 77' lang='grc' dir='ltr'>καὶ</span> <span class='ocrx_word' id='word_1_8' title='bbox 439 254 651 321; x_wconf 81' lang='grc' dir='ltr'>Ἀβιρὼν</span> <span class='ocrx_word' id='word_1_9' title='bbox 676 255 732 318; x_wconf 78' lang='grc' dir='ltr'>οἳ,</span> <span class='ocrx_word' id='word_1_10' title='bbox 767 258 849 320; x_wconf 85' lang='grc' dir='ltr'>τῆς</span> <span class='ocrx_word' id='word_1_11' title='bbox 879 255 1129 309; x_wconf 74' lang='grc' dir='ltr'>Μωυσέως</span> <span class='ocrx_word' id='word_1_12' title='bbox 1163 255 1414 320; x_wconf 83' lang='grc' dir='ltr'>ἡγεμονίας</span> <span class='ocrx_word' id='word_1_13' title='bbox 1449 250 1925 304; x_wconf 82' lang='grc' dir='ltr'>καταστασιάσαντές</span> 
     </span>
     <span class='ocr_line' id='line_1_3' title="bbox 337 335 1927 403; baseline -0.002 -16"><span class='ocrx_word' id='word_1_14' title='bbox 337 359 452 387; x_wconf 87' lang='grc' dir='ltr'>ποτε</span> <span class='ocrx_word' id='word_1_15' title='bbox 483 339 558 388; x_wconf 78' lang='grc' dir='ltr'>καὶ</span> <span class='ocrx_word' id='word_1_16' title='bbox 592 338 791 402; x_wconf 77' lang='grc' dir='ltr'>ἄκλητοι</span> <span class='ocrx_word' id='word_1_17' title='bbox 823 336 943 403; x_wconf 80' lang='grc' dir='ltr'>πρὸς</span> <span class='ocrx_word' id='word_1_18' title='bbox 970 337 1056 401; x_wconf 89' lang='grc' dir='ltr'>τὴν</span> <span class='ocrx_word' id='word_1_19' title='bbox 1081 340 1164 400; x_wconf 84' lang='grc' dir='ltr'>τῆς</span> <span class='ocrx_word' id='word_1_20' title='bbox 1191 337 1316 389; x_wconf 88' lang='grc' dir='ltr'>θείας</span> <span class='ocrx_word' id='word_1_21' title='bbox 1343 335 1599 402; x_wconf 82' lang='grc' dir='ltr'>ἱερωσύνης</span> <span class='ocrx_word' id='word_1_22' title='bbox 1625 336 1927 397; x_wconf 80' lang='grc' dir='ltr'>ἀναπηδῆσαι</span> 
     </span>
     <span class='ocr_line' id='line_1_4' title="bbox 339 415 1927 487; baseline -0.001 -18"><span class='ocrx_word' id='word_1_23' title='bbox 339 417 476 487; x_wconf 75' lang='grc' dir='ltr'>τάξιν</span> <span class='ocrx_word' id='word_1_24' title='bbox 503 420 555 469; x_wconf 82' lang='grc' dir='ltr'>οὐ</span> <span class='ocrx_word' id='word_1_25' title='bbox 583 421 957 481; x_wconf 80' lang='grc' dir='ltr'>καταδείσαντες,</span> <span class='ocrx_word' id='word_1_26' title='bbox 983 420 1170 470; x_wconf 84' lang='grc' dir='ltr'>πανοικὶ</span> <span class='ocrx_word' id='word_1_27' title='bbox 1197 417 1471 480; x_wconf 82' lang='grc' dir='ltr'>κατέβησαν</span> <span class='ocrx_word' id='word_1_28' title='bbox 1497 421 1560 470; x_wconf 78' lang='grc' dir='ltr'>εἰς</span> <span class='ocrx_word' id='word_1_29' title='bbox 1590 415 1649 467; x_wconf 76' lang='grc' dir='ltr'>τὰ</span> <span class='ocrx_word' id='word_1_30' title='bbox 1683 415 1811 479; x_wconf 86' lang='grc' dir='ltr'>βάθη</span> <span class='ocrx_word' id='word_1_31' title='bbox 1845 417 1927 477; x_wconf 74' lang='grc' dir='ltr'>τῆς</span> 
     </span>
    </p>
   </div>
   <div class='ocr_carea' id='block_1_3' title="bbox 118 497 1971 649">
    <p class='ocr_par' dir='ltr' id='par_1_3' title="bbox 118 497 1971 649">
     <span class='ocr_line' id='line_1_5' title="bbox 118 497 1928 580; baseline -0.002 -26"><span class='ocrx_word' id='word_1_32' title='bbox 118 497 257 580; x_wconf 34' lang='lat' dir='ltr'>{xmp</span> <span class='ocrx_word' id='word_1_33' title='bbox 339 503 443 565; x_wconf 81' lang='grc' dir='ltr'>γῆς·</span> <span class='ocrx_word' id='word_1_34' title='bbox 487 504 563 552; x_wconf 75' lang='grc' dir='ltr'>καὶ</span> <span class='ocrx_word' id='word_1_35' title='bbox 590 504 632 552; x_wconf 76' lang='grc' dir='ltr'>οἱ</span> <span class='ocrx_word' id='word_1_36' title='bbox 658 499 741 565; x_wconf 72' lang='grc' dir='ltr'>μὲν</span> <span class='ocrx_word' id='word_1_37' title='bbox 768 500 893 565; x_wconf 80' lang='grc' dir='ltr'>ἦσαν</span> <span class='ocrx_word' id='word_1_38' title='bbox 920 504 981 553; x_wconf 80' lang='grc' dir='ltr'>εἰς</span> <span class='ocrx_word' id='word_1_39' title='bbox 1009 499 1137 568; x_wconf 77' lang='grc' dir='ltr'>ᾅδου,</span> <span class='ocrx_word' id='word_1_40' title='bbox 1165 499 1411 565; x_wconf 74' lang='grc' dir='ltr'>διεσώζετο</span> <span class='ocrx_word' id='word_1_41' title='bbox 1447 497 1495 549; x_wconf 77' lang='grc' dir='ltr'>δὲ</span> <span class='ocrx_word' id='word_1_42' title='bbox 1526 501 1608 562; x_wconf 84' lang='grc' dir='ltr'>τῆς</span> <span class='ocrx_word' id='word_1_43' title='bbox 1642 499 1928 561; x_wconf 83' lang='grc' dir='ltr'>συναγωγῆς</span> 
     </span>
     <span class='ocr_line' id='line_1_6' title="bbox 120 578 1971 649; baseline -0.001 -16"><span class='ocrx_word' id='word_1_44' title='bbox 120 593 172 624; x_wconf 82' lang='grc'>33·</span> <span class='ocrx_word' id='word_1_45' title='bbox 340 582 394 633; x_wconf 83' lang='grc' dir='ltr'>τὸ</span> <span class='ocrx_word' id='word_1_46' title='bbox 434 581 617 634; x_wconf 90' lang='grc' dir='ltr'>λοιπόν.</span> <span class='ocrx_word' id='word_1_47' title='bbox 673 585 792 649; x_wconf 87' lang='grc' dir='ltr'>χρῆν</span> <span class='ocrx_word' id='word_1_48' title='bbox 828 582 876 632; x_wconf 80' lang='grc' dir='ltr'>δὲ</span> <span class='ocrx_word' id='word_1_49' title='bbox 915 581 1066 645; x_wconf 85' lang='grc' dir='ltr'>δήπου</span> <span class='ocrx_word' id='word_1_50' title='bbox 1103 580 1306 642; x_wconf 86' lang='grc' dir='ltr'>πάντως,</span> <span class='ocrx_word' id='word_1_51' title='bbox 1339 580 1465 646; x_wconf 77' lang='grc' dir='ltr'>ε’ίπερ</span> <span class='ocrx_word' id='word_1_52' title='bbox 1503 578 1560 644; x_wconf 77' lang='grc' dir='ltr'>ἦν</span> <span class='ocrx_word' id='word_1_53' title='bbox 1595 579 1716 632; x_wconf 81' lang='grc' dir='ltr'>ὅλως</span> <span class='ocrx_word' id='word_1_54' title='bbox 1758 580 1841 629; x_wconf 83' lang='grc' dir='ltr'>οὐκ</span> <span class='ocrx_word' id='word_1_55' title='bbox 1879 580 1971 632; x_wconf 86' lang='grc' dir='ltr'>ε’κ5</span> 
     </span>
    </p>
   </div>
   <div class='ocr_carea' id='block_1_4' title="bbox 121 659 2008 1876">
    <p class='ocr_par' dir='ltr' id='par_1_4' title="bbox 297 659 1930 894">
     <span class='ocr_line' id='line_1_7' title="bbox 297 659 1930 732; baseline 0.001 -20"><span class='ocrx_word' id='word_1_56' title='bbox 297 665 466 718; x_wconf 65' lang='grc' dir='ltr'>ὀθείας</span> <span class='ocrx_word' id='word_1_57' title='bbox 504 665 661 730; x_wconf 84' lang='grc' dir='ltr'>ὀργῆς,</span> <span class='ocrx_word' id='word_1_58' title='bbox 701 664 810 713; x_wconf 83' lang='grc' dir='ltr'>ἀλλ’</span> <span class='ocrx_word' id='word_1_59' title='bbox 852 663 908 732; x_wconf 75' lang='grc' dir='ltr'>ἐξ</span> <span class='ocrx_word' id='word_1_60' title='bbox 945 662 1070 729; x_wconf 76' lang='grc' dir='ltr'>ὥρας</span> <span class='ocrx_word' id='word_1_61' title='bbox 1115 663 1142 726; x_wconf 83' lang='grc' dir='ltr'>ἡ</span> <span class='ocrx_word' id='word_1_62' title='bbox 1186 661 1399 724; x_wconf 88' lang='grc' dir='ltr'>κόλασις,</span> <span class='ocrx_word' id='word_1_63' title='bbox 1439 663 1520 712; x_wconf 81' lang='grc' dir='ltr'>οὐκ</span> <span class='ocrx_word' id='word_1_64' title='bbox 1560 662 1632 729; x_wconf 86' lang='grc' dir='ltr'>ἐφ’</span> <span class='ocrx_word' id='word_1_65' title='bbox 1674 659 1723 711; x_wconf 82' lang='grc' dir='ltr'>ἓν</span> <span class='ocrx_word' id='word_1_66' title='bbox 1763 661 1930 713; x_wconf 83' lang='grc' dir='ltr'>ἁπλῶς</span> 
     </span>
     <span class='ocr_line' id='line_1_8' title="bbox 342 741 1930 813; baseline -0.002 -17"><span class='ocrx_word' id='word_1_67' title='bbox 342 745 756 813; x_wconf 86' lang='grc' dir='ltr'>καταῤῥήγνυσθαι</span> <span class='ocrx_word' id='word_1_68' title='bbox 795 746 933 812; x_wconf 91' lang='grc' dir='ltr'>με’ρος</span> <span class='ocrx_word' id='word_1_69' title='bbox 969 747 1051 808; x_wconf 88' lang='grc' dir='ltr'>τῆς</span> <span class='ocrx_word' id='word_1_70' title='bbox 1091 746 1389 810; x_wconf 79' lang='grc' dir='ltr'>συναγωγῆς,</span> <span class='ocrx_word' id='word_1_71' title='bbox 1424 744 1535 794; x_wconf 87' lang='grc' dir='ltr'>ἀλλ’</span> <span class='ocrx_word' id='word_1_72' title='bbox 1574 742 1694 807; x_wconf 77' lang='grc' dir='ltr'>ὅλην</span> <span class='ocrx_word' id='word_1_73' title='bbox 1731 742 1788 811; x_wconf 75' lang='grc' dir='ltr'>ἐξ</span> <span class='ocrx_word' id='word_1_74' title='bbox 1820 741 1930 793; x_wconf 75' lang='grc' dir='ltr'>ἰ’σου</span> 
     </span>
     <span class='ocr_line' id='line_1_9' title="bbox 340 828 832 894; baseline -0.002 -15"><span class='ocrx_word' id='word_1_75' title='bbox 340 832 670 894; x_wconf 85' lang='grc' dir='ltr'>περισχοῦσαν</span> <span class='ocrx_word' id='word_1_76' title='bbox 697 828 832 878; x_wconf 81' lang='grc' dir='ltr'>ἑλεῖν.</span> 
     </span>
    </p>

    <p class='ocr_par' dir='ltr' id='par_1_5' title="bbox 341 905 2002 1382">
     <span class='ocr_line' id='line_1_10' title="bbox 416 905 1930 976; baseline -0.002 -17"><span class='ocrx_word' id='word_1_77' title='bbox 416 910 605 960; x_wconf 80' lang='grc' dir='ltr'>Οὐκοῦν</span> <span class='ocrx_word' id='word_1_78' title='bbox 651 909 738 976; x_wconf 81' lang='grc' dir='ltr'>οὐχ</span> <span class='ocrx_word' id='word_1_79' title='bbox 782 907 908 974; x_wconf 83' lang='grc' dir='ltr'>ὥραν</span> <span class='ocrx_word' id='word_1_80' title='bbox 952 906 1052 959; x_wconf 77' lang='grc' dir='ltr'>οὐδ’</span> <span class='ocrx_word' id='word_1_81' title='bbox 1094 907 1270 973; x_wconf 77' lang='grc' dir='ltr'>ἡμέραν</span> <span class='ocrx_word' id='word_1_82' title='bbox 1317 907 1421 958; x_wconf 82' lang='grc' dir='ltr'>οὐδε</span> <span class='ocrx_word' id='word_1_83' title='bbox 1467 905 1628 973; x_wconf 85' lang='grc' dir='ltr'>καιρὸν</span> <span class='ocrx_word' id='word_1_84' title='bbox 1667 907 1729 960; x_wconf 86' lang='grc' dir='ltr'>ὡς</span> <span class='ocrx_word' id='word_1_85' title='bbox 1773 905 1802 971; x_wconf 78' lang='grc' dir='ltr'>ἢ</span> <span class='ocrx_word' id='word_1_86' title='bbox 1847 910 1930 956; x_wconf 88' lang='grc' dir='ltr'>τοῦ</span> 
     </span>
     <span class='ocr_line' id='line_1_11' title="bbox 341 987 2002 1060; baseline -0.003 -19"><span class='ocrx_word' id='word_1_87' title='bbox 341 997 602 1044; x_wconf 72' lang='grc' dir='ltr'>λιποῦντος</span> <span class='ocrx_word' id='word_1_88' title='bbox 627 988 932 1060; x_wconf 72' lang='grc' dir='ltr'>πρόξενον,</span> <span class='ocrx_word' id='word_1_89' title='bbox 912 1014 940 1054; x_wconf 94' lang='grc' dir='ltr'>η</span> <span class='ocrx_word' id='word_1_90' title='bbox 966 995 1049 1040; x_wconf 90' lang='grc' dir='ltr'>τοῦ</span> <span class='ocrx_word' id='word_1_91' title='bbox 1075 988 1340 1058; x_wconf 83' lang='grc' dir='ltr'>πεφυκότος</span> <span class='ocrx_word' id='word_1_92' title='bbox 1367 989 1630 1056; x_wconf 82' lang='grc' dir='ltr'>εὐφραίνειν</span> <span class='ocrx_word' id='word_1_93' title='bbox 1657 987 1924 1057; x_wconf 76' lang='grc' dir='ltr'>καταδεξώ-</span> <span class='ocrx_word' id='word_1_94' title='bbox 1955 1010 2002 1035; x_wconf 91' lang='lat'>10</span> 
     </span>
     <span class='ocr_line' id='line_1_12' title="bbox 341 1069 1928 1138; baseline -0.001 -15"><span class='ocrx_word' id='word_1_95' title='bbox 341 1077 476 1135; x_wconf 85' lang='grc' dir='ltr'>μεθα,</span> <span class='ocrx_word' id='word_1_96' title='bbox 503 1072 555 1123; x_wconf 85' lang='grc' dir='ltr'>τὸ</span> <span class='ocrx_word' id='word_1_97' title='bbox 588 1096 706 1123; x_wconf 91' lang='grc' dir='ltr'>οσον</span> <span class='ocrx_word' id='word_1_98' title='bbox 734 1096 794 1125; x_wconf 90' lang='grc' dir='ltr'>εις</span> <span class='ocrx_word' id='word_1_99' title='bbox 827 1074 947 1122; x_wconf 81' lang='grc' dir='ltr'>ἱδιαν</span> <span class='ocrx_word' id='word_1_100' title='bbox 975 1070 1178 1138; x_wconf 82' lang='grc' dir='ltr'>φύσιν,</span> <span class='ocrx_word' id='word_1_101' title='bbox 1165 1070 1192 1136; x_wconf 89' lang='grc' dir='ltr'>ὴ</span> <span class='ocrx_word' id='word_1_102' title='bbox 1231 1094 1307 1121; x_wconf 92' lang='grc' dir='ltr'>και</span> <span class='ocrx_word' id='word_1_103' title='bbox 1343 1071 1468 1124; x_wconf 81' lang='grc' dir='ltr'>ὅπως</span> <span class='ocrx_word' id='word_1_104' title='bbox 1503 1071 1560 1121; x_wconf 77' lang='grc' dir='ltr'>ἄν</span> <span class='ocrx_word' id='word_1_105' title='bbox 1586 1093 1655 1124; x_wconf 91' lang='grc' dir='ltr'>τις</span> <span class='ocrx_word' id='word_1_106' title='bbox 1691 1069 1834 1121; x_wconf 80' lang='grc' dir='ltr'>εἰπὼν</span> <span class='ocrx_word' id='word_1_107' title='bbox 1860 1071 1928 1121; x_wconf 82' lang='grc' dir='ltr'>ἐπ’</span> 
     </span>
     <span class='ocr_line' id='line_1_13' title="bbox 342 1150 1931 1221; baseline -0.001 -16"><span class='ocrx_word' id='word_1_108' title='bbox 342 1154 484 1205; x_wconf 82' lang='grc' dir='ltr'>αὐτον</span> <span class='ocrx_word' id='word_1_109' title='bbox 511 1156 593 1205; x_wconf 82' lang='grc' dir='ltr'>οὐκ</span> <span class='ocrx_word' id='word_1_110' title='bbox 629 1153 687 1204; x_wconf 78' lang='grc' dir='ltr'>ἂν</span> <span class='ocrx_word' id='word_1_111' title='bbox 714 1153 930 1220; x_wconf 83' lang='grc' dir='ltr'>ἁμάρτοι·</span> <span class='ocrx_word' id='word_1_112' title='bbox 984 1152 1095 1204; x_wconf 85' lang='grc' dir='ltr'>ἀλλ’</span> <span class='ocrx_word' id='word_1_113' title='bbox 1125 1154 1418 1221; x_wconf 73' lang='grc' dir='ltr'>ἐκδεξώμεθα</span> <span class='ocrx_word' id='word_1_114' title='bbox 1453 1152 1537 1215; x_wconf 79' lang='grc' dir='ltr'>μὲν</span> <span class='ocrx_word' id='word_1_115' title='bbox 1564 1175 1618 1203; x_wconf 93' lang='grc' dir='ltr'>το</span> <span class='ocrx_word' id='word_1_116' title='bbox 1653 1153 1709 1220; x_wconf 78' lang='grc' dir='ltr'>εξ</span> <span class='ocrx_word' id='word_1_117' title='bbox 1740 1174 1864 1217; x_wconf 88' lang='grc' dir='ltr'>ωρας</span> <span class='ocrx_word' id='word_1_118' title='bbox 1903 1150 1931 1216; x_wconf 79' lang='grc' dir='ltr'>ἢ</span> 
     </span>
     <span class='ocr_line' id='line_1_14' title="bbox 342 1232 1933 1303; baseline -0.002 -17"><span class='ocrx_word' id='word_1_119' title='bbox 342 1235 435 1287; x_wconf 79' lang='grc' dir='ltr'>ἀπὸ</span> <span class='ocrx_word' id='word_1_120' title='bbox 469 1241 630 1302; x_wconf 84' lang='grc' dir='ltr'>καιροῦ</span> <span class='ocrx_word' id='word_1_121' title='bbox 664 1237 915 1303; x_wconf 83' lang='grc' dir='ltr'>χρήσιμον,</span> <span class='ocrx_word' id='word_1_122' title='bbox 944 1238 1019 1286; x_wconf 77' lang='grc' dir='ltr'>καὶ</span> <span class='ocrx_word' id='word_1_123' title='bbox 1055 1236 1104 1285; x_wconf 84' lang='grc' dir='ltr'>ἐκ</span> <span class='ocrx_word' id='word_1_124' title='bbox 1139 1240 1233 1285; x_wconf 84' lang='grc' dir='ltr'>τῶν</span> <span class='ocrx_word' id='word_1_125' title='bbox 1258 1236 1477 1285; x_wconf 84' lang='grc' dir='ltr'>ἐναντίων</span> <span class='ocrx_word' id='word_1_126' title='bbox 1503 1234 1557 1285; x_wconf 81' lang='grc' dir='ltr'>τὸ</span> <span class='ocrx_word' id='word_1_127' title='bbox 1584 1234 1788 1295; x_wconf 78' lang='grc' dir='ltr'>βλάβος,</span> <span class='ocrx_word' id='word_1_128' title='bbox 1819 1232 1933 1283; x_wconf 77' lang='grc' dir='ltr'>ὅταν</span> 
     </span>
     <span class='ocr_line' id='line_1_15' title="bbox 341 1313 1931 1382; baseline -0.003 -14"><span class='ocrx_word' id='word_1_129' title='bbox 341 1317 370 1382; x_wconf 75' lang='grc' dir='ltr'>ἢ</span> <span class='ocrx_word' id='word_1_130' title='bbox 411 1316 738 1381; x_wconf 85' lang='grc' dir='ltr'>ἐπιστημόνως</span> <span class='ocrx_word' id='word_1_131' title='bbox 776 1316 1056 1382; x_wconf 79' lang='grc' dir='ltr'>προσιόντες</span> <span class='ocrx_word' id='word_1_132' title='bbox 1094 1317 1239 1382; x_wconf 76' lang='grc' dir='ltr'>ἤγουν</span> <span class='ocrx_word' id='word_1_133' title='bbox 1271 1318 1477 1379; x_wconf 81' lang='grc' dir='ltr'>ἀμαθῶς,</span> <span class='ocrx_word' id='word_1_134' title='bbox 1516 1315 1542 1380; x_wconf 76' lang='grc' dir='ltr'>ἢ</span> <span class='ocrx_word' id='word_1_135' title='bbox 1579 1321 1675 1368; x_wconf 83' lang='grc' dir='ltr'>τοῖς</span> <span class='ocrx_word' id='word_1_136' title='bbox 1710 1314 1872 1379; x_wconf 80' lang='grc' dir='ltr'>ἡδέσιν</span> <span class='ocrx_word' id='word_1_137' title='bbox 1902 1313 1931 1378; x_wconf 80' lang='grc' dir='ltr'>ἢ</span> 
     </span>
    </p>

    <p class='ocr_par' dir='ltr' id='par_1_6' title="bbox 121 1396 2008 1876">
     <span class='ocr_line' id='line_1_16' title="bbox 305 1396 2003 1467; baseline -0.001 -17"><span class='ocrx_word' id='word_1_138' title='bbox 305 1405 437 1453; x_wconf 63' lang='lat' dir='ltr'><em>crois</em></span> <span class='ocrx_word' id='word_1_139' title='bbox 488 1401 576 1467; x_wconf 81' lang='grc' dir='ltr'>οὐχ</span> <span class='ocrx_word' id='word_1_140' title='bbox 620 1401 768 1453; x_wconf 76' lang='grc' dir='ltr'>οὕτως</span> <span class='ocrx_word' id='word_1_141' title='bbox 814 1399 1005 1466; x_wconf 70' lang='grc' dir='ltr'>ε”χουσιν</span> <span class='ocrx_word' id='word_1_142' title='bbox 1049 1398 1421 1465; x_wconf 89' lang='grc' dir='ltr'>περιπίπτωμεν.</span> <span class='ocrx_word' id='word_1_143' title='bbox 1487 1397 1585 1449; x_wconf 74' lang='grc' dir='ltr'>οἷον</span> <span class='ocrx_word' id='word_1_144' title='bbox 1630 1396 1685 1448; x_wconf 79' lang='grc' dir='ltr'>δέ</span> <span class='ocrx_word' id='word_1_145' title='bbox 1721 1420 1767 1448; x_wconf 94' lang='grc' dir='ltr'>τι</span> <span class='ocrx_word' id='word_1_146' title='bbox 1811 1396 1938 1464; x_wconf 86' lang='grc' dir='ltr'>φημί</span> <span class='ocrx_word' id='word_1_147' title='bbox 1957 1421 2003 1459; x_wconf 91' lang='lat'>15</span> 
     </span>
     <span class='ocr_line' id='line_1_17' title="bbox 121 1477 1934 1558; baseline -0.002 -25"><span class='ocrx_word' id='word_1_148' title='bbox 121 1484 210 1558; x_wconf 55' lang='lat'>{30⁰¹-</span> <span class='ocrx_word' id='word_1_149' title='bbox 229 1484 275 1515; x_wconf 74' lang='lat' dir='ltr'><strong>iii.</strong></span> <span class='ocrx_word' id='word_1_150' title='bbox 345 1490 372 1512; x_wconf 83' lang='lat'><strong>“</strong></span> <span class='ocrx_word' id='word_1_151' title='bbox 396 1481 573 1549; x_wconf 81' lang='grc' dir='ltr'>Καιρὸς</span> <span class='ocrx_word' id='word_1_152' title='bbox 599 1483 741 1533; x_wconf 81' lang='grc' dir='ltr'>παντὶ</span> <span class='ocrx_word' id='word_1_153' title='bbox 767 1479 1052 1548; x_wconf 86' lang='grc' dir='ltr'>πράγματι,”</span> <span class='ocrx_word' id='word_1_154' title='bbox 1081 1479 1202 1531; x_wconf 79' lang='grc' dir='ltr'>καθὰ</span> <span class='ocrx_word' id='word_1_155' title='bbox 1228 1481 1506 1546; x_wconf 78' lang='grc' dir='ltr'>γέγραπται,</span> <span class='ocrx_word' id='word_1_156' title='bbox 1534 1482 1609 1530; x_wconf 80' lang='grc' dir='ltr'>καὶ</span> <span class='ocrx_word' id='word_1_157' title='bbox 1635 1477 1688 1530; x_wconf 78' lang='grc' dir='ltr'>τὸ</span> <span class='ocrx_word' id='word_1_158' title='bbox 1715 1479 1798 1541; x_wconf 82' lang='grc' dir='ltr'>μὲν</span> <span class='ocrx_word' id='word_1_159' title='bbox 1823 1478 1934 1529; x_wconf 82' lang='grc' dir='ltr'>εἰδέ-</span> 
     </span>
     <span class='ocr_line' id='line_1_18' title="bbox 344 1560 1934 1631; baseline -0.002 -16"><span class='ocrx_word' id='word_1_160' title='bbox 344 1588 418 1615; x_wconf 92' lang='grc' dir='ltr'>ναι</span> <span class='ocrx_word' id='word_1_161' title='bbox 455 1564 654 1631; x_wconf 76' lang='grc' dir='ltr'>καιροὺς,</span> <span class='ocrx_word' id='word_1_162' title='bbox 683 1563 1095 1631; x_wconf 75' lang='grc' dir='ltr'>ἐπωφελέστατον,</span> <span class='ocrx_word' id='word_1_163' title='bbox 1122 1562 1176 1613; x_wconf 82' lang='grc' dir='ltr'>τὸ</span> <span class='ocrx_word' id='word_1_164' title='bbox 1211 1561 1259 1612; x_wconf 78' lang='grc' dir='ltr'>δὲ</span> <span class='ocrx_word' id='word_1_165' title='bbox 1292 1562 1356 1626; x_wconf 84' lang='grc' dir='ltr'>μὴ</span> <span class='ocrx_word' id='word_1_166' title='bbox 1392 1563 1696 1624; x_wconf 86' lang='grc' dir='ltr'>ἐπίστασθαι,</span> <span class='ocrx_word' id='word_1_167' title='bbox 1721 1560 1850 1612; x_wconf 77' lang='grc' dir='ltr'>πολὺ</span> <span class='ocrx_word' id='word_1_168' title='bbox 1877 1560 1934 1625; x_wconf 86' lang='grc' dir='ltr'>δὴ</span> 
     </span>
     <span class='ocr_line' id='line_1_19' title="bbox 344 1642 1937 1712; baseline -0.001 -16"><span class='ocrx_word' id='word_1_169' title='bbox 344 1647 453 1697; x_wconf 89' lang='grc' dir='ltr'>λίαν</span> <span class='ocrx_word' id='word_1_170' title='bbox 480 1645 733 1712; x_wconf 75' lang='grc' dir='ltr'>ἐπιζήμιον.</span> <span class='ocrx_word' id='word_1_171' title='bbox 789 1648 860 1696; x_wconf 84' lang='grc' dir='ltr'>δεῖ</span> <span class='ocrx_word' id='word_1_172' title='bbox 892 1645 985 1712; x_wconf 78' lang='grc' dir='ltr'>γὰρ</span> <span class='ocrx_word' id='word_1_173' title='bbox 1016 1646 1099 1695; x_wconf 83' lang='grc' dir='ltr'>οὐκ</span> <span class='ocrx_word' id='word_1_174' title='bbox 1125 1647 1173 1695; x_wconf 85' lang='grc' dir='ltr'>ἐν</span> <span class='ocrx_word' id='word_1_175' title='bbox 1203 1649 1394 1712; x_wconf 83' lang='grc' dir='ltr'>χειμῶνι</span> <span class='ocrx_word' id='word_1_176' title='bbox 1421 1646 1777 1706; x_wconf 86' lang='grc' dir='ltr'>ναυτίλλεσθαι,</span> <span class='ocrx_word' id='word_1_177' title='bbox 1804 1642 1859 1694; x_wconf 75' lang='grc' dir='ltr'>τὸ</span> <span class='ocrx_word' id='word_1_178' title='bbox 1887 1642 1937 1694; x_wconf 79' lang='grc' dir='ltr'>δὲ</span> 
     </span>
     <span class='ocr_line' id='line_1_20' title="bbox 344 1725 1937 1794; baseline -0.003 -15"><span class='ocrx_word' id='word_1_179' title='bbox 344 1730 392 1778; x_wconf 87' lang='grc' dir='ltr'>ἐν</span> <span class='ocrx_word' id='word_1_180' title='bbox 426 1729 545 1794; x_wconf 76' lang='grc' dir='ltr'>θέρει</span> <span class='ocrx_word' id='word_1_181' title='bbox 579 1733 718 1779; x_wconf 90' lang='grc' dir='ltr'>τοῦτο</span> <span class='ocrx_word' id='word_1_182' title='bbox 755 1731 870 1793; x_wconf 80' lang='grc' dir='ltr'>δρᾶν</span> <span class='ocrx_word' id='word_1_183' title='bbox 904 1729 986 1778; x_wconf 81' lang='grc' dir='ltr'>οὐκ</span> <span class='ocrx_word' id='word_1_184' title='bbox 1025 1728 1320 1778; x_wconf 83' lang='grc' dir='ltr'>ἀπαίδευτον·</span> <span class='ocrx_word' id='word_1_185' title='bbox 1364 1728 1486 1777; x_wconf 79' lang='grc' dir='ltr'>οὕτω</span> <span class='ocrx_word' id='word_1_186' title='bbox 1527 1726 1574 1777; x_wconf 78' lang='grc' dir='ltr'>δὲ</span> <span class='ocrx_word' id='word_1_187' title='bbox 1612 1727 1718 1791; x_wconf 79' lang='grc' dir='ltr'>περὶ</span> <span class='ocrx_word' id='word_1_188' title='bbox 1757 1725 1937 1776; x_wconf 84' lang='grc' dir='ltr'>τούτων</span> 
     </span>
     <span class='ocr_line' id='line_1_21' title="bbox 345 1807 2008 1876; baseline -0.002 -15"><span class='ocrx_word' id='word_1_189' title='bbox 345 1811 620 1873; x_wconf 87' lang='grc' dir='ltr'>διακείμενοι</span> <span class='ocrx_word' id='word_1_190' title='bbox 671 1809 974 1873; x_wconf 86' lang='grc' dir='ltr'>ἀναθήσομεν</span> <span class='ocrx_word' id='word_1_191' title='bbox 1024 1813 1119 1860; x_wconf 82' lang='grc' dir='ltr'>τῶν</span> <span class='ocrx_word' id='word_1_192' title='bbox 1170 1808 1278 1859; x_wconf 87' lang='grc' dir='ltr'>καθ’</span> <span class='ocrx_word' id='word_1_193' title='bbox 1328 1809 1449 1872; x_wconf 81' lang='grc' dir='ltr'>ἡμᾶς</span> <span class='ocrx_word' id='word_1_194' title='bbox 1499 1808 1558 1859; x_wconf 80' lang='grc' dir='ltr'>τὰ</span> <span class='ocrx_word' id='word_1_195' title='bbox 1609 1807 1821 1872; x_wconf 87' lang='grc' dir='ltr'>πηδάλια</span> <span class='ocrx_word' id='word_1_196' title='bbox 1871 1811 1938 1876; x_wconf 74' lang='grc' dir='ltr'>τῷ</span> <span class='ocrx_word' id='word_1_197' title='bbox 1958 1832 2008 1858; x_wconf 88' lang='lat'>20</span> 
     </span>
    </p>
   </div>
   <div class='ocr_carea' id='block_1_5' title="bbox 120 1889 1938 2003">
    <p class='ocr_par' dir='ltr' id='par_1_7' title="bbox 120 1889 1938 2003">
     <span class='ocr_line' id='line_1_22' title="bbox 345 1889 1938 1960; baseline -0.001 -17"><span class='ocrx_word' id='word_1_198' title='bbox 345 1891 537 1944; x_wconf 88' lang='grc' dir='ltr'>πάντων</span> <span class='ocrx_word' id='word_1_199' title='bbox 589 1891 819 1959; x_wconf 85' lang='grc' dir='ltr'>ἐπιστάτῃ</span> <span class='ocrx_word' id='word_1_200' title='bbox 871 1895 996 1960; x_wconf 70' lang='grc' dir='ltr'>Θεῷ.</span> <span class='ocrx_word' id='word_1_201' title='bbox 1077 1895 1115 1942; x_wconf 79' lang='grc' dir='ltr'>εὶ</span> <span class='ocrx_word' id='word_1_202' title='bbox 1166 1890 1260 1956; x_wconf 79' lang='grc' dir='ltr'>γὰρ</span> <span class='ocrx_word' id='word_1_203' title='bbox 1311 1889 1432 1941; x_wconf 78' lang='grc' dir='ltr'>κατὰ</span> <span class='ocrx_word' id='word_1_204' title='bbox 1481 1889 1567 1954; x_wconf 86' lang='grc' dir='ltr'>τὴν</span> <span class='ocrx_word' id='word_1_205' title='bbox 1618 1891 1802 1958; x_wconf 79' lang='grc' dir='ltr'>ἀψευδῆ</span> <span class='ocrx_word' id='word_1_206' title='bbox 1853 1894 1938 1939; x_wconf 84' lang='grc' dir='ltr'>τοῦ</span> 
     </span>
     <span class='ocr_line' id='line_1_23' title="bbox 120 1973 282 2003; baseline 0 0"><span class='ocrx_word' id='word_1_207' title='bbox 120 1973 282 2003; x_wconf 66' lang='lat' dir='ltr'><strong>snatth.</strong></span> 
     </span>
    </p>
   </div>
   <div class='ocr_carea' id='block_1_6' title="bbox 119 1971 1937 2058">
    <p class='ocr_par' dir='ltr' id='par_1_8' title="bbox 119 1971 1937 2058">
     <span class='ocr_line' id='line_1_24' title="bbox 119 1971 1937 2058; baseline -0.003 -31"><span class='ocrx_word' id='word_1_208' title='bbox 119 2027 151 2047; x_wconf 85' lang='lat' dir='ltr'>x.</span> <span class='ocrx_word' id='word_1_209' title='bbox 172 2026 221 2058; x_wconf 84' lang='lat'>²9·</span> <span class='ocrx_word' id='word_1_210' title='bbox 348 1978 568 2041; x_wconf 78' lang='grc' dir='ltr'>Σωτῆρος</span> <span class='ocrx_word' id='word_1_211' title='bbox 595 1973 772 2043; x_wconf 86' lang='grc' dir='ltr'>φωνὴν,</span> <span class='ocrx_word' id='word_1_212' title='bbox 800 1973 854 2024; x_wconf 79' lang='grc' dir='ltr'>τὸ</span> <span class='ocrx_word' id='word_1_213' title='bbox 886 1973 1053 2039; x_wconf 81' lang='grc' dir='ltr'>μικρὸν</span> <span class='ocrx_word' id='word_1_214' title='bbox 1076 1979 1215 2024; x_wconf 91' lang='grc' dir='ltr'>τοῦτο</span> <span class='ocrx_word' id='word_1_215' title='bbox 1251 1977 1326 2024; x_wconf 83' lang='grc' dir='ltr'>καὶ</span> <span class='ocrx_word' id='word_1_216' title='bbox 1361 1971 1542 2026; x_wconf 79' lang='grc' dir='ltr'>εὐτελὲς</span> <span class='ocrx_word' id='word_1_217' title='bbox 1576 1972 1829 2037; x_wconf 85' lang='grc' dir='ltr'>στρουθίον</span> <span class='ocrx_word' id='word_1_218' title='bbox 1855 1973 1937 2022; x_wconf 82' lang='grc' dir='ltr'>οὐκ</span> 
     </span>
    </p>
   </div>
   <div class='ocr_carea' id='block_1_7' title="bbox 299 2054 2073 2782">
    <p class='ocr_par' dir='ltr' id='par_1_9' title="bbox 299 2054 2073 2782">
     <span class='ocr_line' id='line_1_25' title="bbox 345 2054 1938 2123; baseline -0.003 -16"><span class='ocrx_word' id='word_1_219' title='bbox 345 2055 403 2107; x_wconf 76' lang='grc' dir='ltr'>ἂν</span> <span class='ocrx_word' id='word_1_220' title='bbox 443 2080 504 2110; x_wconf 95' lang='grc' dir='ltr'>εις</span> <span class='ocrx_word' id='word_1_221' title='bbox 542 2056 721 2122; x_wconf 89' lang='grc' dir='ltr'>παγίδα</span> <span class='ocrx_word' id='word_1_222' title='bbox 759 2078 886 2123; x_wconf 90' lang='grc' dir='ltr'>πεσῃ</span> <span class='ocrx_word' id='word_1_223' title='bbox 925 2055 1039 2106; x_wconf 80' lang='grc' dir='ltr'>ποτὲ</span> <span class='ocrx_word' id='word_1_224' title='bbox 1079 2055 1187 2122; x_wconf 86' lang='grc' dir='ltr'>δίχα</span> <span class='ocrx_word' id='word_1_225' title='bbox 1225 2058 1308 2118; x_wconf 91' lang='grc' dir='ltr'>τῆς</span> <span class='ocrx_word' id='word_1_226' title='bbox 1346 2054 1537 2120; x_wconf 83' lang='grc' dir='ltr'>γνώμης</span> <span class='ocrx_word' id='word_1_227' title='bbox 1575 2059 1658 2104; x_wconf 88' lang='grc' dir='ltr'>τοῦ</span> <span class='ocrx_word' id='word_1_228' title='bbox 1698 2057 1823 2104; x_wconf 81' lang='grc' dir='ltr'>Θεοῦ</span> <span class='ocrx_word' id='word_1_229' title='bbox 1861 2054 1938 2104; x_wconf 80' lang='grc' dir='ltr'>καὶ</span> 
     </span>
     <span class='ocr_line' id='line_1_26' title="bbox 299 2133 1940 2205; baseline -0.001 -18"><span class='ocrx_word' id='word_1_230' title='bbox 299 2146 326 2186; x_wconf 90' lang='lat' dir='ltr'><strong>d</strong></span> <span class='ocrx_word' id='word_1_231' title='bbox 350 2137 552 2205; x_wconf 87' lang='grc' dir='ltr'>Πατρος,</span> <span class='ocrx_word' id='word_1_232' title='bbox 580 2142 680 2191; x_wconf 80' lang='grc' dir='ltr'>πῶς</span> <span class='ocrx_word' id='word_1_233' title='bbox 716 2136 774 2188; x_wconf 79' lang='grc' dir='ltr'>ἂν</span> <span class='ocrx_word' id='word_1_234' title='bbox 806 2138 831 2188; x_wconf 82' lang='grc' dir='ltr'>ὁ</span> <span class='ocrx_word' id='word_1_235' title='bbox 867 2138 988 2188; x_wconf 78' lang='grc' dir='ltr'>οὕτω</span> <span class='ocrx_word' id='word_1_236' title='bbox 1025 2160 1327 2201; x_wconf 90' lang='grc' dir='ltr'>τετιμημενος</span> <span class='ocrx_word' id='word_1_237' title='bbox 1363 2139 1438 2187; x_wconf 85' lang='grc' dir='ltr'>καὶ</span> <span class='ocrx_word' id='word_1_238' title='bbox 1473 2159 1558 2199; x_wconf 89' lang='grc' dir='ltr'>την</span> <span class='ocrx_word' id='word_1_239' title='bbox 1593 2134 1713 2186; x_wconf 80' lang='grc' dir='ltr'>κατὰ</span> <span class='ocrx_word' id='word_1_240' title='bbox 1747 2133 1940 2186; x_wconf 86' lang='grc' dir='ltr'>πάντων</span> 
     </span>
     <span class='ocr_line' id='line_1_27' title="bbox 346 2214 2009 2320; baseline -0.002 -50"><span class='ocrx_word' id='word_1_241' title='bbox 346 2223 518 2320; x_wconf 77' lang='grc' dir='ltr'>ψῆφον</span> <span class='ocrx_word' id='word_1_242' title='bbox 545 2219 722 2287; x_wconf 82' lang='grc' dir='ltr'>λαχὼν,</span> <span class='ocrx_word' id='word_1_243' title='bbox 749 2219 893 2270; x_wconf 87' lang='grc' dir='ltr'>πάθοι</span> <span class='ocrx_word' id='word_1_244' title='bbox 919 2242 964 2270; x_wconf 92' lang='grc' dir='ltr'>τι</span> <span class='ocrx_word' id='word_1_245' title='bbox 991 2223 1085 2270; x_wconf 82' lang='grc' dir='ltr'>τῶν</span> <span class='ocrx_word' id='word_1_246' title='bbox 1110 2218 1240 2284; x_wconf 81' lang='grc' dir='ltr'>παρὰ</span> <span class='ocrx_word' id='word_1_247' title='bbox 1267 2218 1462 2285; x_wconf 85' lang='grc' dir='ltr'>γνώμην</span> <span class='ocrx_word' id='word_1_248' title='bbox 1488 2216 1517 2282; x_wconf 75' lang='grc' dir='ltr'>ἢ</span> <span class='ocrx_word' id='word_1_249' title='bbox 1555 2218 1653 2268; x_wconf 90' lang='grc' dir='ltr'>κατ’</span> <span class='ocrx_word' id='word_1_250' title='bbox 1683 2216 1844 2284; x_wconf 83' lang='grc' dir='ltr'>εὐχὴν,</span> <span class='ocrx_word' id='word_1_251' title='bbox 1874 2214 1938 2281; x_wconf 90' lang='grc' dir='ltr'>μὴ</span> <span class='ocrx_word' id='word_1_252' title='bbox 1961 2242 2009 2281; x_wconf 88' lang='lat'>25</span> 
     </span>
     <span class='ocr_line' id='line_1_28' title="bbox 348 2301 1936 2370; baseline -0.003 -17"><span class='ocrx_word' id='word_1_253' title='bbox 348 2303 452 2370; x_wconf 81' lang='grc' dir='ltr'>οὐχὶ</span> <span class='ocrx_word' id='word_1_254' title='bbox 490 2305 573 2366; x_wconf 87' lang='grc' dir='ltr'>τῆς</span> <span class='ocrx_word' id='word_1_255' title='bbox 612 2303 834 2368; x_wconf 88' lang='grc' dir='ltr'>προνοίας</span> <span class='ocrx_word' id='word_1_256' title='bbox 873 2302 1005 2352; x_wconf 84' lang='grc' dir='ltr'>οὐδεν</span> <span class='ocrx_word' id='word_1_257' title='bbox 1043 2324 1087 2352; x_wconf 90' lang='grc' dir='ltr'>τι</span> <span class='ocrx_word' id='word_1_258' title='bbox 1126 2301 1369 2366; x_wconf 82' lang='grc' dir='ltr'>καλούσης</span> <span class='ocrx_word' id='word_1_259' title='bbox 1408 2305 1503 2352; x_wconf 82' lang='grc' dir='ltr'>τῶν</span> <span class='ocrx_word' id='word_1_260' title='bbox 1537 2323 1789 2367; x_wconf 89' lang='grc' dir='ltr'>ειρημενων</span> <span class='ocrx_word' id='word_1_261' title='bbox 1821 2301 1936 2350; x_wconf 87' lang='grc' dir='ltr'>ἀνα-</span> 
     </span>
     <span class='ocr_line' id='line_1_29' title="bbox 349 2382 1206 2453; baseline 0 -18"><span class='ocrx_word' id='word_1_262' title='bbox 349 2385 508 2451; x_wconf 86' lang='grc' dir='ltr'>λόγως</span> <span class='ocrx_word' id='word_1_263' title='bbox 533 2390 629 2438; x_wconf 83' lang='grc' dir='ltr'>τοῖς</span> <span class='ocrx_word' id='word_1_264' title='bbox 656 2382 844 2453; x_wconf 79' lang='grc' dir='ltr'>ἑκάστῳ</span> <span class='ocrx_word' id='word_1_265' title='bbox 869 2384 1206 2446; x_wconf 75' lang='grc' dir='ltr'>βεβιωμένοιςς</span> 
     </span>
     <span class='ocr_line' id='line_1_30' title="bbox 426 2463 1941 2533; baseline -0.001 -16"><span class='ocrx_word' id='word_1_266' title='bbox 426 2466 706 2533; x_wconf 89' lang='grc' dir='ltr'>Παραθήσω</span> <span class='ocrx_word' id='word_1_267' title='bbox 747 2466 806 2516; x_wconf 74' lang='grc' dir='ltr'>δέ</span> <span class='ocrx_word' id='word_1_268' title='bbox 833 2489 878 2517; x_wconf 91' lang='grc' dir='ltr'>τι</span> <span class='ocrx_word' id='word_1_269' title='bbox 916 2464 1034 2532; x_wconf 80' lang='grc' dir='ltr'>πρὸς</span> <span class='ocrx_word' id='word_1_270' title='bbox 1064 2465 1244 2518; x_wconf 83' lang='grc' dir='ltr'>τούτοις</span> <span class='ocrx_word' id='word_1_271' title='bbox 1281 2464 1452 2530; x_wconf 81' lang='grc' dir='ltr'>ἕτερον,</span> <span class='ocrx_word' id='word_1_272' title='bbox 1487 2463 1511 2515; x_wconf 78' lang='grc' dir='ltr'><strong><em>ὃ</em></strong></span> <span class='ocrx_word' id='word_1_273' title='bbox 1546 2465 1622 2515; x_wconf 77' lang='grc' dir='ltr'>καὶ</span> <span class='ocrx_word' id='word_1_274' title='bbox 1657 2468 1824 2530; x_wconf 87' lang='grc' dir='ltr'>μικροῦ</span> <span class='ocrx_word' id='word_1_275' title='bbox 1857 2465 1941 2527; x_wconf 87' lang='grc' dir='ltr'>τῆς</span> 
     </span>
     <span class='ocr_line' id='line_1_31' title="bbox 350 2544 2057 2617; baseline -0.002 -18"><span class='ocrx_word' id='word_1_276' title='bbox 350 2547 535 2613; x_wconf 86' lang='grc' dir='ltr'>μνήμης</span> <span class='ocrx_word' id='word_1_277' title='bbox 588 2547 902 2616; x_wconf 78' lang='grc' dir='ltr'>ἀποτιναχθὲν</span> <span class='ocrx_word' id='word_1_278' title='bbox 950 2548 1169 2617; x_wconf 77' lang='grc' dir='ltr'>ἐξῴχετο,</span> <span class='ocrx_word' id='word_1_279' title='bbox 1221 2547 1369 2597; x_wconf 89' lang='grc' dir='ltr'>καίτοι</span> <span class='ocrx_word' id='word_1_280' title='bbox 1423 2547 1533 2597; x_wconf 90' lang='grc' dir='ltr'>λίαν</span> <span class='ocrx_word' id='word_1_281' title='bbox 1584 2544 1799 2612; x_wconf 82' lang='grc' dir='ltr'>ὑπάρχον</span> <span class='ocrx_word' id='word_1_282' title='bbox 1847 2549 1943 2596; x_wconf 84' lang='grc' dir='ltr'>τῶν</span> <span class='ocrx_word' id='word_1_283' title='bbox 2055 2608 2057 2610; x_wconf 14' lang='lat' dir='ltr'>q</span> 
     </span>
     <span class='ocr_line' id='line_1_32' title="bbox 350 2626 2073 2697; baseline -0.004 -14"><span class='ocrx_word' id='word_1_284' title='bbox 350 2630 669 2697; x_wconf 78' lang='grc' dir='ltr'>προκειμένων</span> <span class='ocrx_word' id='word_1_285' title='bbox 708 2628 950 2695; x_wconf 78' lang='grc' dir='ltr'>συγγενὲς,</span> <span class='ocrx_word' id='word_1_286' title='bbox 989 2633 1179 2693; x_wconf 84' lang='grc' dir='ltr'>μᾶλλον</span> <span class='ocrx_word' id='word_1_287' title='bbox 1218 2628 1266 2678; x_wconf 85' lang='grc' dir='ltr'>δὲ</span> <span class='ocrx_word' id='word_1_288' title='bbox 1307 2627 1393 2691; x_wconf 82' lang='grc' dir='ltr'>τὴν</span> <span class='ocrx_word' id='word_1_289' title='bbox 1431 2626 1577 2691; x_wconf 82' lang='grc' dir='ltr'>αὐτὴν</span> <span class='ocrx_word' id='word_1_290' title='bbox 1614 2627 1828 2695; x_wconf 77' lang='grc' dir='ltr'>ἐξαιτοῦν</span> <span class='ocrx_word' id='word_1_291' title='bbox 1865 2626 1939 2695; x_wconf 86' lang='grc' dir='ltr'>ἐφ’</span> <span class='ocrx_word' id='word_1_292' title='bbox 1961 2650 2013 2687; x_wconf 85' lang='lat'>30</span> <span class='ocrx_word' id='word_1_293' title='bbox 2071 2655 2073 2658; x_wconf 94' lang='lat'>·</span> 
     </span>
     <span class='ocr_line' id='line_1_33' title="bbox 351 2707 1943 2782; baseline -0.003 -19"><span class='ocrx_word' id='word_1_294' title='bbox 351 2714 500 2782; x_wconf 74' lang='grc' dir='ltr'>ἑαυτῷ</span> <span class='ocrx_word' id='word_1_295' title='bbox 538 2711 745 2778; x_wconf 75' lang='grc' dir='ltr'>ζήτησιν,</span> <span class='ocrx_word' id='word_1_296' title='bbox 778 2714 853 2762; x_wconf 80' lang='grc' dir='ltr'>καὶ</span> <span class='ocrx_word' id='word_1_297' title='bbox 891 2709 978 2774; x_wconf 87' lang='grc' dir='ltr'>τὴν</span> <span class='ocrx_word' id='word_1_298' title='bbox 1013 2711 1157 2761; x_wconf 84' lang='grc' dir='ltr'>λύσιν</span> <span class='ocrx_word' id='word_1_299' title='bbox 1192 2709 1300 2777; x_wconf 81' lang='grc' dir='ltr'>ἕχον</span> <span class='ocrx_word' id='word_1_300' title='bbox 1337 2711 1390 2760; x_wconf 81' lang='grc' dir='ltr'>οὐ</span> <span class='ocrx_word' id='word_1_301' title='bbox 1429 2708 1659 2777; x_wconf 86' lang='grc' dir='ltr'>χαλεπὴν,</span> <span class='ocrx_word' id='word_1_302' title='bbox 1697 2707 1829 2760; x_wconf 79' lang='grc' dir='ltr'>ἀλλὰ</span> <span class='ocrx_word' id='word_1_303' title='bbox 1867 2709 1943 2759; x_wconf 82' lang='grc' dir='ltr'>καὶ</span> 
     </span>
    </p>
   </div>
   <div class='ocr_carea' id='block_1_8' title="bbox 354 2817 1943 2911">
    <p class='ocr_par' dir='ltr' id='par_1_10' title="bbox 354 2817 1943 2911">
     <span class='ocr_line' id='line_1_34' title="bbox 401 2817 1943 2866; baseline -0.004 -10"><span class='ocrx_word' id='word_1_304' title='bbox 401 2834 433 2866; x_wconf 89' lang='lat'>9.</span> <span class='ocrx_word' id='word_1_305' title='bbox 459 2820 548 2866; x_wconf 82' lang='grc' dir='ltr'>οὐδ’]</span> <span class='ocrx_word' id='word_1_306' title='bbox 568 2821 645 2855; x_wconf 79' lang='grc' dir='ltr'>οὐδὲ</span> <span class='ocrx_word' id='word_1_307' title='bbox 664 2833 694 2855; x_wconf 84' lang='lat' dir='ltr'>a.</span> <span class='ocrx_word' id='word_1_308' title='bbox 775 2821 819 2856; x_wconf 86' lang='grc' dir='ltr'>ὡς</span> <span class='ocrx_word' id='word_1_309' title='bbox 836 2820 854 2862; x_wconf 83' lang='grc' dir='ltr'>ἢ</span> <span class='ocrx_word' id='word_1_310' title='bbox 873 2821 1002 2854; x_wconf 85' lang='lat' dir='ltr'>retinui</span> <span class='ocrx_word' id='word_1_311' title='bbox 1019 2832 1060 2854; x_wconf 87' lang='lat' dir='ltr'>ex</span> <span class='ocrx_word' id='word_1_312' title='bbox 1080 2819 1199 2853; x_wconf 84' lang='lat' dir='ltr'>Holst.</span> <span class='ocrx_word' id='word_1_313' title='bbox 1219 2818 1286 2853; x_wconf 91' lang='lat' dir='ltr'>Ed.</span> <span class='ocrx_word' id='word_1_314' title='bbox 1305 2830 1324 2851; x_wconf 84' lang='lat' dir='ltr'>a</span> <span class='ocrx_word' id='word_1_315' title='bbox 1344 2819 1377 2863; x_wconf 83' lang='lat' dir='ltr'>(e</span> <span class='ocrx_word' id='word_1_316' title='bbox 1395 2817 1466 2861; x_wconf 81' lang='lat' dir='ltr'>sil.)</span> <span class='ocrx_word' id='word_1_317' title='bbox 1485 2817 1551 2861; x_wconf 87' lang='grc' dir='ltr'>ὅση</span> <span class='ocrx_word' id='word_1_318' title='bbox 1572 2818 1614 2853; x_wconf 90' lang='grc' dir='ltr'>Β.</span> <span class='ocrx_word' id='word_1_319' title='bbox 1763 2828 1815 2851; x_wconf 90' lang='lat'>10.</span> <span class='ocrx_word' id='word_1_320' title='bbox 1843 2831 1943 2851; x_wconf 84' lang='grc' dir='ltr'>κατα-</span> 
     </span>
     <span class='ocr_line' id='line_1_35' title="bbox 354 2862 1943 2911; baseline -0.003 -9"><span class='ocrx_word' id='word_1_321' title='bbox 354 2869 520 2911; x_wconf 77' lang='grc' dir='ltr'>δεξάμεθα</span> <span class='ocrx_word' id='word_1_322' title='bbox 538 2880 568 2903; x_wconf 88' lang='lat' dir='ltr'>a.</span> <span class='ocrx_word' id='word_1_323' title='bbox 590 2869 666 2902; x_wconf 84' lang='lat' dir='ltr'>Cat.</span> <span class='ocrx_word' id='word_1_324' title='bbox 687 2868 786 2902; x_wconf 82' lang='lat' dir='ltr'>Harl.</span> <span class='ocrx_word' id='word_1_325' title='bbox 934 2878 987 2901; x_wconf 89' lang='lat'>12.</span> <span class='ocrx_word' id='word_1_326' title='bbox 1015 2866 1219 2910; x_wconf 82' lang='grc' dir='ltr'>ἐκδεξάμεθα</span> <span class='ocrx_word' id='word_1_327' title='bbox 1237 2877 1266 2900; x_wconf 88' lang='lat' dir='ltr'>a.</span> <span class='ocrx_word' id='word_1_328' title='bbox 1288 2865 1364 2900; x_wconf 83' lang='lat' dir='ltr'>Cat.</span> <span class='ocrx_word' id='word_1_329' title='bbox 1389 2866 1486 2899; x_wconf 84' lang='lat' dir='ltr'>Harl.</span> <span class='ocrx_word' id='word_1_330' title='bbox 1629 2875 1683 2898; x_wconf 89' lang='lat'>20.</span> <span class='ocrx_word' id='word_1_331' title='bbox 1709 2867 1776 2898; x_wconf 84' lang='grc' dir='ltr'>τῶν</span> <span class='ocrx_word' id='word_1_332' title='bbox 1795 2863 1858 2898; x_wconf 89' lang='lat' dir='ltr'>Ht.</span> <span class='ocrx_word' id='word_1_333' title='bbox 1876 2862 1943 2898; x_wconf 90' lang='lat' dir='ltr'>Ed.</span> 
     </span>
    </p>
   </div>
   <div class='ocr_carea' id='block_1_9' title="bbox 354 2910 1944 2996">
    <p class='ocr_par' dir='ltr' id='par_1_11' title="bbox 354 2910 1944 2996">
     <span class='ocr_line' id='line_1_36' title="bbox 354 2910 1944 2996; baseline -0.003 -47"><span class='ocrx_word' id='word_1_334' title='bbox 354 2918 399 2995; x_wconf 53' lang='grc' dir='ltr'><em>Ξῴ</em></span> <span class='ocrx_word' id='word_1_335' title='bbox 421 2915 496 2995; x_wconf 37' lang='grc' dir='ltr'>·Β.ἃ</span> <span class='ocrx_word' id='word_1_336' title='bbox 526 2961 548 2996; x_wconf 78' lang='lat' dir='ltr'>b</span> <span class='ocrx_word' id='word_1_337' title='bbox 607 2926 663 2949; x_wconf 87' lang='lat'>21.</span> <span class='ocrx_word' id='word_1_338' title='bbox 691 2917 750 2948; x_wconf 87' lang='grc' dir='ltr'>τοῦ</span> <span class='ocrx_word' id='word_1_339' title='bbox 769 2919 993 2959; x_wconf 77' lang='lat' dir='ltr'><strong>assumptum</strong></span> <span class='ocrx_word' id='word_1_340' title='bbox 1013 2925 1053 2947; x_wconf 82' lang='lat' dir='ltr'>ex</span> <span class='ocrx_word' id='word_1_341' title='bbox 1074 2913 1114 2947; x_wconf 92' lang='lat' dir='ltr'>B.</span> <span class='ocrx_word' id='word_1_342' title='bbox 1273 2912 1327 2946; x_wconf 89' lang='lat'>26.</span> <span class='ocrx_word' id='word_1_343' title='bbox 1354 2911 1495 2957; x_wconf 85' lang='grc' dir='ltr'>ὀφθέντι</span> <span class='ocrx_word' id='word_1_344' title='bbox 1515 2910 1555 2945; x_wconf 92' lang='grc' dir='ltr'>Β.</span> <span class='ocrx_word' id='word_1_345' title='bbox 1579 2911 1641 2946; x_wconf 87' lang='lat' dir='ltr'>Ht.</span> <span class='ocrx_word' id='word_1_346' title='bbox 1660 2910 1759 2945; x_wconf 85' lang='grc' dir='ltr'>οὐδέν</span> <span class='ocrx_word' id='word_1_347' title='bbox 1775 2925 1807 2944; x_wconf 90' lang='grc' dir='ltr'>τι</span> <span class='ocrx_word' id='word_1_348' title='bbox 1825 2921 1944 2944; x_wconf 89' lang='lat' dir='ltr'><strong>emen·</strong></span> 
     </span>
     <span class='ocr_line' id='line_1_37' title="bbox 379 2968 560 2995; baseline 0 0"><span class='ocrx_word' id='word_1_349' title='bbox 379 2968 447 2995; x_wconf 81' lang='lat' dir='ltr'>av1t</span> <span class='ocrx_word' id='word_1_350' title='bbox 467 2986 477 2995; x_wconf 69' lang='lat'><strong>.</strong></span> <span class='ocrx_word' id='word_1_351' title='bbox 501 2973 523 2995; x_wconf 91' lang='lat' dir='ltr'>u</span> <span class='ocrx_word' id='word_1_352' title='bbox 554 2988 560 2995; x_wconf 96' lang='lat'>.</span> 
     </span>
    </p>
   </div>
   <div class='ocr_carea' id='block_1_10' title="bbox 2049 0 2084 3317">
    <p class='ocr_par' dir='ltr' id='par_1_12' title="bbox 2049 0 2084 3317">
     <span class='ocr_line' id='line_1_38' title="bbox 2049 0 2084 3317; baseline 0 0"><span class='ocrx_word' id='word_1_353' title='bbox 2049 0 2084 3317; x_wconf 95' lang='lat' dir='ltr'> </span> 
     </span>
    </p>
   </div>
  </div>
 </body>
</html>
