2084 3317
145 159 182 186 v,
206 159 267 186 10.
396 148 469 189 IN
513 151 554 191 S.
588 151 922 196 JOANNEM.
987 157 1110 199 LIB.
1146 159 1206 199 II.
1270 161 1402 202 CAP.
1428 163 1477 205 V.
1649 167 1732 207 309

142 255 250 323 “ε’ξ
284 260 439 307 οἰκιῶν
472 261 600 322 ὑμῶν
631 266 688 329 τῇ
729 263 876 334 ἡμερα
916 273 998 317 τοῦ
1037 268 1338 329 σαββάτουμ
1379 276 1453 323 καὶ
1492 275 1545 324 οὐ
1581 275 1730 338 δήπου

140 335 337 402 φήσειεν
375 340 432 389 ἄν
471 364 553 404 τις,
593 367 644 398 ος
683 368 736 411 γε
775 349 1066 416 σωφρονοιη,
1106 354 1469 420 καταφρονητήν
1508 378 1610 407 τινα
1654 359 1727 408 καὶ
1749 382 1771 407 a
1801 374 1890 411 209
1906 374 1958 412 A.

137 417 319 485 ἐξήνιον
345 425 439 472 τῶν
465 426 600 475 θείων
630 427 939 493 ἐνταλμάτων
969 433 1307 485 ἀποτελεῖσθαι
1343 433 1426 487 τὸν
1458 437 1726 503 ἄνθρωπον,

136 501 247 549 ἀλλ’
276 503 337 555 ὡς
370 505 418 554 ἐν
443 505 577 577 τύπῳ
611 512 706 562 τοῖς
747 512 971 566 Ῑουδαίοις
998 513 1255 581 φανερὸν’
1233 518 1374 568 εποίει
1402 521 1684 585 Χριστὸς,’
1660 545 1730 573 οτι

93 560 567 649 5θεραπευθήσονταιι
605 589 690 652 μὲν
725 593 779 642 δι’
820 594 1026 658 ὑπακοῆς
1068 598 1144 647 καὶ
1182 598 1387 653 πίστεως
1426 602 1474 651 ἐν
1509 602 1730 671 ἐσχάτοις

133 669 216 713 τοῦ
242 669 407 721 αἰῶνος
433 676 621 735 καιροῖς·
649 678 788 724 τοῦτο
815 674 908 741 γὰρ
936 674 1065 740 οἶμαι
1093 678 1146 729 τό
1175 678 1427 741 Σάββατα
1445 684 1727 749 ὑποδηλοῦν,

132 749 403 800 τελευταίαν
437 752 588 803 οὖσαν
623 757 705 818 τῆς
744 757 1006 817 ἑβδομάδος
1046 760 1237 826 ἡμέραν
1295 786 1640 829 κομισαμενους
1680 770 1728 821 δὲ

129 825 268 897 ἅπαξ
293 830 380 894 τὴν
406 832 483 883 διὰ
518 835 724 890 πίστεως
761 841 1025 933 θεραπείαν,
1054 845 1128 892 καὶ
1165 846 1228 897 εἷς
1262 846 1512 911 καινότητα
1546 854 1723 918 μεταῤ-

127 910 474 974 ῥυθμισθεντας
500 913 632 980 ζωῆς,
659 916 744 981 τὴν
771 920 857 982 μὲν
882 926 965 971 τοῦ
993 929 1184 986 νομικοῦ
1211 926 1490 991 γράμματος
1522 933 1721 984 παλαιό-
1744 944 1770 986 b

59 1011 107 1037 10
127 1012 246 1054 τητα
279 995 389 1059 παρ’
419 995 609 1046 οὐδεν’
582 998 765 1065 ανάγκη
800 1006 1052 1066 ποιεῖσθαι,
1085 1013 1418 1071 παραιτεῖσθαι
1457 1010 1507 1062 δὲ
1545 1012 1632 1077 τὴν
1663 1018 1725 1069 ὡς

125 1073 174 1123 ἐν
197 1079 354 1129 σκιαῖς
381 1080 701 1145 αἰνιγματώδη
730 1085 953 1149 λατρείαν
979 1108 1054 1136 και
1081 1089 1164 1151 τῆς
1191 1089 1448 1155 Ἰουδαικῆς
1473 1098 1725 1159 συνηθείας

124 1153 210 1217 τὴν
247 1158 423 1209 εἰκαίαν
457 1160 751 1227 ἐπιτήρησιν.
804 1166 1015 1217 ἐντεῦθεν
1043 1166 1169 1231 οἶμαι
1205 1170 1421 1233 λαβόντα
1455 1182 1538 1227 τοῦ
1573 1178 1724 1244 λόγου

122 1236 205 1291 τὰς
232 1240 454 1308 ἀφορμὰς
481 1265 556 1294 και
587 1243 670 1295 τὸν
697 1246 927 1313 μακάριον
954 1251 1217 1303 ἐπιστεῖλαι
1249 1258 1449 1307 Παῦλον
1477 1264 1572 1312 τοῖς
1603 1262 1722 1323 μετὰ

121 1319 207 1384 τὴν
241 1321 407 1373 πίστιν
440 1328 854 1393 παλινδρομοῦσιν
894 1331 969 1382 ε’πι
1008 1355 1091 1383 τον
1127 1333 1273 1395 νόμον
1299 1345 1326 1366 “
1348 1340 1487 1404 Λεγω
1527 1340 1575 1392 δὲ
1614 1344 1722 1407 ὑμῖν
1783 1359 1945 1393 Ga1.v.2.

177 1401 199 1418 a

55 1417 102 1454 15
123 1408 149 1431 ‘⁶
174 1425 244 1452 οτι
278 1402 357 1454 ἐαν
385 1407 729 1473 περιτέμνησθε
764 1412 979 1477 Χριστὸς
1015 1416 1133 1478 ὑμᾶς
1170 1417 1303 1470 οὐδεν
1328 1419 1613 1489 ωφελήσει,”
1643 1449 1719 1477 και

119 1483 268 1536 πάλιν
297 1493 323 1515 “
346 1489 690 1584 Κατηργήθητε
731 1492 825 1544 ἀπο
866 1499 1083 1562 Χριστοῦ
1121 1521 1282 1555 οιτινες
1317 1503 1364 1553 ἐν
1400 1504 1527 1574 νόμω
1564 1509 1713 1559 δικαι-
1781 1521 1832 1554 1¹³
1853 1533 1883 1564 4

120 1571 334 1631 “οῦσθε,
360 1572 443 1634 τῆς
468 1570 658 1638 χάριτος
686 1575 979 1644 {gen-eomer&

159 1737 338 1786 ’ἘλεΓον
377 1739 450 1783 οὖν
488 1742 525 1785 οἱ
559 1745 760 1789 Ἰουδαῖοι
800 1752 859 1803 τῷ
897 1756 1257 1810 τεθεραπευμένῳ
1296 1757 1519 1807 Σάββατόν
1557 1760 1658 1803 ἐστι·
1735 1777 1782 1803 10

354 1826 422 1867 καὶ
460 1828 536 1868 οὐκ
574 1829 712 1872 ἔξεστί
751 1847 815 1873 σοι
855 1830 954 1890 ἆραι
993 1836 1066 1877 τόν
1107 1839 1344 1894 κράββατόν
1384 1857 1469 1884 σου.

43 1953 92 1978 20
187 1930 578 1998 Ἐπικαιρότατον
604 1936 730 2001 οἶμαι
756 1945 924 2002 βοᾶν’
902 1966 975 1994 επι
1003 1945 1184 2001 τούτοις
1213 1955 1238 1977 “
1259 1949 1381 2000 Ἰδου
1408 1951 1527 2006 λαὸς
1550 1977 1708 2021 μωρος
1771 1953 1866 2029 3¹⁶¹·
1882 1966 1912 1987 v.

127 2015 239 2064 ίκαι
265 2014 494 2082 ἀκάρδιος,
524 2020 770 2089 ὀφθαλμοι
806 2025 962 2079 αὐτοῖς
998 2049 1073 2078 και
1110 2030 1164 2079 οὐ
1198 2030 1482 2090 βλέπουσι.”
1538 2037 1587 2086 τί
1612 2038 1707 2105 γὰρ

110 2092 168 2144 ἂν
204 2096 386 2161 γε’νοιτο
425 2104 520 2151 τῶν
558 2104 781 2156 τοιούτων
818 2108 1281 2177 ἀπαιδευτότερον,
1259 2121 1288 2178 η
1327 2116 1377 2165 τί
1410 2118 1529 2182 πρὸς
1568 2121 1702 2171 ἀναι-

109 2179 322 2242 σθησίαν
359 2180 414 2231 τὸ
457 2184 642 2251 μεῖζον,
698 2186 752 2238 τὸ
794 2212 879 2251 μεν
918 2190 1012 2256 γὰρ
1057 2192 1127 2244 ὅτι
1171 2195 1411 2261 προσήκοι
1456 2202 1706 2269 θαυμάζειν

109 2259 275 2314 αὐτους
316 2263 402 2327 τὴν
441 2271 523 2316 τοῦ
565 2270 947 2333 θεραπεύσαντος
992 2273 1189 2339 δύναμιν
1228 2279 1282 2328 οὐ
1324 2280 1538 2347 δέχονται
1583 2285 1704 2335 κατὰ

38 2358 86 2396 25
108 2347 232 2392 νοῦν·
288 2347 446 2412 πικροὶ
485 2347 534 2398 δὲ
573 2348 702 2404 ὄντες
741 2354 1020 2419 ἐπιτιμηται,
1059 2381 1134 2408 και
1173 2358 1320 2422 μόνον
1355 2362 1525 2417 εἰδότες
1564 2388 1701 2417 τουτο
1721 2379 1748 2420 d

105 2428 277 2488 καλῶς,
316 2431 612 2495 παρανομίας
656 2434 921 2499 ἐγκληματι
965 2441 1319 2506 περιβάλλουσι
1359 2467 1441 2495 τον
1480 2445 1587 2513 ὀίρτι
1625 2452 1702 2499 καὶ

104 2505 241 2572 μόγις
291 2511 374 2571 τῆς
420 2517 603 2578 μακρᾶς
648 2517 961 2584 ἀνακύψαντα
1013 2521 1172 2585 νόσου,
1219 2529 1403 2576 κεῖσθαι
1453 2528 1501 2578 δε
1552 2528 1702 2581 πάλιν

103 2588 437 2642 ἐπιτάττουσιν
463 2595 669 2659 ἀμαθῶς,
698 2600 760 2652 ὡς
787 2602 862 2651 καὶ
890 2603 938 2652 ἐν
963 2606 1030 2672 τῷ
1054 2607 1224 2672 χρῆναι
1253 2612 1411 2659 νοσεῖν
1438 2612 1521 2673 τῆς
1552 2615 1613 2665 εἰς
1645 2611 1700 2663 τὸ

104 2669 360 2732 σάββατον
386 2677 715 2744 πληρουμένης
740 2685 888 2746 τιμῆς.

157 2825 186 2848 1.
213 2816 303 2859 ἱμῶν
321 2819 453 2852 correxi
473 2826 552 2863 post
571 2820 706 2867 Migne.
725 2823 815 2867 ἡμῶν
834 2825 926 2861 Aub.
947 2828 981 2870 (2
985 2839 1042 2885 31.
1049 2826 1060 2870 )
1158 2841 1189 2864 2.
1217 2832 1395 2876 σωφρονοῖ
1416 2833 1456 2867 Β.
1555 2834 1587 2870 6.
1614 2837 1696 2871 ὑπο-

105 2861 231 2903 δηλοῦν
251 2863 292 2896 Β.
312 2864 437 2906 δηλοῦν
456 2866 521 2900 Ed.
756 2882 809 2905 11.
840 2872 935 2907 Haec
954 2876 1006 2908 καὶ
1025 2876 1082 2918 τῆς
1099 2874 1282 2921 Ιουδαῒκῆς
1300 2880 1479 2922 συνηθείας
1496 2882 1555 2925 τὴν
1572 2883 1698 2919 εἰκαίαν

109 2906 246 2952 [εἶκειαν
265 2909 354 2943 Cod.
359 2910 372 2956 ]
394 2911 592 2957 ἐπιτὴρησιν
610 2924 791 2962 assumpta
808 2930 849 2952 ex
870 2919 911 2954 Β.
1114 2933 1168 2968 23,
1195 2924 1363 2969 προσήκοι
1383 2926 1424 2961 Β.
1443 2928 1609 2973 προσήκει
1628 2930 1695 2966 Ed.

107 2965 161 2997 24.
190 2955 461 3000 θεραπεύσοντος
481 2960 522 2994 Β.
668 2973 721 3007 27.
749 2966 845 3010 μόγις
866 2965 907 3000 Β.
925 2968 1022 3010 μόλις
1042 2968 1108 3002 Ed.
