2021 3296
289 165 344 205 20
691 169 741 208 B.
775 168 1048 209 CYRILLI
1089 164 1473 209 ALEXANDR.
1787 159 1815 200 i.
1838 172 1873 199 1.

290 280 318 303 ‘⁶
343 277 437 325 τῶν
464 275 611 340 ἁγίων
636 277 774 328 σου·”
825 277 972 343 ἡμέρα
1010 275 1101 342 γὰρ
1137 274 1375 338 δυνάμεως
1409 278 1491 323 τοῦ
1517 275 1654 332 Υὶοῦ,
1685 269 1790 320 καθ’
1819 265 1877 331 ἣν

251 371 273 397 θ
291 354 410 420 ὅλην
436 357 576 421 κρίνει
601 359 687 421 τὴν
713 358 997 422 οἰκουμένην,
1025 359 1101 408 καὶ
1127 357 1417 408 ἀποδίδωσιν
1444 352 1631 421 ἑκάστῳ
1666 349 1785 402 κατὰ
1818 347 1878 399 τὰ

291 437 407 503 ε”ργα
433 439 591 489 αὐτοῦ·
635 439 736 507 ἥξει
762 439 810 490 δὲ
836 439 1025 493 πάντως
1050 441 1126 489 καὶ
1151 439 1256 489 τότε
1282 436 1420 489 αὑτός
1453 458 1503 486 τε
1533 434 1596 485 ὢν
1623 435 1670 484 ἐν
1699 432 1874 496 Πατρὶ,

291 521 367 569 καὶ
412 518 534 586 ’έχων
573 522 621 571 ἐν
659 522 807 589 ἑαυτῷ
851 520 934 572 τὸν
973 520 1180 587 Πατέρα,
1219 517 1304 582 τὴν
1343 517 1550 584 ἄναρχον
1587 518 1671 579 τῆς
1714 513 1880 565 οἰκείας
2014 537 2021 586 γ

292 599 484 669 φύσεως
522 603 664 652 οἱονεί
697 625 798 656 πως
839 601 991 670 ἀρχὴν
1031 600 1150 653 κατὰ
1187 599 1333 665 μόνον
1370 597 1424 650 τό
1468 597 1562 667 Ἐξ
1604 597 1671 660 οὗ,
1711 594 1787 646 διὰ
1825 593 1923 651 τὸ5
2014 587 2021 634 ¹

293 681 518 749 ὑπάρχειν
549 684 599 734 ἐκ
632 682 839 750 Πατρός.

70 857 119 891 13
136 856 187 890 A.
255 864 276 888 a
805 839 874 888 Ἐν
913 837 1032 907 ἀρχῇ
1067 832 1110 896 ἧν
1150 842 1167 888 ὁ
1205 836 1367 901 Λόγος.

370 967 454 1019 Εἷς
479 964 670 1019 πολλὰς
696 965 806 1030 ἡμῖν
831 967 906 1017 καὶ
934 964 1186 1034 διαφόρους
1212 965 1388 1019 ἐννοίας
1419 965 1444 1015 ὁ
1474 965 1579 1030 περὶ
1610 965 1692 1026 τῆς
1723 961 1885 1013 ἐνθάδε

295 1046 644 1111 σημαινομένης
670 1049 818 1114 ἀρχῆς
844 1048 1262 1099 καταποικίλλεται
1294 1046 1452 1112 λόγος,
1478 1043 1776 1112 πανταχόθεν
1802 1047 1886 1107 θη-

295 1133 472 1195 ρᾶσθαι
506 1127 787 1194 σπουδάζων
817 1128 876 1180 τὰ
916 1134 977 1183 εἷς
1017 1127 1252 1197 ὠφέλειαν
1283 1129 1598 1189 συντείνοντα,
1626 1127 1701 1177 καὶ
1737 1122 1880 1175 κατά·
1910 1145 1957 1170 10

298 1214 453 1278 ληψιν
479 1213 636 1275 ἀληθῆ
664 1215 758 1262 τῶν
784 1212 918 1262 θείων
946 1211 1199 1276 δογμάτων
1218 1211 1294 1261 καὶ
1320 1209 1405 1274 τὴν
1424 1211 1472 1261 ἐν
1491 1213 1587 1263 τοῖς
1613 1206 1889 1273 μυστηρίοις

298 1293 538 1359 ἀκρίβειαν
564 1291 700 1346 κυνὸς
733 1292 864 1357 δίκην
892 1296 1173 1360 ἰχνηλατῶν·
1225 1299 1251 1322 “
1276 1294 1525 1358 Ἐρευνᾶτε
1558 1289 1653 1357 γάρ
1681 1312 1775 1341 που
1805 1287 1889 1342 τὰς
2018 1302 2021 1366 j

300 1382 327 1405 ‘⁵
353 1375 490 1440 ἁγίας
514 1373 718 1441 γραφὰς,
747 1376 899 1442 φησὶν
926 1376 950 1425 ὁ
978 1372 1162 1441 Σωτὴρ,
1189 1374 1259 1425 ὅτι
1290 1375 1338 1425 ἐν
1363 1374 1525 1427 αὐταῖς
1557 1374 1681 1436 ὑμεῖς
1716 1373 1888 1422 δοκεῖτε
2019 1383 2021 1433 ξ

254 1460 281 1500 b
301 1464 327 1487 ‘⁶
353 1455 474 1522 ζωὴν
500 1456 685 1507 αἰώνιον
711 1457 848 1524 ἔχειν·
897 1459 972 1507 καὶ
1012 1457 1150 1508 αὗταί
1187 1460 1307 1507 εἰσιν
1339 1459 1385 1507 αἱ
1422 1459 1747 1521 μαρτυροῦσαι
1783 1454 1890 1519 περὶ
2019 1436 2021 1529 :

302 1546 328 1569 ‘⁶
353 1539 511 1603 ἐμοῦ.”
589 1536 707 1589 ἐὀικε
763 1540 919 1590 τοίνυν
971 1540 995 1589 ὁ
1053 1538 1279 1605 μακάριος
1329 1535 1696 1602 Εὐαγγελιστὴς
1754 1533 1890 1606 οἰρχῆν
1916 1555 1962 1594 15
2019 1537 2021 1587 ἶ

299 1619 473 1683 ἐνθάδε,
514 1620 729 1671 τουτέστι
773 1620 859 1686 τὴν
897 1619 1017 1672 κατὰ
1064 1619 1255 1671 πάντων
1295 1620 1533 1689 ἐξουσίαν,
1578 1617 1660 1670 τὸν
1700 1618 1894 1684 Πατέρα

301 1701 563 1767 σημαίνειν,
589 1702 664 1752 ἵνα
691 1701 747 1767 δὴ
775 1705 850 1753 καὶ
876 1702 1032 1754 ἐπάνω
1065 1701 1257 1754 πάντων
1283 1700 1310 1766 ἡ
1345 1702 1444 1753 θεία
1477 1701 1701 1770 φαίνηται
1733 1699 1894 1768 φύσις,

302 1789 398 1836 πᾶν
437 1784 553 1850 ὅπερ
599 1785 702 1835 ἐστὶ
746 1784 943 1850 γενητὸν
982 1783 1073 1836 ὑπὸ
1111 1782 1260 1837 πόδας
1299 1782 1491 1852 ἐ’χουσα,
1530 1785 1781 1849 μονονουχὶ
1820 1786 1895 1832 καὶ

303 1867 594 1934 ἐποχουμένη
621 1870 717 1920 τοῖς
745 1868 799 1917 δι’
828 1867 970 1931 αὐτῆς
995 1870 1055 1920 εἷς
1080 1865 1134 1917 τὸ
1161 1864 1275 1917 εἶναι
1301 1864 1617 1930 κεκλημένοις.

75 1291 169 1322 Infra
186 1302 215 1321 v·

75 1344 127 1377 39·

379 1952 450 1999 Ἐν
487 1948 634 2017 ταύτῃ
673 1954 922 2016 τοιγαροῦν
959 1952 1018 2016 τῇ
1056 1951 1168 2021 εἰρχῇ
1210 1952 1268 2016 τῇ
1311 1947 1430 1999 κατὰ
1469 1945 1662 1999 πάντων
1700 1948 1777 1998 καὶ
1820 1947 1895 1997 ἐπὶ
1916 1972 1966 1997 20

306 2030 501 2093 πάντας,
528 2027 570 2090 ἧν
597 2037 615 2082 ὁ
644 2032 805 2096 Λόγος,
833 2032 886 2082 οὐ
922 2030 1039 2094 μετὰ
1074 2030 1267 2082 πάντων
1293 2029 1383 2081 ὑπὸ
1416 2029 1566 2083 πόδας
1600 2029 1756 2093 αὐτῆς,
1783 2027 1893 2079 ἀλλ’

308 2111 402 2182 ’ἔξω
436 2112 628 2164 πάντων
660 2113 699 2164 ἐν
732 2113 849 2180 αὐτῇ
889 2116 1117 2181 φυσικῶς,
1145 2114 1207 2166 ὡς
1245 2110 1426 2179 καρπὸς
1464 2110 1718 2174 συναΐδιος,
1750 2109 1899 2162 τόπον

271 2216 294 2242 c
310 2193 473 2261 ὥσπερ
507 2192 630 2262 ἔχων
656 2193 739 2245 τὸν
765 2192 987 2246 ἁπάντων
1013 2193 1325 2262 ἀρχαιότατον
1351 2192 1437 2258 τὴν
1462 2200 1545 2245 τοῦ
1579 2193 1899 2260 γεννήσαντος
1954 2258 1958 2259 ⁷

310 2277 477 2346 φύσιν.
532 2275 603 2326 διὸ
630 2275 687 2339 δὴ
714 2278 789 2326 καὶ
815 2275 1055 2343 ἐλεύθερος
1081 2276 1324 2344 ἐλευθέρου
1352 2275 1544 2342 Πατρός
1567 2275 1789 2345 πεφυκὼς
1814 2275 1900 2339 τὴν

310 2357 431 2410 κατὰ
466 2356 658 2410 πάντων
684 2356 835 2426 ἀρχὴν
860 2357 953 2409 σὺν
980 2360 1105 2428 αὐτῷ
1139 2358 1431 2422 κεκτήσεται.
1485 2359 1555 2412 τίς
1590 2358 1671 2409 οὖν
1697 2357 1788 2424 ἄρα
1824 2359 1899 2408 καὶ
1920 2378 1968 2416 25

313 2446 395 2491 νῦν
422 2442 446 2491 ὁ
473 2443 557 2504 τῆς
589 2441 637 2490 ἐν
661 2439 813 2509 τούτῳ
850 2443 1141 2504 κατασκευῆς
1175 2439 1423 2506 γενήσεται
1457 2439 1603 2506 λόγος
1636 2438 1902 2490 ἀκόλουθον

312 2525 534 2574 συνιδεῖν.
590 2522 932 2591 ῥιψοκινδύνως
968 2520 1098 2585 τινὲς,
1125 2521 1336 2588 καθάπερ
1366 2520 1546 2591 ἐ’φημεν
1571 2523 1619 2572 ἐν
1644 2526 1740 2575 τοῖς
1774 2523 1898 2572 ἀνω-

366 2663 396 2686 1.
414 2650 497 2697 γὰρ]
521 2655 558 2693 -4-
580 2651 637 2695 τῆς
656 2650 764 2686 Euth.
783 2650 893 2685 invito
913 2650 990 2685 Cat.
1110 2661 1141 2685 2.
1167 2652 1270 2694 κρίνει
1290 2650 1331 2684 Β.
1351 2652 1454 2695 κρινεῖ
1472 2650 1538 2685 Ed.
1603 2650 1776 2686 ἀποδώσει
1794 2651 1902 2687 Euth.

319 2707 350 2743 7.
377 2710 446 2732 om.
467 2698 575 2732 Euth.
756 2708 808 2732 11.
834 2697 943 2742 ἀληθῆ
960 2709 1030 2732 om.
1050 2697 1157 2731 Euth.
1335 2709 1387 2739 14.
1414 2696 1512 2731 αὗταί
1528 2698 1575 2732 D.
1595 2698 1703 2732 Euth.
1721 2698 1819 2732 αὐταί
1836 2698 1903 2733 Ed.

321 2744 374 2779 16.
402 2745 519 2779 Verba
536 2745 753 2790 transposuit
772 2744 907 2790 Migne.
979 2744 1039 2788 τὴν
1055 2755 1125 2778 om.
1146 2743 1253 2777 Euth.
1516 2755 1572 2779 20.
1599 2745 1680 2790 αὐτῇ
1700 2744 1778 2779 Cat.
1799 2756 1905 2790 supra

1449 2800 1531 2816 Tafov

318 2825 377 2859 cit.
467 2837 521 2870 23.
540 2826 599 2859 τὸν
613 2825 721 2860 Euth.
741 2829 806 2860 τῶν
817 2825 885 2860 Ed.
943 2825 1168 2870 ἀρχαιότατον
1182 2823 1289 2858 Euth.
1308 2825 1529 2870 ἀρχαιότερον
1544 2824 1585 2858 Β.
1603 2824 1825 2870 ἀρχαιότερον
1836 2824 1903 2858 Ed.

318 2882 374 2913 24.
401 2871 458 2917 δὴ]
479 2873 529 2906 δεῖ
549 2872 587 2905 Β.
653 2871 848 2918 ἐλεύθερος]
872 2876 910 2914 4-
931 2872 969 2915 ἐξ
989 2872 1030 2906 Β.
1047 2871 1156 2905 invito
1176 2871 1282 2905 Euth.
1447 2881 1501 2916 ²5·
1528 2872 1709 2916 κεκτῆσθαι
1727 2871 1771 2906 Β.
1835 2870 1902 2962 TIS}

318 2919 351 2952 τί
370 2918 411 2952 B.
556 2918 610 2953 26.
636 2919 898 2963 διακατασκευῆς
919 2919 958 2953 Β.
975 2919 1085 2953 invito
1104 2917 1211 2952 Euth.
1366 2927 1420 2963 27.
1447 2919 1576 2964 ἔφημεν
1593 2918 1628 2954 ἐν
1645 2920 1714 2954 τοῖς
1730 2917 1884 2962 ἀνωτέρω

320 2965 354 2998 ἐν
372 2966 440 3000 τοῖς
458 2965 610 3009 ἀνωτέρω
629 2965 764 3010 εἴπομεν
783 2966 890 3001 Euth.
