2084 3317
344 165 428 204 436
746 166 796 206 B.
831 167 1103 208 CYRILLI
1146 165 1523 207 ALEXANDR.
1791 161 1846 203 vi.
1868 162 1934 204 26.

344 274 419 322 καὶ
470 274 714 325 ἐκτείνεται
765 274 819 325 τὸ
869 275 1054 326 κωλύον
1106 276 1214 342 ἕχον
1265 274 1412 325 οὐδέν·
1470 271 1688 342 φωραθὲν
1735 270 1787 322 δέ
1833 292 1934 323 πως

342 357 591 422 μονονουχὶ
648 358 723 406 καὶ
775 356 1063 424 αἰσχύνεται,
1115 359 1190 407 καὶ
1242 356 1456 423 σχοινίου
1507 355 1637 419 δίκην
1687 357 1749 406 εἰς
1797 350 1934 402 ἑαυτὸ

341 433 681 487 συστέλλεται.
754 440 935 505 ὠφελεῖ
981 443 1230 504 τοιγαροῦν
1278 439 1352 487 καὶ
1404 436 1613 504 ἐλέγχων
1666 437 1691 486 ὁ
1745 433 1933 499 Κύριος,

342 518 418 567 καὶ
457 516 513 567 δι’
549 515 613 568 ὧν
648 518 705 569 ἄν
741 542 810 572 τις
850 518 992 570 αὐτὸν
1035 518 1105 569 ὅτι
1144 517 1349 582 πλήττοι
1389 519 1608 581 νομίσειε,
1645 516 1721 567 διὰ
1754 514 1934 566 τούτων

342 598 495 649 αὐτῶν
539 600 868 665 εὐεργετοῦντα
920 599 1157 652 θεάσαιτο.
1234 600 1423 664 νοητεόν
1468 601 1689 661 ἐντεῦθεν,
1735 597 1806 648 ὅτι
1847 594 1976 650 κάν5

341 680 598 731 θωπεύωσί
634 704 766 744 τινες,
807 681 833 746 ἢ
874 685 950 732 καὶ
995 686 1224 748 χρηστοῖς
1267 682 1580 746 περισαίνωσι
1623 678 1784 745 λόγοις
1828 675 1936 730 τοὺς

303 765 436 812 Θτῶν
479 763 746 826 ἐκκλησιῶν
794 764 1091 829 ἡγουμένους,
1136 762 1200 827 μὴ
1247 764 1549 829 ὀρθοποδῶσι
1600 761 1647 812 δὲ
1697 762 1802 826 περὶ
1850 758 1936 822 τὴν

340 842 518 907 πίστιν,
545 845 599 894 οὐ
625 843 1011 912 συναρπάζεσθαι
1043 851 1144 899 ταῖς
1177 845 1438 898 κολακείαις
1464 843 1727 895 ἀκόλουθον
1754 839 1934 902 αὐτοὺς,

341 924 444 975 οὐδὲ
479 924 645 993 ὥσπερ
680 927 784 977 τινὰ
817 925 994 990 μισθὸν
1028 932 1122 978 τῶν
1157 928 1360 979 ἐπαίνων
1397 928 1669 993 ἀντικιχρᾶν
1695 929 1791 978 τοῖς
1824 924 1936 974 ἐπα-

340 1006 618 1073 νορθώσεως
657 1009 899 1072 δεομένοις,
938 1009 1025 1074 τὴν
1064 1011 1135 1079 ἐφ’
1178 1009 1348 1076 οἷσπερ
1385 1007 1442 1060 ἂν
1480 1009 1689 1060 πταίωσι
1728 1004 1931 1069 σιωπήν·
1959 1026 2006 1051 10

340 1089 549 1157 ἐλέγχειν
587 1090 635 1141 δὲ
672 1096 864 1155 μᾶλλον
903 1094 952 1142 ἐκ
987 1092 1268 1158 παῤῥησίας,
1305 1092 1379 1141 καὶ
1415 1094 1700 1157 μεταχωρεῖν
1739 1088 1931 1138 ἀναπεί-

343 1175 440 1222 θειν
482 1173 557 1223 ἐπὶ
601 1172 655 1223 τὸ
701 1173 904 1237 ἄμεινον,
943 1174 1090 1239 ἤγουν
1131 1172 1206 1223 διὰ
1250 1172 1417 1224 τούτου
1459 1171 1545 1223 κᾶν
1585 1171 1766 1236 ἑτέρους
1806 1171 1933 1237 ὠφε-

120 1253 133 1275 1
149 1245 234 1277 Tim.

117 1299 148 1320 v.
170 1298 220 1321 20.

342 1258 457 1316 λεῖν,
480 1253 599 1304 κατὰ
643 1254 697 1306 τὸ
742 1256 979 1321 εἰρημένον
1016 1254 1106 1306 ὑπὸ
1148 1260 1232 1305 τοῦ
1270 1254 1470 1305 Παύλου
1506 1252 1679 1305 “Tafis
1718 1250 1933 1316 ἁμαρτά-

342 1341 370 1364 “
395 1358 560 1389 νοντας
598 1337 795 1388 ἐνώπιον
833 1335 1024 1388 πάντων
1063 1336 1247 1403 ἔλεγχε,
1273 1337 1348 1387 ἵνα
1388 1338 1463 1386 καὶ
1501 1338 1543 1386 οἱ
1582 1335 1739 1385 λοιποὶ
1780 1331 1937 1402 φόβον

341 1423 368 1446 “
395 1416 589 1484 ἐ’χωσι.”
1960 1437 2006 1475 15

415 1498 492 1550 Τὰ
542 1499 628 1564 μὲν
675 1501 757 1551 οὖν
801 1502 849 1551 ἐν
893 1506 989 1554 τοῖς
1040 1499 1356 1566 προκειμένοις
1408 1499 1518 1564 ἡμῖν
1564 1497 1653 1549 ἀνὰ
1701 1498 1841 1563 με’ρος
1889 1498 1937 1548 ἐν

117 1586 203 1622 297
216 1585 266 1621 A·
302 1579 535 1644 arov'row,
574 1582 815 1633 ἀκόλουθα
854 1581 1003 1647 γεμὴν
1041 1584 1117 1632 καὶ
1160 1582 1426 1647 ἀναγκαίως
1464 1578 1803 1646 ἐπενηνεγμένα
1840 1583 1938 1632 τοῖς

340 1662 430 1727 ἤδη
468 1664 936 1730 προτεθεωρημένοις,
971 1663 1334 1714 ἀναδείκνυσθαι
1371 1666 1465 1714 δεῖν
1498 1659 1827 1725 ὑπολαμβάνω
1862 1662 1938 1711 ’καὶ

114 1743 243 1830 ἓξὲξ.
342 1744 473 1797 αὐτά.
527 1746 693 1797 οὐκοῦν
731 1747 779 1797 ἐν
817 1746 1002 1799 ἐκείνοις
1041 1744 1264 1810 ἐλέγομεν
1301 1750 1385 1796 τοῦ
1425 1746 1643 1810 Σωτῆρος
1684 1744 1816 1807 ἡμῶν
1852 1740 1939 1806 τὴν

342 1828 391 1877 ἐκ
429 1832 512 1878 τοῦ
549 1827 686 1894 ὅρους
725 1826 927 1879 κάθοδον
957 1827 1044 1892 τὴν
1079 1828 1297 1894 δευτέραν
1324 1828 1434 1891 ἡμῖν
1461 1829 1537 1877 καὶ
1576 1829 1783 1879 εἰσαῦθις
1820 1825 1930 1876 ἐσο-
1958 1847 2008 1873 20

341 1907 486 1973 μένην
530 1910 581 1960 ἐκ
631 1913 726 1960 τῶν
772 1911 982 1977 οὐρανῶν
1026 1910 1274 1974 ἐπιδημίαν
1324 1911 1605 1970 ἀνατυποῦν,
1651 1909 1727 1958 καὶ
1778 1908 1841 1961 ὡς
1889 1907 1939 1957 ἐν

117 1997 249 2030 1b.de.
341 1992 610 2058 συναιρέσει
651 1997 734 2042 τοῦ
770 1990 946 2044 παντὸς
982 1991 1280 2057 θεωρήματος
1315 1990 1729 2057 προσεπετίθεμεν,
1757 1988 1828 2040 ὅτι
1862 1992 1938 2039 καὶ

340 2073 639 2138 ἀγρυπνοῦσι
678 2075 753 2123 καὶ
792 2076 840 2124 ἐν
879 2077 945 2142 τῷ
982 2078 1142 2124 πονεῖν
1186 2071 1482 2140 ὑπάρχουσιν
1521 2072 1586 2123 ἔτι
1632 2075 1728 2125 τοῖς
1772 2072 1939 2122 ἑαυτοῦ

340 2158 569 2220 μαθηταῖς
596 2155 900 2224 ἐπιφαίνεται,
928 2157 1004 2206 καὶ
1036 2155 1211 2208 δειλίας
1242 2152 1532 2223 ἀπαλλάξας
1565 2155 1858 2221 παραχρῆμα
1882 2152 1937 2203 τὸ

294 2242 322 2283 b
341 2234 531 2305 σκάφος
557 2237 692 2288 ἐτίθει
723 2236 843 2304 πρὸς
878 2240 984 2303 γῆν.
1041 2239 1116 2287 καὶ
1149 2238 1197 2287 τί
1227 2236 1282 2287 τὸ
1316 2238 1364 2287 ἐν
1390 2236 1572 2289 τούτοις
1609 2238 1670 2289 ὡς
1702 2237 1750 2285 ἐν
1775 2233 1937 2288 τύποις
1958 2257 2007 2296 25

341 2318 451 2382 ἡμῖν
496 2317 905 2388 ζωγραφούμενον,
947 2320 996 2369 ἐν
1042 2319 1226 2372 ἐκείνοις
1270 2318 1629 2386 ἐσαφηνίζομεν.
1685 2315 1797 2367 ἀλλ’
1841 2317 1938 2368 ἐπι-

341 2399 470 2466 τήρει
518 2402 594 2451 καὶ
645 2405 740 2463 νῦν,
784 2399 854 2451 ὅτι
902 2398 1020 2463 μετὰ
1064 2398 1118 2450 τὸ
1163 2405 1408 2451 κατελθεῖν
1453 2402 1502 2451 ἐκ
1546 2405 1629 2451 τοῦ
1674 2398 1811 2465 ὅρους
1855 2397 1939 2449 τὸν

341 2483 546 2546 Ἰησοῦν,
584 2483 845 2549 ὑστεροῦσί
880 2504 998 2535 τινες
1036 2483 1141 2547 περὶ
1181 2481 1266 2546 τὴν
1301 2480 1638 2546 ἀκολούθησιν,
1670 2482 1746 2531 καὶ
1780 2488 1938 2530 τελευ-

405 2570 424 2578 e-
824 2566 834 2580 ,
870 2563 881 2578 Β
963 2564 973 2579 9
1022 2562 1031 2577 Ι
1148 2566 1158 2579 2
1609 2567 1630 2577 Λ
1679 2565 1689 2579 ,
1774 2561 1786 2577 Ι

119 2560 258 2635 ῗζὲῑζ,
343 2587 463 2616 ταιοι
500 2564 775 2631 βαδίζουσιν
812 2588 871 2616 επ
920 2586 1078 2615 αυτον.
1140 2564 1355 2631 ερχονται
1397 2564 1492 2631 γὰρ
1526 2570 1554 2593 “
1573 2586 1632 2631 τῃ
1667 2563 1935 2629 επαυριον,”

394 2693 423 2716 Ι.
450 2682 572 2728 ἔχοντα
592 2682 638 2717 D.
705 2682 744 2717 δέ
759 2681 846 2729 πως]
867 2683 980 2718 δόπως
998 2683 1051 2726 (==
1069 2681 1096 2716 δ’
1115 2681 1221 2725 ὅπως)
1242 2682 1284 2716 Β.
1431 2693 1462 2717 2.
1488 2682 1534 2718 εἷς
1551 2683 1670 2716 ἑαυτοῦ
1689 2680 1873 2716 στέλλεται
1893 2680 1936 2714 Β.

343 2728 376 2762 6.
396 2727 448 2763 καὶ
466 2735 691 2774 assumptum
710 2742 752 2764 ex
765 2730 807 2764 B.
855 2730 1079 2774 περιβαίνωσι
1096 2729 1137 2763 Β.
1189 2729 1316 2763 Statim
1334 2730 1452 2775 λόγοις
1470 2741 1540 2763 om.
1556 2729 1598 2763 Β.
1647 2730 1718 2764 τοῖς
1735 2731 1801 2761 τῶν
1819 2727 1938 2770 ἐκκλη-

343 2778 427 2810 σιῶν
444 2774 640 2821 ἡγουμὲνοις
659 2776 701 2810 Β.
892 2788 925 2822 9.
951 2777 1010 2810 τὸν
1026 2777 1162 2809 ἔπαινον
1181 2775 1222 2809 Β.
1427 2787 1480 2810 10.
1507 2790 1571 2820 περ
1591 2781 1814 2819 assumptum
1833 2785 1874 2807 ex
1895 2773 1936 2808 B.

347 2832 400 2864 14.
426 2822 584 2867 ἐλέγχειν
603 2822 646 2857 Β.
817 2832 870 2868 17.
897 2822 1066 2857 ἀκόλουθα
1086 2822 1178 2856 Β.[).
1196 2822 1381 2856 ἀκολουθία
1401 2822 1467 2857 Ed.
1640 2832 1696 2856 20.
1722 2820 1874 2856 εἰσαῦθις
1893 2820 1937 2854 Β.

343 2867 437 2903 αὖθις
456 2868 522 2903 Ed.
669 2880 724 2903 22.
751 2868 965 2913 θεωρήματος
985 2870 1025 2903 Β.
1046 2868 1243 2913 θεωρήματα
1261 2868 1328 2903 Ed.
1379 2870 1506 2903 Statim
1522 2867 1812 2913 προσεπετίθεμεν
1829 2866 1936 2901 edidi.

342 2915 628 2960 προσεπιτίθεμεν
641 2916 682 2950 Β.
700 2917 948 2961 προσετίθεμεν
974 2916 1039 2950 Ed.
1325 2925 1380 2960 ²5·
1408 2916 1443 2950 ἐν
1459 2915 1591 2950 τούτοις
1610 2915 1651 2949 Β.
1669 2914 1704 2949 ἐκ
1722 2913 1850 2949 τούτων
1868 2912 1937 2948 Ed.

344 2969 400 3004 27.
427 2961 478 2994 καὶ
498 2969 721 3008 assumptum
739 2975 780 2997 ex
800 2963 842 2996 Β.
1013 2963 1068 2997 28.
1096 2962 1283 3007 ὑστεροῦσί
1303 2962 1343 2997 Β.
1364 2963 1582 3008 ὑστερίζουσι
1602 2961 1667 2996 Ed.
