2021 3296
288 164 313 188 x
859 149 1294 190 PRAEFATIO.

289 268 368 308 Sed
381 283 412 319 p·
430 268 498 308 vix
520 269 738 322 quiequam
760 268 810 308 ab
833 268 931 309 EF.
948 268 1099 309 distare
1115 268 1246 317 video,
1263 273 1385 320 atque
1406 268 1456 308 ab
1479 267 1619 308 eodem
1642 268 1865 321 archetypo

287 335 450 376 videtur
469 336 698 390 descriptus
719 351 815 377 esse.
881 336 919 374 V
920 336 972 376 id.
996 341 1096 377 tom.
1120 336 1176 376 iii.
1209 351 1247 390 p.
1279 349 1367 390 132.

342 453 405 494 De
435 453 693 508 fragmentis,
715 468 817 508 quae
848 470 1041 509 magnam
1073 455 1227 495 faciunt
1259 454 1378 494 Tomi
1403 454 1446 493 iii
1479 460 1651 507 partem,
1674 452 1790 506 plura
1822 452 1863 492 in

284 519 461 561 Praefat.
484 522 535 561 ad
555 522 668 562 Tom.
691 522 735 561 iii
757 522 903 562 dicam.

341 587 500 638 Restat,
524 594 570 629 ut
590 590 891 630 humanitatem
915 590 1211 643 Delegatorum
1240 589 1343 644 preli
1365 588 1600 630 Academici
1628 603 1863 643 agnoscam,

282 655 490 709 fatearque
520 661 722 710 quantum
754 658 816 697 ed.
846 658 1069 711 Migniana
1101 673 1195 697 usus
1226 658 1303 697 sim
1333 657 1385 697 ad
1415 657 1791 710 interpunctionem
1822 660 1864 697 et

282 722 458 763 minores
503 724 797 778 ejusdemmodi
841 740 989 765 ouras:
1041 726 1145 766 hane
1185 725 1317 779 ipsam
1359 725 1660 766 Praefationem
1699 724 1863 778 puriore

281 789 524 841 Latinitate,
558 807 682 844 quam
715 793 800 846 ipse
833 793 992 846 assequi
1029 793 1266 846 potuissem,
1301 793 1471 834 donavit
1503 793 1566 833 vir
1597 792 1863 833 Reverendus

279 857 348 898 W.
373 859 428 898 H.
455 859 631 909 Simeox,
656 860 790 909 A.M.‚
815 860 993 914 Collegii
1016 861 1202 915 Reginae
1225 860 1378 901 Socius.

337 981 424 1022 Deo
456 982 630 1035 denique
659 984 709 1024 O.
734 983 796 1024 M.
820 984 1019 1037 plurimas
1049 984 1207 1038 gratias
1237 984 1379 1034 habeo,
1402 985 1473 1038 qui
1501 984 1604 1024 mihi
1632 984 1762 1025 vitam
1790 997 1861 1037 per

278 1048 449 1101 longum
472 1054 593 1103 atque
616 1052 789 1090 arduum
812 1065 914 1105 opus
935 1052 1167 1093 indulserit.

534 1248 560 1278 O
573 1248 605 1277 X
618 1248 643 1278 Ο
658 1248 689 1278 N
704 1248 719 1277 Ι
732 1248 759 1281 I.

277 1302 337 1332 Die
355 1302 436 1332 Maii
456 1312 503 1342 ²9-
521 1303 618 1331 Anno
635 1302 756 1332 Christi
775 1310 1018 1333 MDCCCLXXII.
