2084 3317
708 653 1028 705 ΚΕΦΑΛΗ
1095 672 1142 711 ς’.

118 847 213 891 “Ort
246 851 314 892 οὐκ
355 853 529 895 ἐλάττων
571 860 666 898 κατὰ
709 860 873 911 δύναμιν
912 860 935 912 ἢ
978 863 1056 903 κατ’
1098 865 1302 918 ἐνέργειαν
1341 868 1411 920 τὴν
1451 871 1518 911 ε’πί
1555 888 1658 913 τισιν
1700 874 1720 913 ὁ

237 930 330 973 ’Υἱὸς
362 936 430 972 τοῦ
464 935 634 986 Πατρὸς,
667 938 759 978 ἀλλ’
796 940 1008 992 ἶσοσθενής
1034 959 1077 983 τε
1110 944 1173 985 καὶ
1203 947 1424 998 ὁμοούσιος,
1456 949 1506 992 ὡς
1534 951 1574 1001 ἐξ
1603 951 1720 993 αὑτοῦ
1738 948 1764 989 d

238 1011 299 1052 καὶ
321 1014 416 1053 κατὰ
437 1015 569 1064 φύσιν.

77 1141 399 1201 5Ἀῐτεκρίνατο
425 1144 499 1189 οὖν
524 1147 547 1191 ὁ
569 1148 732 1192 ἸΗσοῦς
761 1152 829 1193 καί
856 1149 975 1196 εἶπεν
997 1154 1142 1199 αὐτοῖς
1162 1158 1300 1207 Ἀμήν
1327 1162 1442 1211 ἁμήν
1468 1164 1580 1212 λὲΓω
1608 1163 1716 1217 ὑμῖν,
1746 1188 1787 1224 ¹9

185 1228 234 1269 οὐ
273 1228 451 1272 δύναται
486 1233 508 1274 ὁ
535 1232 634 1276 Υἱὸς
668 1235 806 1279 Ποιεῖν
841 1239 913 1295 ἀφ’
945 1241 1101 1284 ἑαυτοῦ
1141 1244 1279 1298 οὐδὲν,
1306 1247 1382 1289 ἐὰν
1414 1250 1470 1297 μή
1509 1267 1546 1292 τι
1582 1253 1716 1311 βλὲΠῌ

183 1312 257 1354 τὸν
283 1314 457 1371 Πατέρα
492 1321 709 1360 Ποιοῦντα·
751 1321 775 1362 ἂ
811 1321 888 1380 Γάρ
926 1322 1091 1367 ἐκεῖνος
1129 1326 1254 1381 Ποιεῖ,
1285 1334 1420 1373 ταῦτα
1460 1333 1528 1374 καὶ
1566 1335 1588 1377 ὁ
1619 1333 1717 1379 Υἱὸς

182 1395 348 1444 ὁμοίως
374 1397 500 1441 Ποιεῖ.

189 1519 378 1570 ΟΠΕΡ
430 1521 478 1570 ἐν
529 1525 624 1576 τοῖς
673 1532 1009 1591 προλαβοῦσιν
1060 1531 1321 1598 εἰρήκαμεν,
1375 1541 1515 1588 τοῦτο
1567 1537 1715 1591 πάλιν

47 1619 94 1644 10
112 1597 252 1669 ἑτέρῳ
292 1601 574 1667 διερμηνεύει
612 1604 788 1676 τρόπῳ,
815 1610 1115 1679 πανταχόθεν
1140 1617 1214 1666 ἐπὶ
1251 1616 1337 1681 τὴν
1371 1621 1453 1682 τῆς
1491 1621 1712 1685 ἀληθείας
1733 1651 1755 1677 e

111 1681 296 1747 εὕρεσιν
338 1686 618 1749 σαγηνεύων
660 1687 769 1743 τοὺς
815 1692 1152 1758 ἀκροωμένους·
1195 1698 1277 1749 τὸν
1324 1698 1373 1751 δὲ
1417 1702 1466 1752 ἐν
1509 1702 1713 1769 πρώτοις

110 1763 164 1813 οὐ
209 1767 565 1833 παραδεχθέντα
618 1769 782 1835 λόγον,
827 1773 903 1824 διὰ
947 1774 1033 1840 τὴν
1079 1783 1173 1828 τῶν
1200 1781 1410 1833 συνιέναι
1454 1783 1519 1848 μὴ
1566 1786 1706 1850 δυνη-

109 1843 283 1896 θέντων
333 1848 599 1912 ἀσθένειαν,
654 1853 972 1922 ἑτεροτρόπως
1028 1860 1309 1931 ἀναμορφοῖ,
1362 1866 1437 1916 καὶ
1489 1865 1566 1916 διὰ
1617 1872 1712 1919 τῶν

108 1928 263 1979 αὐτῶν
302 1929 431 1981 ἰόντα
471 1933 800 1999 θεωρημάτων,
842 1940 1046 2008 εἰσφέρει
1094 1945 1336 2000 ποικίλως.
1389 1947 1529 2013 ἔργον
1570 1950 1608 1999 δ’
1653 1948 1711 2001 ἂν

43 2025 89 2063 15
108 2008 176 2073 εἰἠ
227 2013 302 2062 καὶ
353 2018 492 2064 τοῦτο
538 2018 620 2079 τῆς
666 2019 944 2091 διδασκάλῳ
988 2025 1266 2091 πρεπούσης
1316 2029 1496 2095 ἀρετῆς,
1545 2030 1599 2082 τὸ
1643 2031 1708 2097 μὴ

106 2091 331 2160 τρέχοντα
393 2096 613 2159 δηλονότι
655 2091 745 2150 ’καὶ
800 2104 1156 2169 παριπτάμενον
1208 2114 1303 2161 τῶν
1354 2114 1708 2178 διδασκομένων

106 2173 192 2237 τὴν
236 2180 417 2241 γνῶσιν
458 2184 695 2232 ποιεῖσθαι
732 2182 815 2234 τὸν
856 2185 1018 2252 λόγον,
1061 2191 1173 2240 ἀλλ’
1216 2192 1491 2264 εὐπάρυφόν
1533 2219 1582 2247 τε
1630 2199 1706 2247 καὶ

106 2256 342 2325 διαφόρως
394 2260 747 2329 ἐξορχούμενον,
799 2269 874 2317 καὶ
925 2273 992 2339 τῷ
1043 2274 1127 2336 τῆς
1178 2273 1402 2342 φράσεως
1456 2277 1699 2347 ἐξηλλαγ-
1722 2309 1743 2334 a
1780 2302 1856 2337 215
1872 2303 1925 2337 A.

104 2339 241 2409 μένῳ,
266 2342 503 2397 πολλάκις
528 2344 613 2408 τὴν
639 2346 687 2396 ἐν
714 2353 808 2403 τοῖς
833 2351 1107 2417 θεωρήμασι
1133 2358 1374 2423 φιλοῦντα
1401 2362 1694 2428 δυσχέρειαν.

38 2442 86 2466 20
104 2423 334 2492 ἀναμίξας
377 2426 532 2476 τοίνυν
576 2431 642 2497 τῷ
688 2433 938 2497 θεοπρεπεῖ
977 2434 1030 2485 τὸ
1078 2437 1386 2503 ἀνθρώπινον,
1430 2444 1505 2492 καὶ
1549 2443 1700 2505 μέσον

103 2503 159 2572 ἐξ
182 2506 360 2573 ἀμφοῖν
386 2506 466 2558 ἕνα
491 2509 696 2575 κεράσας
724 2511 885 2578 λόγον·
927 2518 989 2570 ὡς
1023 2519 1171 2584 ἠρέμα
1205 2521 1290 2582 μὲν
1318 2523 1524 2591 ὑφιζάνει
1551 2524 1605 2575 τὸ
1631 2530 1698 2596 τῷ

106 2589 373 2652 Μονογενεῖ
391 2590 571 2656 πρέπον
593 2593 793 2661 ἀξίωμα,
814 2598 1053 2658 ἀναβαίνει
1081 2601 1129 2651 δὲ
1152 2600 1238 2665 τὴν
1258 2605 1509 2669 ἀνθρώπου
1531 2607 1695 2674 φύσιν·

103 2669 164 2720 ὡς
200 2669 452 2735 Δεσπότης
497 2673 597 2736 ἅμα
643 2679 717 2726 καὶ
763 2680 810 2728 ἐν
856 2679 1042 2736 δούλοις
1088 2686 1502 2751 κατατεταγμένος,
1544 2691 1697 2758 φησίν

148 2792 181 2825 3.
210 2780 366 2826 ἷσογενής
385 2782 424 2816 Β.
490 2786 671 2828 ὁμοούσιος
691 2788 732 2822 Β.
752 2789 866 2832 ὅμοιος
886 2791 951 2826 Ed.
1218 2809 1249 2838 4.
1277 2798 1329 2830 καὶ
1348 2806 1570 2844 assumptum
1591 2814 1632 2836 ex
1653 2803 1693 2838 B.

103 2836 133 2871 7.
161 2827 284 2863 ἐκεῖνος
300 2831 389 2862 ποιεῖ
409 2830 448 2863 Β.
468 2831 508 2864 ἂν
525 2832 648 2868 ἐκεῖνος
663 2838 741 2879 ποιῇ
764 2836 829 2870 Ed.
995 2852 1026 2884 9.
1054 2840 1247 2887 εἰρήκαμεν]
1270 2843 1521 2889 Legendurnne
1540 2847 1691 2892 εἴρηκενὲ

104 2884 116 2907 1
129 2885 156 2907 1.
183 2873 334 2920 εὕρεσιν]
354 2876 477 2920 ἔφεσιν
494 2877 588 2912 haud
608 2882 696 2915 male
718 2882 757 2916 B.
864 2896 914 2929 13·
943 2887 1172 2932 ἑτεροτρόπως
1192 2889 1233 2924 Β.
1252 2890 1374 2935 ἑτέρως
1394 2892 1458 2927 Ed.
1560 2906 1610 2940 15.
1639 2899 1691 2930 καὶ

99 2928 322 2965 assumptum
341 2934 381 2955 ex
406 2923 444 2957 Β.
511 2925 705 2974 διδασκάλῳ
727 2929 770 2963 D.
789 2931 1005 2967 διδασκάλων
1024 2934 1089 2967 Ed.
1355 2949 1408 2972 21.
1436 2940 1627 2985 ὑφεξηζανη
1651 2944 1688 2977 Β.

101 2977 155 3000 22.
181 2968 319 3012 πρέπων
340 2968 384 3003 D.
451 2970 640 3009 ἀναβαίνειν
658 2974 696 3008 Β.
