2084 3317
126 165 195 206 vii.
215 179 282 221 30.
386 169 461 210 IN
503 170 545 212 S.
579 171 917 216 JOANNEM.
980 177 1180 220 LIB.V.
1245 181 1378 224 CAP
1415 185 1450 225 I.
1632 188 1714 227 667

124 272 256 324 οὐδὲν
298 274 423 330 ὅλως
473 282 832 347 φρ’.οντισαντες
911 284 939 349 ἢ
991 285 1082 352 γὰρ
1130 289 1232 355 οὐχι
1279 313 1354 341 και
1406 293 1493 359 οὐχ
1535 292 1714 348 ἑκόντες

123 355 325 420 ἐροῦσιν,
351 361 413 412 ὡς
447 361 472 410 ὁ
507 361 699 413 πάντων
725 368 819 414 τῶν
846 365 994 416 ὄντων
1021 369 1094 418 ἐπι
1129 372 1212 432 τῆς
1237 393 1324 436 γης
1349 372 1436 435 τὴν
1463 374 1714 437 ἡγεμονίαν

122 435 299 503 λαχὼν,
325 442 399 490 καὶ
436 443 590 493 αὐτῶν
625 444 759 495 ἔσται
795 451 889 496 τῶν
916 447 1110 513 ἀλόγων
1137 451 1424 516 ἀθλιώτερος
1460 454 1606 523 ζῴων,
1636 459 1712 507 καὶ

120 518 348 578 βιώσεται
397 522 483 584 μὲν
528 526 752 579 ἐλεεινῶς·
816 529 840 578 ὁ
887 528 935 578 δε
983 532 1207 598 προῦχειν
1252 533 1459 602 ὀφειλων
1505 535 1580 586 διὰ
1627 537 1713 600 τὴν

78 598 282 666 5φύσιν,
322 603 370 652 ἐν
409 605 635 671 δευτέροις
680 608 782 672 ἤδη,
820 614 1013 671 μᾶλλον
1053 612 1101 663 δε
1143 637 1217 664 και
1257 617 1305 665 ἐν
1342 621 1436 670 τοῖς
1476 618 1711 685 εσχάτοις,

118 682 512 752 κατατετάξεται·
500 727 513 748 ,
573 692 611 738 εἰ
653 692 746 755 γὰρ
793 693 941 743 ἐκεῖνα
984 694 1071 756 μὲν
1112 696 1500 752 αὐτοκελεύστοις
1547 700 1712 799 ὁρμαῖς

117 762 235 828 πρὸς
260 764 314 815 τὸ
342 769 556 818 δοκοῦν’
530 770 740 821 απονεύει
766 774 1109 829 διακωλύοντος
1136 778 1338 837 οὐδενὸς,
1362 803 1436 830 και
1463 783 1710 846 προσίεται
1727 798 1754 839 b

114 867 202 907 μεν
239 869 355 913 οπερ
395 847 487 900 οἶδε
531 857 832 916 λυσιτελοῦν,
871 856 1120 925 ἀποτρεχει
1165 860 1214 910 δε
1258 884 1354 912 των
1392 863 1564 913 ἀδικεῖν
1604 887 1706 914 ειω-

114 926 278 990 θότων,
305 934 458 999 πικρῷ
486 932 534 982 δε
569 933 696 996 ἡμεῖς
729 939 796 984 τῶ
830 936 988 1033 χρόνω
1023 938 1232 1008 δεσπότῃ
1271 944 1606 1007 δουλεύσομεν,
1633 948 1709 996 καὶ

48 1031 95 1055 10
115 1009 436 1074 ἀπαραίτητον
461 1016 714 1079 τυραννίδα
741 1016 826 1080 τὴν
852 1017 945 1069 ἀπὸ
972 1025 1066 1071 τῶν
1093 1024 1228 1088 ὡρῶν
1248 1024 1470 1092 ἐξουσίαν
1490 1026 1709 1090 σκήπτου

112 1090 236 1144 τινὸς
283 1093 414 1156 δίκην
461 1096 784 1161 ἐπηρτημενην
825 1100 1109 1167 ἐσχήκαμεν,
1155 1108 1257 1158 πῶς
1302 1107 1355 1155 οὐ
1401 1111 1575 1157 πολλῶ
1619 1131 1708 1158 τινι

110 1171 266 1241 με’τρω
291 1173 350 1224 τὰ
375 1176 482 1226 καθ’
512 1176 630 1239 ἡμᾶς
657 1180 705 1228 ἐν
729 1202 954 1246 χειροσιν,
983 1182 1010 1247 ἢ
1038 1185 1086 1234 ἐν
1113 1184 1178 1238 οἷς
1206 1185 1356 1237 ἐκεῖνοί
1381 1189 1546 1238 ἐστιν·
1534 1230 1546 1250 ,

185 1255 328 1306 ”Αλλ
369 1258 632 1324 ἐρυθριάσει
671 1260 768 1323 μὲν,
807 1264 867 1316 ὡς
908 1264 1065 1327 ἐοικεν,
1106 1269 1130 1318 ὁ
1169 1291 1407 1320 συνειπειν
1447 1271 1700 1336 ἐθελήσας,

109 1339 301 1397 μᾶλλον
327 1338 375 1388 δὲ
408 1341 823 1408 καταψευσασθαι,
851 1349 945 1396 τῶν
973 1349 1106 1413 ὡρῶν
1133 1373 1209 1400 και
1234 1355 1329 1401 τῶν
1356 1356 1418 1405 εἰς
1451 1353 1583 1404 ουδεν
1609 1359 1704 1405 τῶν

44 1435 90 1473 15
109 1440 331 1469 τοιουιων
380 1443 706 1485 πεποιημενων
750 1425 947 1492 χρόνων,
993 1428 1079 1492 τὴν
1126 1430 1174 1481 δὲ
1223 1433 1271 1482 ἐν
1315 1438 1411 1487 τοῖς
1462 1433 1742 1499 δόγμασινο

108 1501 389 1566 ἀβελτερίαν
429 1504 801 1570 ἀποκρουόμενος
842 1509 944 1577 ἥξει
989 1512 1144 1577 λεγων
1186 1516 1312 1565 Οὔτε
1355 1515 1442 1579 τὴν
1483 1516 1621 1581 ὥραν,
1665 1516 1701 1568 ὠ

108 1604 256 1645 ουτος,
296 1583 406 1634 ἀλλ’
447 1586 551 1636 οὐδὲ
590 1586 672 1637 τὸν
711 1587 882 1655 χρόνον
924 1590 952 1656 ἢ
1000 1592 1082 1643 τὸν
1123 1594 1284 1661 καιρὸν
1323 1597 1701 1665 κατεξουσιάζειν

107 1667 202 1714 τῶν
257 1666 565 1730 ἀνθρωπινων
622 1670 926 1736 διοριζόμεθα,
985 1698 1106 1740 ωρας
1161 1677 1309 1742 γεμὴν
1366 1676 1485 1729 εἶναι’
1543 1684 1701 1748 φαμεν

106 1746 327 1812 πονηρὰς,
374 1772 448 1798 και
497 1772 683 1815 καιρους
726 1753 800 1803 ἐπὶ
843 1756 1046 1819 ταύταις,
1092 1757 1134 1807 οἰ
1179 1760 1420 1825 ῥαγδαιων
1466 1761 1574 1813 ἐσθ’
1622 1786 1698 1814 οτε

38 1849 87 1874 20
106 1827 382 1891 πνευμάτων
421 1831 552 1895 δίκην
589 1837 685 1886 τοῖς
724 1836 905 1889 ἀθλιοις
945 1839 1054 1900 ημῖν
1092 1841 1491 1906 ἐπιθρωσκουσιν.

179 1910 490 1977 Ἀντεροῦμεν
522 1912 570 1963 δε
609 1914 790 1969 τούτοις
829 1918 957 1981 ἡμεῖς
983 1918 1050 1970 Ὠ
1088 1921 1356 1987 παράκοποι
1397 1928 1584 1991 φρενῶν
1620 1948 1696 1976 και

104 1990 292 2061 ἀκράτω
330 2017 482 2062 μωρια
520 1998 877 2061 μεμεθυσμένοι,
910 2004 1010 2053 πῶς
1050 2003 1167 2066 ὑμᾶς
1208 2003 1396 2056 διελαθε
1435 2006 1585 2057 πάλιν
1625 2007 1695 2058 ότι

104 2074 204 2124 κατ’
245 2075 386 2139 αυτῆς
424 2079 506 2140 τῆς
545 2078 770 2129 ἀνωτάτω
808 2086 983 2131 πασῶν
1018 2085 1183 2138 οὐσίας
1223 2090 1390 2137 οἰκεῖον
1427 2088 1695 2156 ἐξοπλιζετε

102 2160 246 2205 νοῦν·
234 2197 247 2218 ,
302 2155 331 2221 ἢ
370 2156 464 2223 γὰρ
503 2181 586 2209 ουκ
624 2182 758 2210 εσται
796 2166 891 2212 τῶν
931 2165 1133 2231 φαυλων
1171 2166 1370 2233 ἐργάτις,
1412 2174 1448 2219 εἰ
1487 2171 1741 2236 πονηρόνᾶ

34 2254 81 2292 25
103 2237 234 2287 ἐστιν
272 2260 318 2288 τι
357 2243 451 2289 τῶν
489 2241 597 2305 παρ’
626 2243 767 2305 αὐτης
806 2245 1105 2309 γεγονότων·
1093 2288 1106 2309 ,
1159 2248 1291 2299 ἀλλὰ
1330 2273 1469 2301 τουτο
1507 2252 1592 2315 μὲν
1630 2255 1692 2306 ὡς

101 2319 191 2383 ἤδη
235 2321 572 2386 προειρημένον
617 2325 1024 2389 παριππεύσομεν,
1068 2331 1212 2380 ἐκεῖνο
1257 2330 1305 2381 δὲ
1349 2336 1540 2394 μᾶλλον
1586 2335 1693 2397 ὑμῖν

101 2401 437 2452 ἀναπείθεσθαι
463 2404 819 2468 σπουδάσομεν,
847 2412 946 2461 πῶς
973 2408 1029 2459 ἂν
1056 2410 1177 2473 ἡμᾶς
1211 2412 1238 2475 ἡ
1274 2410 1372 2479 ὥρα
1407 2412 1435 2478 ἢ
1474 2415 1497 2464 ὁ
1533 2414 1692 2481 καιρὸς

148 2506 181 2539 3.
207 2495 413 2541 ἀθλιώτερος
433 2496 525 2543 ζῴων
544 2497 584 2531 Β.
589 2510 617 2531 a.
640 2498 847 2545 ἀθλιώτερον
864 2503 949 2548 ζῴον
970 2503 1087 2538 Holst.
1107 2505 1173 2540 Ed.
1321 2516 1354 2551 5.
1379 2510 1450 2543 τοῖς
1467 2517 1690 2554 assumptum

101 2552 143 2575 ex
166 2541 205 2576 Β.
318 2543 351 2576 6.
378 2544 636 2587 κατατετάξεται
657 2545 697 2579 Β.
716 2550 935 2593 κατατάξεται
958 2550 1018 2584 Ht.
1040 2551 1105 2586 Ed.
1177 2552 1257 2598 γὰρ]
1277 2567 1317 2598 γε
1335 2565 1365 2587 a.
1478 2567 1510 2600 9.
1537 2556 1688 2601 δεσπότῃ

98 2590 147 2633 τῷ
164 2590 278 2635 χρόνῳ
296 2589 355 2623 inv
359 2601 436 2623 erso
454 2590 575 2624 ordine
593 2603 623 2626 a.
690 2592 816 2627 Statim
834 2595 1039 2640 δουλεύομεν
1056 2609 1086 2631 a.
1212 2610 1263 2633 12.
1291 2600 1326 2633 ἐν
1341 2602 1496 2646 χείροσιν
1516 2602 1556 2636 Β.
1576 2603 1688 2648 ἐγχει-

99 2638 208 2678 ρῶσιν
227 2623 289 2669 Ht.
339 2636 498 2671 Adnotat
516 2649 552 2671 se
568 2639 671 2682 χείρω
689 2638 774 2674 ὠσιν
792 2642 1032 2677 emend-'wisse
1050 2644 1144 2679 Aub.
1307 2658 1359 2692 13.
1385 2648 1446 2690 μὲν
1463 2657 1689 2693 assumptum

100 2692 142 2714 ex
163 2681 204 2716 B.
266 2681 366 2725 ἐθελη
371 2698 435 2718 σας
453 2683 496 2717 Β.
515 2684 598 2728 θελη
601 2699 665 2720 σας
685 2685 749 2720 Ht.
769 2687 836 2721 Ed.
981 2700 1036 2723 21.
1062 2692 1282 2735 παράσκοποι
1300 2693 1342 2728 Β.
1363 2693 1426 2727 Ht.
1477 2694 1689 2730 Emendavit

99 2739 118 2760 e
137 2727 214 2762 Cat.
231 2728 360 2763 utvid.
378 2729 473 2764 A.ub
610 2742 666 2766 22.
692 2732 826 2779 ἀκράτῳ
843 2735 1042 2770 emendavit
1062 2737 1191 2782 Heyse.
1209 2738 1347 2786 ἀκάρπῳ
1368 2740 1410 2774 Β.
1428 2740 1495 2775 Ed.
1546 2742 1688 2777 Desunt

98 2773 184 2808 haec
202 2775 330 2808 verba'
322 2787 360 2808 111
379 2776 471 2810 Catt.
625 2788 680 2820 24.
706 2777 742 2824 ἢ]
762 2783 834 2816 πῶς
852 2792 871 2814 a
888 2788 932 2822 et,
951 2788 1038 2816 teste
1055 2784 1162 2826 Aah„
1182 2784 1258 2819 Cat.
1278 2775 1378 2821 Harl.
1443 2787 1576 2832 ἐργάτις
1593 2789 1687 2823 edidi

99 2848 141 2870 ex
162 2837 216 2877 B.,
235 2838 296 2882 qui
313 2827 456 2883 ἐργάτης
474 2839 625 2875 exhlbet.
644 2841 786 2887 ἐργάτης
804 2843 872 2879 Ed.
1040 2856 1095 2891 25.
1123 2846 1277 2893 ἐστιν]
1253 2864 1273 2892 ῃ
1293 2861 1323 2883 a.
1404 2851 1505 2894 αὐτῆς
1525 2851 1565 2886 Β.
1585 2853 1688 2886 αυτοῦ

99 2883 206 2923 Aub.,
225 2885 285 2928 qui
310 2885 454 2919 adnotat
480 2897 515 2920 se
541 2887 644 2921 αὐτοῦ
669 2901 711 2922 ex
737 2891 850 2926 αὐτοῖς
874 2892 911 2925 in
933 2894 1121 2937 exemplari
1141 2895 1204 2928 Ht.
1225 2894 1302 2940 [aut
1325 2898 1536 2942 transcripto
1561 2910 1602 2931 ex
1629 2900 1688 2933 ino

99 2930 190 2964 facto
203 2929 233 2975 ?]
255 2937 395 2965 catenae
413 2933 619 2968 auctoritate
634 2935 885 2972 emendavisse.
1039 2940 1094 2974 26.
1119 2941 1362 2986 προειρημένον
1382 2943 1422 2977 Β.
1441 2944 1689 2989 προειρήκαμεν

100 2976 163 3011 Ht.
185 2977 250 3012 Ed
316 2978 467 3022 ὑμῶνΒ.
612 2990 666 3026 27.
693 2981 810 3025 ἢοΒ
831 2985 966 3019 xazflt
989 2985 1053 3020 Ed.

842 3043 966 3080 4122
