2084 3317
925 643 1242 695 ΚΕΦΑΛΗ
1302 641 1356 688 Ζ.

349 835 477 886 Λόγος
506 831 592 883 περὶ
619 831 684 879 τῆς
714 829 757 868 ἐν
785 826 903 880 ὀγδόῃ
933 823 1152 874 περιτομῆς,
1182 821 1285 861 τίνος
1318 816 1401 857 ἐστὶ
1434 810 1651 864 σημαντικὴ
1683 807 1936 860 πολυτρόπως

311 935 331 960 e
1028 905 1257 947 ἐπιδεικνύς.

425 1049 867 1102 ἈΡΚΟΥΝΤΩΣ
912 1044 1015 1108 ἤδη,
1063 1039 1272 1106 καθάπερ
1318 1032 1656 1098 ὑπολαμβάνω,
1703 1031 1776 1080 καὶ
1821 1025 1941 1078 κατὰ

352 1133 548 1196 δύναμιν
586 1133 667 1195 τῆς
710 1127 906 1192 ἐνούσης
951 1127 1060 1190 ἡμῖν
1106 1122 1308 1174 διανοίας
1353 1117 1435 1169 τὸν
1475 1117 1549 1167 ἐπι
1592 1117 1659 1182 τῷ
1703 1107 1984 1177 σαββάτῳ5

353 1214 692 1283 διαπτύξαντες
732 1209 894 1276 λόγον,
929 1209 1003 1259 ἐπὶ
1041 1204 1126 1269 τὴν
1161 1203 1312 1271 τούτῳ
1351 1220 1538 1265 γειτονα
1576 1214 1831 1261 περιτομην
1860 1212 1943 1241 τον

355 1299 430 1350 ἐπὶ
467 1301 526 1364 τῇ
562 1293 753 1361 ζητήσει
788 1291 1070 1356 μετοίσομεν
1101 1284 1262 1344 πόνον,
1286 1253 1584 1348 πανταχόθεν
1609 1275 1663 1329 τὸ
1699 1271 1946 1326 λυσιτελὲς

357 1381 427 1432 ὅτι
475 1377 646 1445 πρέποι
698 1376 938 1441 θηρᾶσθαι
990 1367 1306 1436 διεγνωκότες·
1366 1387 1441 1416 και
1492 1361 1586 1427 γὰρ
1637 1357 1695 1410 ἂν
1739 1379 1806 1420 ειη
1852 1358 1947 1406 τῶν

357 1458 690 1522 ἀτοπωτάτων,
717 1459 794 1508 καὶ
819 1452 1121 1522 γελοιότητος
1157 1449 1204 1501 δὲ
1240 1451 1324 1512 τῆς
1359 1444 1565 1513 ἐσχάτης
1591 1441 1675 1493 οὐκ
1701 1441 1944 1504 ἀμοιροῦν,

358 1544 412 1595 τὸ
451 1543 516 1607 μὴ
551 1541 708 1593 πάντα
745 1537 894 1591 πόνον
933 1538 1078 1588 ἀδεῶς
1116 1535 1198 1596 τῆς
1238 1533 1286 1582 ἐν
1324 1531 1505 1580 τούτοις
1546 1523 1770 1591 γνώσεως
1814 1517 1944 1582 ἀμεί-

358 1631 534 1687 βεσθαι
570 1627 742 1722 φιλεῖν.
798 1644 843 1672 τι
878 1618 926 1671 δὲ
963 1617 1020 1681 δὴ
1058 1617 1135 1667 καὶ
1168 1614 1223 1665 τὸ
1259 1611 1315 1682 ἐξ
1348 1611 1488 1673 αὐτῆς
1524 1610 1586 1661 ὡς
1619 1607 1667 1656 ἐν
1690 1603 1824 1672 τύπω
1855 1604 1952 1652 τοῖς

315 1718 341 1758 d
361 1706 678 1779 ἀρχαιοτέροις
715 1700 1100 1767 ὑποδηλούμενον
1124 1698 1484 1763 περιαθροῦντες
1508 1687 1845 1752 πνευματικῶς,
1870 1682 1946 1732 ἐκ·

364 1790 611 1855 θησόμεθα
637 1785 786 1838 πάλιν
811 1781 931 1835 κατὰ
956 1781 1011 1833 τὸ
1037 1780 1208 1845 μέτρον
1234 1779 1317 1840 τῆς
1347 1771 1649 1841 ἐπιχορηγιας
1682 1773 1766 1820 τοῦ
1798 1763 1956 1817 πάντα

142 1890 302 1927 Es-xlv-3
365 1872 424 1924 τὰ
452 1869 675 1922 σκοτεινὰ
702 1872 1018 1965 φανεροῦντος
1046 1866 1186 1923 Θεοῦ,
1213 1882 1288 1910 και
1316 1852 1585 1922 θησαυροὺς
1611 1852 1721 1916 ἡμῖν
1746 1844 1953 1912 ἀποκρύ-

368 1960 487 2022 φους
533 1950 761 2019 ἀοράτους
806 1948 1093 2012 ἀνοί.γοντος
1164 1946 1260 1995 τοῖς
1305 1939 1389 2006 μὲν
1433 1936 1528 2004 γὰρ
1570 1956 1689 2000 προς
1733 1930 1831 2000 ἕξιν
1868 1928 1957 1993 ἤδη
1981 1948 2028 1987 15

367 2035 605 2100 βεβηκόσι
630 2032 716 2097 τὴν
743 2033 1002 2097 ἀπροσδεᾶ,
1024 2050 1097 2078 και
1124 2022 1413 2087 τελειοτεραν
1439 2019 1603 2086 ε”χουσι
1628 2014 1713 2079 τὴν
1739 2011 1959 2073 διάνοιαν,

369 2117 559 2187 ἐξέσται
586 2139 661 2166 και
689 2117 809 2164 νοεῖν
830 2113 906 2162 καὶ
932 2113 1099 2161 λαλεῖν
1118 2129 1177 2158 τα
1203 2103 1329 2157 πολὺ
1355 2101 1532 2154 τούτων
1558 2097 1799 2160 βελτίονα·
1832 2093 1961 2157 ἡμεῖς

372 2200 420 2251 δὲ
447 2198 507 2250 τὰ
531 2203 593 2252 εἰς
622 2202 730 2248 νοῦν
759 2193 888 2246 ἰόντα
923 2191 1006 2244 τὸν
1032 2190 1267 2255 ἡμετερον,
1295 2185 1381 2237 κᾶν
1408 2189 1491 2235 τοῦ
1525 2180 1785 2247 πρέποντος
1820 2177 1959 2227 ὑστε-

373 2282 511 2349 ριζειν
538 2283 676 2342 δοκεῖ,
696 2282 792 2331 τοῖς
819 2273 1130 2342 ἀκροωμενοις
1156 2266 1515 2336 παραθήσομεν,
1536 2264 1618 2315 οὐκ
1645 2263 1770 2312 αιδοῖ
1790 2264 1872 2310 τοῦ
1897 2254 1962 2321 μὴ

337 2392 358 2418 e
377 2369 527 2416 δοκεῖν
553 2363 789 2427 ἡττῆσθαι
813 2361 954 2409 τινῶν
979 2353 1064 2419 τὴν
1091 2350 1417 2423 φιλαδελφίαν
1438 2346 1752 2411 λυπήσαντες,
1773 2345 1965 2406 μᾶλλον
1987 2361 2036 2386 20

154 2453 252 2539 ξων·
272 2452 315 2482 13
378 2446 425 2498 δὲ
479 2445 532 2497 τὸ
583 2463 912 2510 γεγραμμενον
956 2438 1126 2490 εἰδότες
1169 2441 1195 2464 “
1216 2434 1363 2484 Διδου
1412 2432 1555 2498 σοφῷ
1604 2423 1844 2495 ἀφορμὴν,
1890 2421 1968 2472 καὶ

381 2537 408 2558 “
436 2527 713 2597 σοφώτερος
749 2524 902 2575 ἕσται·
942 2518 1133 2587 γνώριζε
1174 2514 1222 2568 δὲ
1261 2513 1435 2582 δικαιῳ,
1467 2512 1543 2562 καὶ
1580 2504 1848 2575 προσθήσει
1885 2507 1969 2555 τοῦ

381 2620 407 2641 “
435 2609 701 2678 δεχεσθαι.”
755 2609 941 2673 πρῶτος
973 2603 1226 2667 τοιγαροῦν
1256 2598 1330 2648 ἐπι
1368 2599 1426 2663 τῇ
1467 2593 1696 2658 περιτομῇ
1737 2585 1970 2653 διωρίζετο

1974 1538 2021 1563 10

1483 2724 1744 2737 xxxxx

432 2756 464 2779 2.
492 2746 601 2789 Λόγος
625 2754 696 2777 om
717 2741 759 2775 B.
840 2738 999 2773 Adnotat
1025 2736 1080 2769 D:
1117 2731 1208 2777 οἶμαι
1234 2731 1306 2765 ἀντι
1331 2731 1391 2763 τοῦ
1416 2742 1494 2771 περι
1519 2741 1577 2769 της
1602 2740 1637 2760 εν
1662 2723 1765 2770 ογδοῃ
1790 2720 1973 2765 περιτομῆς

384 2792 519 2837 ὀφειλει
539 2788 746 2835 γράφεσθαι,
766 2787 794 2821 εἶ
811 2785 995 2830 περιτομὴν
1011 2781 1178 2826 λαμβάνει
1196 2778 1373 2822 ἅνθρωπος
1391 2775 1426 2809 ἐν
1443 2773 1622 2818 σαββάτῳ.
1803 2776 1834 2813 7.
1860 2766 1971 2810 μετοί-

385 2853 499 2882 σωμεν
520 2837 560 2870 Β.
724 2845 777 2869 10.
804 2833 909 2868 ἀδεῶς
928 2831 969 2865 Β.
988 2829 1093 2873 ἡδέως
1110 2826 1176 2861 Ed.
1251 2822 1502 2867 ἁμειβήσεσθαι
1523 2820 1564 2853 B.
1724 2826 1776 2860 13.
1800 2814 1909 2849 πάντα
1928 2812 1971 2846 Β.

385 2886 508 2920 παντὸς
527 2883 593 2918 Ed.
718 2890 772 2925 17.
799 2894 851 2913 και
869 2879 966 2924 prius
985 2879 1207 2919 assumptum
1226 2884 1267 2906 ex
1291 2870 1351 2950 Β.
1396 2869 1438 2903 τὰ
1455 2879 1525 2901 om.
1546 2865 1680 2910 Migne.
1803 2871 1857 2905 19.
1883 2859 1974 2893 δοκεῖ

388 2932 429 2966 Β.
450 2938 483 2965 et
501 2931 549 2964 sic
568 2928 714 2974 conjecit
732 2927 826 2961 Aub.
847 2926 954 2960 δοκεῖς
972 2924 1019 2958 D.
1040 2921 1106 2957 Ed
1359 2916 1428 2950 .δὲ
1447 2919 1670 2958 assumptum
1688 2921 1729 2944 ex
1749 2908 1778 2943 B
1798 2917 1973 2952 suprascr.

390 2976 523 3020 (Alex.)
544 2977 589 3011 cf
608 2986 712 3020 supra
732 2983 774 3019 79
789 2986 818 3007 a.
