2084 3317
132 332 186 363 Es.
206 332 248 364 lv.
262 331 292 370 6,

135 382 164 418 7.

130 1069 205 1100 Gal.
223 1068 256 1100 ii.

131 1112 182 1144 16.

128 1566 160 1616 S.
167 1566 289 1597 Matth.

127 1621 170 1641 lx.
186 1619 234 1650 13.

128 1813 181 1844 Ib.
199 1824 254 1844 xv.

130 1867 181 1897 2⁷4.

128 2568 219 2602 380
234 2567 283 2600 A.

353 150 437 190 556
755 152 805 193 Β.
840 153 1113 194 CYRILLI
1155 153 1533 195 ALEXANDR.
1709 152 1764 193 vi.
1783 152 1851 204 64,
1870 152 1938 205 65.

354 261 417 312 εἰς
441 263 537 310 πᾶν
564 260 703 327 ἔργον
729 261 910 327 ἀγαθὸν
935 263 1210 326 ἐπιθυμίαις,
1235 262 1344 316 τοὺς
1377 261 1570 328 ἐγγίζειν
1594 261 1841 314 ἐθέλοντας
1874 264 1942 328 τῷ

355 341 556 410 Χριστῷ
595 341 671 392 διὰ
709 345 792 406 τῆς
833 344 1039 397 πίστεως
1080 343 1311 395 ἐπιτάττει
1351 347 1481 404 βοῶν
1518 350 1546 373 “
1569 341 1818 407 Ζητήσατε
1859 340 1942 391 τὸν

315 432 336 459 0
356 426 382 449 ‘⁴
409 420 548 485 Θεὸν,
576 425 651 474 καὶ
685 425 733 474 ἐν
765 428 832 493 τῷ
865 425 1093 491 εὑρίσκειν
1125 423 1267 476 αὐτὸν
1299 425 1667 476 ἐπικαλέσασθε·
1723 424 1858 488 ἡνίκα
1896 421 1938 473 δ’

354 509 380 533 “
407 501 465 553 ἀν
491 504 648 572 ἐγγίζῃ
684 507 804 569 ὑμῖν,
831 506 1105 557 ἀπολιπέτω
1145 508 1170 557 ὁ
1209 506 1389 570 ἀσεβὴς
1428 506 1515 570 τὴν
1549 505 1658 557 ὁδὸν
1689 507 1832 556 αὐτοῦ
1866 506 1943 555 καὶ

353 591 380 614 “
406 584 524 651 ἀνὴρ
575 586 748 648 ἄνομος
799 586 884 651 τὴν
927 587 1111 652 βουλὴν
1155 589 1298 639 αὑτοῦ
1349 589 1425 639 καὶ
1476 585 1818 656 ἐπιστραφήτω
1866 587 1940 637 ἐπὶ
1961 605 1983 644 5

352 672 380 694 ‘⁶
409 666 600 733 Κύριον,
626 669 703 718 καὶ
728 668 1048 733 ἐλεηθήσεται,
1076 669 1147 721 ὅτι
1182 672 1256 721 ἐπὶ
1289 668 1417 721 πολὺ
1450 668 1629 738 ἀφήσει
1663 667 1746 722 τὰς
1781 669 1935 734 ἁμαρ-

353 754 379 777 “
404 748 505 802 τιάς
550 749 724 813 ὑμῶν.”
791 751 904 819 ὁρᾷς
949 751 1075 806 ὅπως
1117 751 1559 820 προεξανίστασθαι
1602 749 1775 818 χρῆναί
1815 754 1940 818 φησι

350 831 432 892 τῆς
470 831 668 897 ἀρχαίας
707 832 830 895 ὁδοῦ,
862 835 938 884 καὶ
976 838 1071 884 τῶν
1104 833 1392 900 παρανόμων
1431 833 1788 884 ἀπανίστασθαι
1826 835 1940 891 βου-

349 910 611 974 λευμάτων,
646 913 721 963 ἵνα
759 912 845 978 τὴν
885 919 978 965 τῶν
1018 916 1258 981 ἁμαρτιῶν
1297 914 1473 984 ἄφεσιν
1510 912 1830 978 κομισώμεθα,
1864 911 1941 963 διὰ

350 993 556 1047 πίστεως
581 994 628 1045 δὲ
656 995 877 1059 δηλονότι
903 999 984 1060 τῆς
1012 997 1060 1047 ἐν
1086 999 1303 1066 Χριστῷ.
1360 996 1695 1058 δεδικαιώμεθα
1727 993 1822 1061 γὰρ
1857 995 1940 1045 οὐκ
1962 1017 2011 1045 10

420 1075 430 1090 9
495 1075 517 1092 ν
704 1076 714 1091 r
824 1078 848 1094 n
893 1080 903 1094 9
989 1077 1001 1093 x
1143 1077 1156 1095 x
1247 1077 1260 1092 t
1398 1075 1410 1093 x
1484 1079 1494 1094 2
1602 1078 1613 1091 ι
1680 1082 1700 1092 a
1812 1077 1826 1095 x
1891 1074 1903 1091 N

309 1074 336 1115 d
353 1081 381 1103 ‘⁶
408 1074 464 1143 εξ
487 1099 636 1142 εργων
663 1100 821 1141 νομου,
877 1085 1008 1129 αλλα
1042 1101 1162 1129 κατα
1196 1101 1335 1146 χαριν
1359 1100 1446 1142 την
1471 1077 1527 1147 εξ
1559 1100 1721 1139 αυτου,
1752 1098 1828 1127 και
1853 1098 1940 1140 την

352 1160 647 1222 δωρηθεῖσαν
671 1156 780 1222 ἡμῖν
806 1159 983 1210 ἄνωθεν
1009 1161 1366 1223 ἀμνησικακίαν.

424 1238 565 1289 Ἀλλ’
606 1241 701 1306 ἐρεῖ
739 1263 808 1294 τις
853 1240 996 1309 τυχόν
1035 1246 1304 1308 Τοιγαροῦν
1343 1243 1391 1293 τί
1432 1241 1485 1293 τὸ
1527 1246 1754 1292 κωλῦσαν
1796 1239 1939 1291 αὐτὸν

351 1322 735 1386 ἀμνησικακῆσαι
770 1324 846 1373 καὶ
871 1323 1124 1386 Ἰουδαίοις,
1153 1326 1228 1374 καὶ
1262 1328 1328 1393 τῷ
1355 1323 1558 1390 Ἰσραὴλ
1593 1321 1687 1373 σὺν
1718 1323 1828 1385 ἡμῖν
1852 1320 1940 1386 τὴν

351 1402 527 1470 ἄφεσιν
553 1404 1054 1472 ἐπιδαψιλεύσασθαι;
1097 1404 1155 1470 ἦν
1181 1404 1276 1472 γὰρ
1307 1405 1363 1470 δὴ
1390 1408 1464 1456 καὶ
1491 1406 1638 1458 οὕτως
1663 1404 1845 1471 πρέπον
1870 1406 1937 1472 τῷ
1961 1429 2008 1468 15

351 1485 537 1539 τελείως
576 1488 756 1556 ἀγαθῷ.
810 1492 911 1541 πῶς
950 1486 998 1538 δὲ
1035 1489 1111 1538 καὶ
1150 1488 1421 1553 ἀληθεύσει,
1462 1489 1628 1557 φησὶν,
1667 1485 1782 1537 ὅταν
1819 1485 1939 1553 λε’γῃ

350 1566 470 1634 πρὸς
497 1568 618 1632 ἡμᾶς
646 1575 671 1597 “
694 1569 798 1619 Οὐκ
823 1568 975 1634 ἦλθον
1000 1570 1200 1621 καλέσαι
1227 1569 1442 1632 δικαίους,
1469 1567 1601 1620 ἀλλὰ
1628 1566 1940 1635 ἁμαρτωλοὺς

351 1656 378 1679 “
405 1654 467 1703 εἷς
492 1649 740 1715 μετάνοιαν
759 1651 802 1713 ;”
1854 1665 1859 1667 “

427 1734 493 1783 Τι’
514 1734 595 1783 οὖν
619 1733 738 1800 πρὸς
764 1740 942 1796 ταῦτα;
983 1734 1142 1798 μόνοις
1177 1740 1273 1789 τοῖς
1307 1735 1365 1804 ἐξ
1387 1734 1592 1802 Ἰσραὴλ
1628 1736 1703 1785 καὶ
1735 1732 1938 1800 πρώτοις

312 1814 379 1878 εὴ
407 1813 482 1865 διὰ
506 1820 588 1869 τοῦ
617 1818 837 1882 Σωτῆρος
862 1821 1243 1883 προσεπινοεῖται
1268 1816 1420 1886 χάρις·
1461 1815 1714 1880 ἀπεστάλη
1741 1815 1849 1882 γὰρ,
1877 1817 1939 1869 ὡς
1959 1839 2008 1865 20

351 1896 491 1951 αὐτὸς
529 1898 915 1961 διεβεβαιώσατο,
954 1898 1073 1965 πρὸς
1112 1898 1235 1963 μόνα
1280 1897 1339 1949 τὰ
1384 1897 1675 1950 ἀπολωλότα
1717 1896 1940 1964 πρόβατα

350 1978 478 2029 οἴκου
507 1979 727 2045 Ἰσραήλ.
784 1983 859 2030 καὶ
898 1986 1014 2046 γοῦν
1052 1985 1147 2034 τοῖς
1187 1980 1406 2032 ἐθέλουσι
1443 1979 1683 2031 πιστεύειν
1717 1979 1829 2048 ἐξῆν
1862 1979 1939 2030 καὶ

351 2064 413 2114 εἷς
451 2060 537 2125 τὴν
572 2060 692 2126 ζωὴν
725 2062 995 2129 ἀνατρέχειν
1029 2060 1115 2126 τὴν
1149 2062 1349 2114 αἰώνιον.
1413 2061 1524 2113 ἀλλ’
1553 2065 1595 2113 οὶ
1632 2060 1718 2126 μὲν
1752 2062 1933 2126 εὐγενε-

350 2142 505 2212 στέρω
540 2143 774 2209 συζῶντες
808 2143 981 2214 τρόπῳ,
1017 2145 1093 2195 καὶ
1131 2148 1212 2208 τῆς
1252 2144 1474 2209 ἀληθείας
1512 2143 1641 2198 ὄντες
1679 2144 1934 2210 ἐρευνηταὶ,

349 2223 436 2288 τὴν
479 2229 562 2275 τοῦ
606 2228 731 2276 Θεοῦ
780 2228 855 2277 καὶ
900 2226 1091 2293 Πατρὸς
1141 2225 1279 2294 χάριν
1323 2224 1558 2293 συνεργὸν
1602 2224 1833 2288 λαβόντες
1877 2228 1940 2279 εἷς
1957 2246 2006 2286 25

350 2307 592 2373 σωτηρίαν
618 2306 694 2358 διὰ
729 2308 934 2362 πίστεως
972 2308 1277 2375 ἀνεσώζοντσ
1322 2309 1347 2359 ὁ
1382 2307 1429 2360 δὲ
1465 2306 1652 2375 ἀλαζὼν
1678 2311 1941 2373 Φαρισαῖος

352 2390 427 2439 καὶ
454 2391 495 2439 οἱ
521 2389 890 2456 σκληροκοῖρδιοι
914 2391 1011 2454 μετ’
1042 2390 1226 2442 ἐκείνων
1252 2392 1478 2458 ἀρχιερεῖς
1512 2391 1589 2441 καὶ
1621 2388 1940 2456 πρεσβύτεροι

352 2476 435 2521 τοῦ
462 2477 595 2535 λαοῦ,
622 2472 862 2524 πιστεύειν
888 2473 971 2523 οὐκ
997 2471 1183 2537 ἤθελον,
1212 2473 1361 2524 καίτοι
1386 2471 1836 2539 προπεπαιδευμὲνοι
1864 2470 1940 2522 διὰ

315 2554 603 2608 ειΜωυσέως
641 2557 716 2605 καὶ
754 2559 849 2605 τῶν
886 2558 1163 2623 προφητῶν.
1236 2554 1391 2618 ἐπειδὴ
1431 2553 1480 2606 δὲ
1522 2553 1596 2605 διὰ
1638 2553 1725 2618 τὴν
1762 2555 1940 2605 ἑαυτῶν

353 2635 649 2696 δυσβουλίαν
684 2635 867 2705 ἀνάξιοι
908 2634 1078 2688 λοιπὸν
1110 2639 1192 2700 τῆς
1227 2637 1413 2688 αἰωνίου
1448 2635 1565 2702 ζωῆς
1599 2636 1935 2698 ἀνεδείκνυντο,
1959 2660 2010 2698 30

352 2717 433 2767 τὸν
460 2717 590 2785 παρὰ
625 2725 707 2770 τοῦ
735 2722 860 2769 Θεοῦ
896 2720 971 2770 καὶ
1001 2718 1192 2785 Πατρὸς
1229 2719 1313 2769 οὐκ
1348 2719 1631 2783 ἐκομίσαντο
1667 2717 1935 2787 φωτισμόν.

404 2869 431 2890 1.
459 2858 547 2891 ἅπαν
568 2858 607 2892 B.
783 2870 813 2904 3.
843 2858 1060 2894 ἐπικαλεῖσθε
1080 2858 1123 2892 Β.
1302 2870 1354 2893 10.
1382 2857 1596 2901 δικαιούμεθα
1617 2858 1658 2893 Β.
1829 2867 1881 2902 13.
1908 2858 1941 2892 τί

352 2907 530 2948 τοιγαροῦν
547 2905 685 2939 inverso
705 2905 826 2940 ordine
848 2906 887 2939 B.
1013 2917 1064 2950 19.
1092 2905 1144 2939 καὶ
1162 2907 1307 2948 πρώτοις
1324 2911 1404 2940 ante
1421 2907 1490 2941 τοῖς
1507 2911 1549 2940 tr.
1570 2905 1612 2940 Β.
1729 2915 1784 2939 20.
1811 2917 1938 2949 προσε-

351 2953 501 2984 πενοεῖτο
524 2951 563 2985 Β.
707 2963 763 2997 31.
792 2952 993 2997 ἐκομίσαντο
1014 2952 1053 2988 Β.
1073 2951 1265 2997 ἐκομίζοντο
1287 2951 1353 2986 Ed.
