2084 3317
321 155 402 194 160
724 155 771 194 Β.
806 154 1081 195 CYRILLI
1123 155 1505 196 ALEXANDR.
1700 154 1726 195 i.
1750 168 1813 208 19,
1839 166 1905 195 20.

320 262 481 329 καιρὸν
516 266 694 325 οἰκεῖον,
735 266 796 316 ὡς
835 263 892 313 ἂν
928 266 1139 328 εἰρῆσθαι
1181 266 1308 331 δοκῇ,
1345 264 1506 314 ὁποῖον
1542 261 1660 314 εἶναί
1694 266 1815 331 φημι
1854 261 1908 312 τὸ

319 345 394 395 ἐπὶ
438 345 685 398 Μωυσέως
725 352 750 373 “
777 345 1029 410 Εὶσένεγκε
1074 344 1160 408 τὴν
1198 344 1330 412 χεῖρά
1369 367 1460 395 σου
1500 349 1563 398 εἷς
1607 343 1689 394 τὸν
1728 343 1910 395 κόλπον

322 434 349 455 “
372 427 509 477 σου.”
569 425 781 490 ἀδικήσει
827 426 876 476 δὲ
920 427 1044 479 ὅλως
1086 426 1168 477 τὸν
1208 425 1355 492 λόγον
1394 425 1528 477 οὐδὲν
1566 427 1620 478 τὸ
1659 429 1706 477 ἐν
1745 427 1909 495 κόλπῳ

320 513 555 559 τεθεῖσθαι
587 513 670 558 τοῦ
695 507 920 574 Ἀβραὰμ
947 507 1029 558 τὸν
1058 507 1275 574 Λάζαρον
1302 512 1459 567 εἰπεῖν,
1488 508 1830 574 συναγορεύσει
1861 505 1910 557 δὲ

274 599 301 640 (1
321 594 510 653 μᾶλλον
545 590 685 657 αὐτῷ,
721 591 797 639 καὶ
836 594 931 642 τοῖς
970 589 1204 656 ἡμετέροις
1244 593 1579 656 συνδραμεῖται
1617 588 1903 656 θεωρήμασι.
1932 607 1954 645 5

320 670 465 735 μόνον
510 670 604 738 γὰρ
648 671 751 738 οὐχὶ
798 669 937 722 τοῦτό
982 675 1135 740 φησιν
1180 672 1208 736 ἡ
1260 671 1360 722 θειά
1404 671 1585 739 γραφή·
1648 669 1839 724 τεθνεὼς
1885 672 1910 720 ὁ

322 751 536 818 Λάζαρος
562 755 636 803 καὶ
663 751 749 816 τὴν
775 752 893 815 μετὰ
916 753 1139 815 σώματος
1166 753 1445 807 καταλύσας
1472 752 1604 820 ζωὴν,
1632 757 1694 806 εἷς
1729 751 1912 803 κόλπον

321 833 547 901 Ἀβραὰμ
574 834 830 902 ἀπηνέχθη,
850 836 952 885 ἀντὶ
979 841 1062 886 τοῦ
1088 836 1136 885 ἐν
1164 839 1276 890 υἱοῖς
1300 834 1526 901 εΑβραοὶμ
1554 835 1909 886 κατατέτακται·

321 917 502 982 πατέρα
540 915 634 982 γὰρ
671 921 872 967 πολλῶν
905 918 1052 968 ἐθνῶν
1085 916 1266 967 τέθεικά
1300 939 1359 967 σε
1393 916 1512 983 πρὸς
1549 915 1690 968 αὐτὸν
1720 918 1745 967 ὁ
1777 918 1912 979 Θεὸς,

96 999 181 1030 Gen·
322 1000 444 1049 οὕτω
479 999 533 1048 δέ
560 1021 653 1049 που
689 998 952 1065 γέγραπται
990 1001 1093 1065 περὶ
1127 1000 1270 1050 αὐτοῦ
1295 998 1456 1050 “⁰'On
1494 999 1674 1065 πατέρα
1712 1003 1913 1050 πολλῶν
1937 1023 1985 1048 ιο

96 1043 174 1073 xvii.
192 1051 221 1081 5.
335 1083 344 1097 ,
418 1085 437 1094 Α
537 1081 549 1097 Ι
662 1080 674 1094 r
778 1081 802 1097 ”

322 1086 468 1132 εθνων
494 1084 674 1132 τεθεικα
700 1103 773 1131 σε.

258 1313 303 1351 19
329 1299 403 1341 Καὶ
446 1301 552 1340 αὕτΗ
595 1299 708 1341 ἐστὶν
754 1300 776 1340 ἡ
822 1297 1034 1355 μαρτυρία
1077 1301 1150 1340 τοῦ
1189 1298 1408 1350 Ἰωάννου,
1452 1299 1524 1341 ὅτε
1573 1298 1832 1341 ἀπέστειλαν
1875 1296 1914 1339 οἷ

284 1403 305 1429 0
386 1380 589 1424 Ἰουδαῖοι
623 1383 668 1427 ἐξ
697 1383 1016 1439 Ἵεροσολύμων
1051 1379 1177 1439 ἱερεῖς
1214 1383 1283 1423 καὶ
1319 1382 1493 1423 Λευίτας
1529 1382 1598 1423 ἵνα
1635 1381 1912 1438 ἐρωτήσωσιν

255 1481 304 1507 20
394 1466 523 1508 αὐτόν
568 1465 627 1506 Σὺ
677 1465 738 1508 τίς
788 1461 852 1518 εἶ,
908 1465 976 1506 καὶ
1019 1465 1275 1514 ὡμολὸΓΗσε
1318 1465 1386 1506 καὶ
1430 1465 1505 1507 οὐκ
1555 1465 1786 1522 ἠρνήσατο·
1849 1464 1914 1506 καὶ

391 1550 671 1599 ὡμολόΓΗσεν
710 1552 773 1593 ὅτι
811 1549 897 1597 esd>
934 1549 1010 1590 οὐκ
1049 1547 1128 1598 εἰμὶ
1167 1549 1190 1591 ὃ
1228 1549 1417 1606 Χριστός.

400 1675 650 1739 Μέμνηται
674 1679 769 1725 τῶν
793 1675 959 1725 ἑαυτοῦ
986 1674 1149 1739 λόγων
1175 1675 1199 1724 ὁ
1228 1672 1606 1740 Εὐαγγελιστὴς,
1634 1674 1709 1723 καὶ
1734 1672 1916 1724 πλατύ-

322 1781 457 1825 τερον
489 1758 599 1822 ἡμῖν
631 1757 902 1826 ἐξηγεῖσθαι
937 1755 1207 1823 σπουδάζει,
1235 1760 1393 1809 καλῶς
1427 1778 1482 1821 γε
1516 1753 1711 1825 σφόδρα
1745 1758 1912 1817 ποιῶν,

325 1840 446 1907 ἅπερ
473 1840 560 1905 ἤδη
589 1839 783 1907 φθάσας
811 1841 872 1892 ὡς
899 1841 947 1889 ἐν
968 1839 1213 1907 κεφαλαίῳ
1239 1838 1622 1900 συνειλημμένως
1648 1836 1916 1901 καταμεμή-

102 1927 249 2007 ἓὲιὲΐὲ7
328 1941 478 1972 νυκεν·
522 1920 664 1973 εἰπὼν
690 1920 784 1987 γάρ
811 1928 838 1949 “
858 1920 1078 1986 Ἐγένετο
1113 1920 1359 1986 ἅνθρωπος
1393 1919 1752 1983 ἀπεσταλμένος
1785 1917 1917 1986 παρὰ

101 2025 185 2058 108
202 2023 252 2058 A.
287 2032 309 2057 a
328 2012 354 2034 “
381 2008 519 2066 Θεοῦ,
539 2003 686 2068 ὄνομα
714 2005 839 2072 αὐτῷ
863 2002 1097 2065 Ἰωάννης·
1139 2002 1273 2057 οὗτος
1297 2001 1444 2066 ἦλθεν
1463 2005 1524 2055 εἷς
1550 2002 1822 2068 μαρτυρίαν,
1842 2001 1918 2052 ἵνα

328 2093 355 2115 “
382 2085 666 2154 μαρτυρήσῃ
698 2087 803 2152 περὶ
838 2091 920 2136 τοῦ
957 2083 1154 2153 φωτὸς,”
1184 2085 1448 2149 ἀναγκαίως
1481 2083 1689 2152 εἰσφέρει
1728 2085 1802 2134 καὶ
1836 2086 1918 2147 τῆς

325 2169 434 2234 παρ’
463 2169 605 2219 αὐτοῦ
632 2167 883 2234 γενομένης
911 2167 1168 2233 μαρτυρίας
1195 2166 1277 2217 τὸν
1301 2165 1492 2232 τρόπον·
1534 2166 1597 2217 ’ὅτε
1625 2164 1730 2232 γὰρ,
1752 2167 1918 2234 φησὶν,

328 2257 360 2301 οἱ
388 2254 481 2300 τῶν
498 2251 767 2301 Ἰουδαικῶν
788 2249 1044 2315 ταγμάτων
1065 2246 1183 2299 κατὰ
1211 2247 1355 2310 νόμον
1375 2249 1636 2312 καθηγηταῖ
1663 2249 1770 2315 πρὶς
1796 2248 1920 2299 αὐτὶν

326 2331 693 2383 ἁπεστάλκασιν
721 2335 836 2400 ἱερεῖς
868 2336 945 2382 καὶ
976 2334 1178 2393 Λευίτας,
1200 2330 1525 2381 ἀναπυθέσθαι
1548 2329 1919 2398 προστάξαντες,

325 2415 374 2464 τί
395 2412 454 2464 ἂν
481 2413 613 2479 λέγοι
639 2416 743 2480 περὶ
771 2415 949 2476 ἑαυτοῦ,
967 2411 1072 2464 τότε
1100 2412 1156 2476 δὴ
1184 2413 1258 2463 καὶ
1282 2411 1416 2474 μάλα
1442 2416 1615 2478 σαφῶς
1643 2413 1919 2478 ὡμολόγησε,

325 2500 492 2547 πᾶσαν
518 2496 800 2548 ἀποπτύσας
836 2494 949 2546 αἱδὼ
981 2493 1058 2545 διὰ
1096 2493 1182 2558 τὴν
1208 2492 1448 2558 ἀλήθειαν·
1494 2493 1585 2560 ε”φη
1618 2493 1712 2558 γὰρ
1743 2496 1803 2544 ’ότι
1832 2494 1920 2560 ἐγὼ

376 2652 409 2682 4.
435 2641 495 2673 τοῦ
511 2638 668 2683 Ἀβραὰμ
685 2637 841 2672 τίθεσθαι
860 2637 902 2671 Β.
963 2635 1183 2682 συναγορεύει
1203 2636 1245 2670 Β.
1344 2648 1376 2681 9.
1401 2636 1467 2681 γὰρ
1488 2635 1528 2669 Β.
1548 2636 1584 2670 δέ
1604 2635 1671 2670 Ed.
1731 2636 1864 2671 τέθεικά
1881 2651 1923 2671 σε

327 2687 412 2730 πρὸς
432 2685 473 2720 Β.
491 2685 638 2720 τέθεικεν
656 2685 723 2719 Ed.
811 2696 823 2718 1
835 2696 863 2719 Ι.
883 2683 1013 2717 τέθεικά
1032 2683 1090 2728 σε]
1110 2683 1258 2717 τέθεικεν
1274 2683 1375 2717 αὐτὸν
1393 2684 1411 2716 ὁ
1430 2684 1515 2718 Θεός
1535 2682 1577 2717 Β.
1664 2694 1787 2726 12-14.
1805 2683 1924 2717 Verba

332 2732 397 2766 SS.
418 2732 619 2777 Scripturae
637 2743 709 2766 non
733 2731 835 2776 plene
855 2730 1021 2764 exhibent
1040 2729 1154 2764 Codd.
1174 2730 1232 2775 qui
1256 2741 1318 2774 pro
1343 2729 1399 2764 ὅτε
1422 2728 1846 2775 ἀπέστειλαν-ἠρνήσατο
1870 2730 1923 2764 καὶ

331 2779 490 2813 scribunt
508 2779 569 2815 ἕως
586 2781 645 2813 τοῦ
664 2779 719 2822 (=
743 2789 856 2824 usque
874 2777 946 2821 ad),
964 2777 1103 2812 initium
1122 2776 1298 2821 finemque
1316 2776 1504 2810 verborum
1523 2777 1785 2821 propositorum
1806 2777 1921 2811 solum

330 2826 547 2860 exhibentes.
688 2835 741 2867 15.
769 2825 986 2869 ὡμολόγηκεν
1005 2823 1049 2857 D.
1069 2824 1283 2868 ὡμολόγηται
1304 2823 1344 2857 Ε.
1409 2823 1475 2868 ἐγὼ
1493 2823 1553 2857 οὐκ
1570 2823 1637 2867 εἰμὶ
1653 2822 1720 2857 hoc
1738 2822 1859 2857 ordine
1878 2823 1921 2858 B.

331 2872 390 2905 οὐκ
409 2873 474 2915 εἷμὶ
493 2873 559 2918 ἐγὼ
579 2872 672 2906 D.E.
692 2871 759 2905 Ed.
841 2872 894 2905 18.
921 2870 1194 2928 συνειλημμένως
1212 2869 1304 2904 Β.Ε.
1325 2870 1587 2914 συνειλημμένος
1605 2869 1672 2904 Ed.
1751 2880 1806 2904 20.
1832 2870 1921 2916 αὐτῷ

331 2930 400 2952 om.
421 2919 463 2952 B.
601 2929 656 2953 22.
682 2918 861 2964 γενομένης
879 2932 948 2962 παρ
975 2917 1077 2951 αὐτοῦ
1094 2929 1234 2951 lnverSO
1252 2916 1373 2950 ordine
1394 2916 1434 2950 B.
1569 2927 1624 2961 23.
1651 2918 1733 2950 κατὰ
1750 2918 1860 2961 νόμων
1877 2916 1919 2950 Ε.

331 2974 387 3010 25.
415 2966 619 3010 ὡμολόγησε
640 2964 680 2999 Β,
702 2965 836 3009 Migne.
857 2965 1053 3009 ὡμολόγηκε
1072 2963 1138 2998 Ed.
1285 2963 1342 2996 26.
1369 2962 1568 2999 ὑποπτύσας
1586 2963 1720 3008 Migne.

1940 1562 1986 1599 15

1938 2024 1987 2048 20
