2084 3317
921 800 1237 848 ΚΕΦΑΛΗ
1293 801 1355 849 Θ.

393 992 487 1036 ’Ότι
517 994 562 1035 οὐ
592 993 834 1048 προῦπάρχει
864 998 932 1036 τοῦ
963 995 1142 1046 σώματος
1171 995 1194 1046 ἡ
1225 998 1294 1036 τοῦ
1322 995 1526 1048 ἀνθρώπου
1556 995 1682 1050 ψυχὴ,
1709 995 1798 1036 οὐδὲ
1830 996 1871 1036 ἐκ

545 1079 825 1132 πρεσβυτέρων
856 1079 1140 1132 ἁμαρτημάτων
1169 1081 1192 1131 ἡ
1225 1080 1454 1132 σωμάτωσις
1484 1082 1580 1121 κατά
1609 1097 1726 1124 τινας.

428 1230 484 1272 “O
523 1230 694 1289 φωτίζει
732 1232 871 1274 Πάντα
908 1231 1139 1289 ἄνθρωπον
1176 1231 1407 1288 ἐρχόμενον
1445 1229 1506 1273 εἰς
1542 1231 1616 1274 τὸν
1656 1232 1828 1280 κόσμον.

413 1386 760 1440 ἈΣΦΑΛΗΣ
787 1389 812 1440 ὁ
839 1387 1078 1455 θεολόγος·
1115 1389 1169 1440 οὐ
1194 1387 1288 1455 γὰρ
1313 1387 1459 1452 μόνον
1478 1388 1619 1439 οἴεται
1647 1390 1755 1450 δεῖν,
1773 1387 1844 1439 ὅτι
1870 1386 1926 1452 δὴ
1946 1402 1970 1442 5

119 1486 173 1521 73
190 1485 242 1521 Α.
299 1494 321 1519 a
341 1468 439 1538 φῶς
473 1470 675 1538 ὑπάρχοι
709 1470 756 1522 τὶ
792 1470 984 1531 ἀληθινὶν
1011 1472 1036 1521 ὁ
1071 1469 1362 1536 Μονογενὴς,
1389 1469 1597 1538 ἐξειπεῖν,
1624 1470 1737 1520 ἀλλ’
1765 1469 1928 1536 ἐπάγει

119 1962 209 1993 Acta
223 1964 279 1994 SS.

118 2007 185 2046 Ap.
200 2017 231 2037 x.
247 2015 278 2044 3.

117 2123 199 2154 Jud.
210 2123 277 2155 xiii.
295 2128 322 2170 b
341 2123 389 2174 δὲ

123 2175 136 2197 1
146 2176 158 2197 1
178 2177 249 2208 sqq.

118 2298 216 2331 Zach.
235 2299 258 2331 i.

119 2351 148 2384 9.

338 1556 435 1605 τοῖς
486 1552 740 1618 εἰρημένοις
783 1555 1077 1620 παραχρῆμα
1120 1551 1206 1617 τὴν
1251 1551 1512 1621 ἀπόδειξιν,
1557 1554 1808 1620 μονονουχὶ
1852 1554 1929 1603 καὶ

339 1632 555 1702 συντόνῳ
596 1634 706 1685 λίαν
744 1632 1072 1701 ἀνακεκραγὼς
1109 1638 1168 1702 τῇ
1215 1638 1351 1704 φωνῇ
1391 1637 1501 1687 Φῶς
1547 1631 1665 1684 εἶναι’
1707 1637 1830 1703 φημι
1873 1632 1928 1685 τὸ

340 1714 568 1779 ἀληθινὸν
602 1719 621 1767 ῧ
659 1717 839 1787 φωτίζει
876 1717 1030 1767 πάντα,
1066 1714 1278 1785 ἄνθρωπον
1308 1717 1530 1784 ἐρχόμενον
1556 1721 1616 1771 εἰς
1649 1716 1716 1768 τὶν
1745 1717 1922 1785 κόσμον.

339 1794 412 1863 ἆρ’
448 1797 543 1859 οὖν,
578 1796 697 1849 ε’ίποι
734 1820 803 1851 τις
841 1795 900 1848 ἂν
930 1797 1023 1867 ὅτῳ
1064 1797 1120 1862 δὴ
1160 1798 1306 1867 φίλον
1336 1799 1419 1850 οὐκ
1457 1798 1797 1859 ἀβασανίστως
1833 1802 1929 1849 τῶν
1950 1817 1998 1843 10

340 1877 476 1929 θείων
513 1880 838 1946 ἐπακροᾶσθαι
876 1880 1139 1946 δογμάτων,
1180 1881 1235 1931 οὐ
1273 1878 1559 1949 φωτίζουσιν
1596 1879 1796 1946 ἄγγελοι
1833 1884 1929 1931 τῶν

341 1960 603 2026 ἀνθρώπων
628 1961 711 2013 τὸν
737 1967 875 2023 νοῦν;
921 1961 1185 2028 Κορνήλιος
1212 1961 1274 2025 δὲ,
1300 1961 1404 2013 εἶπέ
1421 1985 1513 2026 μοι,
1541 1960 1617 2012 διὰ
1640 1962 1765 2016 τίνος
1790 1962 1929 2025 ἐμάν-

339 2045 490 2106 θανεν,
508 2042 578 2093 ὅτι
603 2042 695 2111 χρὴ
719 2044 1048 2104 βαπτισθέντα
1074 2043 1391 2110 διασώζεσθαι
1416 2042 1546 2111 παρὰ
1564 2047 1713 2105 Θεοῦ;
1745 2042 1926 2096 Μανωὲ

414 2129 497 2175 τοῦ
524 2124 744 2193 Σαμψὼν
771 2127 795 2176 ὁ
819 2125 991 2193 πατὴρ,
1019 2127 1072 2177 οὐ
1098 2125 1174 2177 διὰ
1201 2129 1362 2195 φωνῆς
1388 2126 1600 2192 ἀγγέλου
1634 2125 1694 2176 τὰ
1725 2125 1928 2190 ἐσόμενα

339 2206 697 2272 προεπαιδεύετο
715 2228 728 2269 3
775 2209 1016 2276 Ζαχαρίας
1053 2208 1100 2259 δὲ
1138 2208 1307 2272 ὁμοίως
1339 2208 1450 2272 ἡμῖν
1477 2209 1502 2259 ὁ
1536 2206 1786 2276 προφήτης
1824 2209 1927 2276 οὐχὶ
1949 2223 1995 2262 15

340 2292 514 2356 σαφῶς
552 2289 902 2356 ἀναφθέγγεται
940 2297 966 2320 “
997 2294 1090 2341 Καὶ
1131 2289 1256 2341 εἶπεν
1294 2292 1319 2341 ὁ
1358 2290 1565 2356 ἄγγελος
1605 2291 1630 2340 ὁ
1675 2294 1841 2341 λαλῶν
1879 2292 1928 2341 ἐν

342 2376 368 2399 “
395 2370 501 2433 ἐμοί
526 2368 656 2435 Ἐγὼ
691 2370 828 2439 δείξω
864 2393 944 2424 σοι
978 2372 1026 2422 τί
1056 2373 1160 2423 ἐστι
1194 2373 1386 2423 ταῦτα·”
1439 2373 1515 2423 καὶ
1549 2370 1697 2423 πάλιν
1723 2370 1801 2422 διὰ
1832 2376 1928 2423 τῶν

339 2452 494 2502 αὐτῶν
532 2452 642 2516 ἡμῖν
679 2453 927 2519 ἐρχόμενος
971 2452 1151 2518 λόγων,
1193 2454 1275 2504 οὐκ
1319 2452 1587 2504 ἐπιδεικνύει
1630 2457 1816 2522 σαφῶς,
1855 2453 1927 2505 ὅτι

339 2537 434 2584 τῶν
473 2533 800 2600 κεκρυμμένων
843 2533 929 2598 τὴν
973 2539 1154 2600 γνῶσιν
1198 2535 1519 2604 ἐξεκάλυπτον
1564 2535 1762 2601 ἄγγελοι
1806 2534 1928 2586 κατὰ

390 2711 421 2734 2.
446 2703 506 2735 τοῦ
523 2700 701 2747 ἀνθρώπου
719 2708 939 2747 assumptum
959 2714 1000 2737 ex
1018 2702 1063 2738 E.
1081 2702 1177 2737 deest
1194 2703 1230 2737 in
1248 2703 1297 2738 D.
1502 2716 1536 2746 4.
1564 2703 1606 2738 In
1624 2704 1779 2749 capitum
1795 2704 1925 2746 tabula,

341 2754 539 2792 sequuntur
556 2749 662 2783 verba
679 2749 714 2783 ἐν
731 2752 777 2795 τῷ
796 2751 913 2796 κόσμῳ
930 2748 981 2793 ἧν,
999 2750 1044 2783 cf.
1063 2750 1153 2783 infra
1171 2759 1214 2794 75
1228 2762 1258 2784 e.
1444 2759 1478 2796 5.
1503 2749 1688 2796 Ἀσφαλὴς
1704 2753 1722 2785 ὁ
1740 2753 1925 2797 Θεολόγος·

339 2793 379 2826 οὐ
396 2794 461 2838 γὰρ
481 2794 522 2828 Β.
539 2794 729 2841 Ἀσφαλῶς
746 2798 764 2829 ὁ
783 2798 956 2842 θεολόγος
973 2796 1012 2830 οὗ
1030 2796 1097 2830 Ed.
1168 2797 1207 2840 δὴ
1225 2808 1294 2831 om.
1316 2796 1359 2831 B.
1643 2798 1676 2832 6.
1702 2798 1863 2844 ὑπάρχων
1881 2798 1924 2832 Β.

344 2850 396 2881 14.
424 2841 576 2884 Σαμψὼν
594 2842 635 2876 Β.
654 2843 782 2877 Γεδεὼν
800 2842 866 2877 Ed.
1020 2852 1073 2888 15.
1100 2842 1177 2886 ἡμῖν
1193 2843 1315 2885 ὁμοίως
1331 2844 1470 2877 inverso
1487 2844 1609 2879 ordine
1628 2844 1671 2878 Β.
1826 2844 1879 2879 16.
1905 2845 1924 2878 ὁ

339 2887 457 2920 λαλῶν
473 2898 543 2921 om.
563 2888 604 2922 B.
832 2890 885 2923 18.
912 2889 989 2933 ἡμῖν
1005 2889 1187 2936 ἐρχόμενος
1204 2889 1281 2935 ἡμῖν
1298 2890 1378 2935 (sic)
1398 2890 1465 2926 Ed.
1483 2891 1602 2927 invitis
1618 2891 1729 2927 libris.
1796 2890 1924 2926 Statim

339 2933 452 2977 λόγων
470 2933 562 2969 D.E.
582 2934 647 2970 Ed.
668 2947 739 2981 mg.
757 2937 862 2981 λόγον
879 2936 946 2972 Ed.
