2084 3317
107 159 177 201 vii.
198 174 267 216 34.
369 161 443 202 IN
486 162 528 203 S.
562 162 897 205 JOANNEM.
960 163 1086 204 LIB.
1110 164 1162 205 V.
1225 165 1358 206 CAP.
1394 165 1428 205 I.
1610 165 1688 204 681

106 267 164 319 ἂν
203 267 291 320 εἷεν
330 269 395 320 ε”τι
434 270 552 336 πρὸς
593 270 647 322 τὸ
688 277 856 332 λαβεῖν
893 272 1170 337 ἐπιτήδειοις
1225 276 1300 324 καὶ
1342 277 1384 324 οἱ
1428 273 1482 324 τὸ
1530 279 1692 339 καιροῦ

106 353 375 418 διαμαρτεῖν
406 353 454 403 ἐν
486 356 550 422 τῷ
589 354 788 418 μηδενὸς
827 354 1138 419 ποιησάμενοι
1177 355 1324 425 λόγῳ,
1349 359 1450 409 πῶς
1489 353 1546 405 ἂν
1570 355 1690 422 ε”χειν

106 433 319 484 δύναιντο
345 434 404 485 τὰ
429 436 478 485 ἐκ
505 440 600 486 τῶν
626 441 799 503 καιρῶν
824 437 1011 503 ἀγαθάς
1049 436 1351 502 ἐνεστηκότος
1375 436 1461 501 μὲν
1487 435 1581 503 γὰρ
1606 443 1689 487 τοῦ
1708 448 1736 489 d

105 520 266 581 καιροῦ
289 519 364 566 καὶ
391 517 624 583 παρόντος
650 517 728 580 ἔτι,
755 517 814 568 τὰ
840 520 888 569 ἐν
914 519 1039 588 αὐτῷ
1074 521 1150 569 καὶ
1184 519 1241 587 ἐξ
1272 520 1415 570 αὐτοῦ
1451 518 1686 584 ζητητέον·

63 610 85 648 5
105 596 403 665 ἐξοιχομένου
441 598 491 649 δὲ
529 599 619 664 ἤδη
655 602 730 651 καὶ
763 599 1158 666 παρελαύνοντος,
1184 601 1379 667 περιττὴ
1413 600 1584 652 λοιπὸν
1614 602 1689 651 καὶ

104 680 366 744 εἷκαιοτάτη
404 685 499 731 τῶν
536 683 584 732 ἐν
622 683 747 752 αὐτῷ
784 683 1034 749 χρησίμων
1068 683 1095 747 ἡ
1137 681 1346 748 ζήτησις.
1399 686 1475 734 καὶ
1512 688 1628 749 γοῦν
1663 684 1688 733 ὁ

103 758 330 826 μακάριος
372 766 568 818 Παῦλος
604 770 630 793 “
656 763 779 815 Ἰδοὺ
819 770 901 815 νῦν
936 763 1093 831 καιρὸς
1133 764 1489 831 εὐπρόσδεκτος,
1512 767 1686 864 φησιν,
1754 771 1854 845 {COR
1868 772 1912 803 vi.

104 848 132 870 ‘⁶
159 842 258 893 ἰδοῦ
285 849 367 894 νῦν
395 845 541 911 ἡμερα
566 846 846 912 σωτηρίας,”
866 845 997 897 ἀλλά
1024 847 1104 897 καί
1126 854 1152 875 “
1171 845 1299 901 Έως
1322 847 1484 914 καιρὸν
1504 846 1686 914 ἔχομεν,
1751 858 1824 932 (1331
1838 857 1880 889 vi.

103 930 132 952 “
158 925 459 992 ἐργαζώμεθα
484 926 537 978 τὸ
565 926 747 993 ἀγαθὸν
767 951 885 993 προς
911 927 1118 982 πάντας.
1122 928 1264 994 ’ἤδη
1291 929 1384 995 γὰρ
1410 930 1499 994 ἠδη
1524 952 1690 995 πρεπει
1798 926 1804 932 ’

36 1025 84 1051 10
101 1010 197 1058 τοῖς
240 1006 326 1071 τὴν
370 1008 469 1077 ἕξιν
513 1011 708 1075 ἀγαθοῖς
752 1009 806 1060 τὸ
850 1009 915 1074 μὴ
965 1013 1073 1073 δεῖν,
1114 1016 1428 1077 παρηβῶντος
1473 1012 1562 1075 ἤδη
1606 1017 1690 1062 τοῦ

101 1095 278 1154 καιροῦ,
305 1089 364 1140 τὰ
390 1091 446 1160 ἐξ
468 1091 611 1142 αὐτοῦ
638 1092 789 1158 ζητεῖν
814 1091 987 1157 ἀγαθὰ,
1015 1093 1278 1159 ἀρχομένου
1306 1092 1354 1144 δὲ
1378 1097 1586 1157 μᾶλλον,
1615 1096 1689 1144 καὶ
1708 1119 1729 1145 e

100 1170 418 1236 ἀκμαιοτάτην
444 1173 608 1240 ὥσπερ
640 1173 726 1238 τὴν
751 1174 1020 1239 παρουσίαν
1046 1175 1430 1229 ἐπιδεικνύοντος.

177 1255 271 1303 Καὶ
297 1254 464 1305 πολλὰ
489 1253 575 1319 μὲν
600 1254 657 1320 ἧν
684 1258 757 1307 ἐπὶ
781 1255 962 1310 τούτοις
989 1256 1054 1306 ε”τι
1084 1259 1190 1322 περὶ
1217 1262 1379 1322 καιροῦ
1414 1257 1569 1323 λέγειν
1597 1255 1690 1309 ἀπό

99 1336 182 1398 τῆς
209 1337 334 1389 θείας
360 1340 565 1405 γραφῆς,
581 1340 743 1404 παρεὶς
768 1336 817 1388 δὲ
844 1343 939 1391 τοῖς
967 1338 1248 1406 φιλοπόνοις
1274 1338 1328 1389 τὸ
1355 1341 1503 1390 ἐκεῖνα
1528 1339 1689 1406 ζητεῖν,

34 1429 81 1469 15
100 1417 188 1482 ἐρῶ
224 1440 269 1468 τι
302 1418 473 1486 βραχὺ,
502 1418 657 1470 κοινὸν
682 1417 769 1483 μὲν
795 1421 870 1470 καὶ
904 1421 953 1470 ἐν
978 1419 1149 1487 χρήσει
1185 1424 1243 1487 τῇ
1276 1422 1386 1488 παρ’
1414 1421 1538 1485 ἡμῖν,
1564 1422 1690 1484 ὅμως

99 1498 143 1549 δ’
172 1499 254 1549 οῦν
292 1501 346 1550 οὐ
383 1502 576 1566 μετρίαν
615 1501 723 1569 ἕχον
762 1501 848 1566 τὴν
887 1500 1067 1566 ὄνησιν.
1129 1504 1254 1570 φασὶ
1293 1508 1544 1569 τοιγαροῦν
1581 1502 1690 1557 τοὺς

97 1578 182 1634 τὰς
217 1582 265 1632 ἐν
291 1587 386 1635 τοῖς
421 1583 613 1652 πίναξιν
648 1585 1003 1638 ἀνατυποῦντας
1039 1583 1246 1653 γραφὰς,
1273 1583 1350 1636 ὅτε
1384 1583 1544 1652 καιρὸν
1569 1585 1688 1651 πρὸς

98 1660 217 1717 εἶδος
260 1663 435 1730 ἄγουσι
479 1664 532 1716 τὸ
578 1665 889 1732 ἀνθρώπινον,
935 1666 989 1716 τὸ
1035 1666 1120 1730 μὲν
1165 1666 1292 1717 ἄλλο
1335 1672 1419 1717 τοῦ
1464 1667 1687 1731 σώματος

98 1747 265 1811 σχῆμα
301 1746 422 1797 κατὰ
458 1746 511 1798 τὸ
547 1750 715 1798 δοκοῦν
746 1748 902 1801 αὐτοῖς
937 1748 1367 1811 ἀποσημαίνεσθαι,
1395 1749 1612 1816 κεφαλὴν
1638 1750 1686 1799 δὲ

30 1845 80 1871 20
97 1824 248 1891 μόνην
274 1829 524 1879 ἐπιτιθέναι
560 1829 791 1893 τοιαύτην·
832 1829 927 1880 ἀπὸ
957 1829 1043 1893 μὲν
1068 1829 1162 1895 γὰρ
1196 1834 1291 1881 τῶν
1317 1830 1516 1881 κατόπιν
1542 1830 1686 1895 αὐτὴν
1705 1860 1726 1883 a
1756 1851 1842 1885 465
1857 1850 1909 1884 A.

97 1909 334 1978 ἀπότριχά
378 1934 428 1961 τε
472 1914 548 1962 καὶ
594 1911 841 1976 λειοτάτην
882 1913 1223 1965 ἐπιδεικνύουσι
1269 1920 1506 1980 λαμπροῖς
1550 1916 1680 1966 ἀλεί-

97 1994 268 2059 φοντες
293 1992 558 2059 χρώμασιν·
600 1993 694 2046 ἀπὸ
722 1993 769 2045 δὲ
795 1994 946 2059 με’σου
974 1994 1177 2061 κρανίου,
1204 1995 1390 2062 μακρὰν
1415 2001 1510 2050 τοῖς
1537 1997 1685 2059 μετώ-

94 2095 200 2126 ποις
234 2076 474 2141 ἐπαρτῶσι
509 2077 594 2140 τὴν
629 2077 780 2143 τρίχα,
808 2079 883 2127 καὶ
919 2077 1174 2144 κεχυμένην
1206 2081 1268 2131 εἷς
1307 2077 1361 2128 τὸ
1399 2078 1570 2144 πρόσω
1610 2080 1686 2129 καὶ

96 2157 420 2223 διαῤῥεόυσαν,
449 2159 504 2207 δι’
534 2159 676 2209 αὐτοῦ
708 2157 765 2222 δὴ
801 2159 969 2210 τούτου
1005 2161 1258 2223 δηλοῦντες
1293 2165 1376 2210 τοῦ
1411 2159 1679 2227 σχήματος,

28 2255 77 2294 25
97 2236 168 2287 ὅτι
193 2244 356 2304 καιροῦ
382 2239 466 2301 μέν
493 2262 616 2292 τινος
653 2239 958 2304 ἐνεστηκότος
993 2264 1042 2291 τε
1079 2242 1154 2291 καὶ
1191 2240 1289 2291 οἷον
1315 2241 1683 2307 ἀντιπροσώπου

97 2318 471 2387 ὑπαντιάζοντος,
516 2322 682 2390 ῥᾳδίαν
726 2321 1041 2391 ἐπιδράξαιτο,
1085 2322 1424 2421 παρωχηκότος
1475 2323 1524 2373 δε
1574 2324 1679 2420 ἠδη,

94 2406 196 2454 πῶς
231 2400 288 2451 ἀν
320 2403 385 2453 ε”τι
425 2404 500 2453 καὶ
540 2402 770 2464 λάβοιτος
812 2403 960 2458 δασὺς
995 2427 1081 2466 μεν
1112 2403 1205 2470 γάρ
1241 2402 1405 2471 ὥσπερ
1439 2428 1513 2455 και
1548 2405 1682 2456 εὐκοί-

94 2506 234 2550 τοχος
279 2484 345 2535 ε”τι
390 2484 570 2550 παρὼν,
617 2485 940 2551 παραδραμὼν
986 2485 1047 2548 δὲ,
1094 2486 1258 2537 οὐκέτι.
1332 2493 1471 2538 τοῦτο
1514 2486 1607 2554 γὰρ
1652 2489 1726 2551 ἡῑ)

94 2565 292 2616 κατόπιν
336 2565 520 2629 λειότης
571 2568 813 2631 ὑποδηλοῖ,
859 2569 1111 2635 μονονουχὶ
1159 2567 1244 2631 τὴν
1289 2574 1371 2619 τοῦ
1423 2571 1681 2635 κατείργειν

142 2699 174 2722 2.
192 2689 334 2732 μηδενὸς
345 2690 568 2733 ποιησάμενοι
583 2689 701 2735 [μηδὲν
720 2693 874 2735 ὁςποιησ.
886 2691 964 2735 (Sic)
976 2690 1064 2725 Cod.
1068 2689 1083 2736 ]
1101 2691 1141 2725 B.
1153 2691 1256 2735 μηδὲν
1269 2691 1547 2735 εἷσποιησάμενοι
1562 2691 1679 2727 Holst.

93 2736 210 2779 μηδενὶ
226 2736 449 2779 ποιησάμενοι
467 2748 484 2769 e
505 2736 580 2770 Cat.
601 2743 640 2771 ut
657 2737 727 2771 Vld.
747 2738 842 2772 Aub.
1019 2750 1052 2779 4.
1079 2739 1128 2771 ἕτι
1146 2750 1176 2772 a.
1195 2753 1249 2771 επι
1269 2738 1335 2772 Ed.
1418 2738 1456 2780 ἐξ
1473 2739 1576 2793 αὐτρῦ
1594 2745 1627 2772 et
1645 2739 1681 2772 ἐν

93 2782 183 2828 αὐτῷ
202 2782 291 2815 inter
309 2794 345 2815 se
362 2784 559 2827 transponit
576 2795 605 2816 a.
819 2797 853 2829 9.
878 2784 1087 2830 ἐργαζόμεθα
1105 2796 1136 2817 a.
1217 2785 1287 2828 ἤδει
1304 2785 1370 2829 ’γὰρ
1389 2785 1458 2828 ἤδει
1476 2799 1615 2829 πρεπειν
1635 2785 1678 2819 Β.

98 2839 152 2872 13.
177 2829 239 2871 μὲν
256 2826 295 2870 ἧν
312 2829 473 2862 emendat
496 2830 623 2874 Heyse.
641 2845 752 2874 μενειν
771 2831 812 2866 Β.
830 2831 892 2876 μέν
909 2831 996 2865 εἶσιν
1018 2830 1079 2864 Ht.
1098 2830 1158 2874 μέν
1176 2845 1271 2864 εστιν
1289 2831 1356 2864 Ed.
1525 2841 1577 2873 15.
1605 2831 1676 2877 καὶ]

94 2875 148 2908 καὶ
167 2875 227 2907 οὐκ
246 2874 288 2908 Β.
310 2875 372 2908 Ht.
391 2876 589 2910 emendavit
606 2877 700 2910 Aub.
905 2889 958 2922 19.
983 2877 1095 2912 αὐτοῖς
1112 2877 1405 2920 ἀποσημαίνεσθαι
1424 2877 1490 2911 hoc
1508 2877 1630 2912 ordine
1647 2890 1678 2913 a.

96 2931 152 2954 20.
180 2920 362 2955 επιτιθέναι
382 2921 423 2955 Β.
428 2934 458 2956 a.
480 2922 542 2956 Ht.
561 2922 759 2957 ἐπιτιδευειν
776 2924 872 2958 Aub.
1056 2935 1110 2957 21.
1138 2924 1190 2957 καὶ
1210 2924 1285 2958 B.a.
1306 2923 1405 2957 Ht.
1389 2939 1408 2966 η
1427 2924 1522 2959 Aub.
1594 2925 1679 2959 ἀπο-

95 2967 306 3002 δεικνύουσιν
322 2980 352 3002 a.
497 2980 551 3004 22.
576 2968 702 3016 μεσου]
722 2972 826 3014 μόνου
844 2982 874 3004 a.
1019 2980 1073 3013 25.
1099 2970 1366 3015 ἅντιπροσώπως
1382 2982 1412 3006 a.

152 3033 245 3062 VOL.
268 3035 296 3063 I.
861 3039 889 3078 4
910 3038 928 3065 s
