2084 3317
126 164 196 205 vii.
219 174 255 217 7.
371 165 444 206 IN
488 165 530 205 S.
564 164 901 205 JOANNEM,
964 163 1088 203 LIB.
1122 163 1200 204 IV.
1263 163 1398 203 CAP.
1421 163 1474 202 V.
1636 162 1716 200 585

124 271 207 323 τὸν
251 273 417 323 ἑαυτοῦ
461 277 586 341 φησι
630 277 842 338 παρεῖναι
890 271 1048 339 καιρὶν,
1093 275 1309 337 παρεῖναι
1361 268 1409 319 δὲ
1454 269 1583 333 λέγει
1635 266 1717 318 τὸν

122 354 319 417 ἐκείνων,
353 355 429 404 καὶ
467 356 514 405 ἐν
553 355 713 424 ἑτοίμῳ
752 353 801 405 δὲ
841 356 1025 404 κεῖσθαι
1065 351 1140 403 διὰ
1178 349 1371 404 παντός·
1414 350 1583 419 ἐξεῖναι
1622 348 1715 415 γὰρ

121 440 218 489 τοῖς
256 437 305 486 ἐν
343 434 510 505 κόσμῳ
556 436 712 504 φαμὲν
750 434 804 487 τὸ
845 438 1010 486 δοκοῦν
1048 435 1275 486 ἐπιτελεῖν
1312 430 1715 498 παραποδίζοντος

121 517 379 582 ἀναγκαίου
411 517 621 582 μηδενὸς,
648 517 676 582 ἢ
713 519 789 568 καὶ
826 519 887 570 εἰς
921 516 1216 583 πρόσκαιρον
1243 519 1501 567 καλοῦντος
1537 516 1715 562 οἰκονο-

80 616 102 654 5
121 599 233 661 μίαν
257 597 376 665 πρὸς
402 599 455 650 τὸ
490 600 663 667 χρῆναί
692 622 737 650 τι
771 602 885 665 δρᾶν
912 597 939 663 ἢ
975 597 1040 662 μὴ
1075 596 1526 661 συμβουλεύουσαν,
1553 591 1718 658 ὥσπερ
1736 614 1758 640 c

123 681 205 731 οῦν
230 679 288 744 ἧν
313 680 478 744 ἀμέλει
503 683 579 732 καὶ
605 682 681 732 ἐπὶ
706 684 939 747 Χριστοῦ·
982 680 1210 730 ἄλλωστε
1236 683 1331 729 τῶν
1358 675 1445 741 τὴν
1471 678 1520 727 ἐν
1547 675 1717 743 κόσμῳ

123 761 245 828 ζωὴν
277 762 527 826 ἑλομένων,
554 762 768 826 ἀνειμένη
807 784 875 815 τις
915 762 1047 812 ἐστὶν
1081 761 1109 825 ἡ
1149 761 1317 823 δίαιτα,
1348 760 1425 810 καὶ
1463 757 1717 826 φροντίδος

124 847 208 908 τῆς
233 844 577 910 ἐπιπονωτέρας
608 843 972 909 ἀπηλλαγμένη,
1000 843 1306 909 προκείμενον
1332 839 1499 907 ὥσπερ
1535 841 1604 890 ἀεὶ
1641 841 1717 889 καὶ

124 925 407 990 ἡπλωμένον
433 926 725 995 εἰσφέρουσα
750 925 834 976 τὸν
859 926 932 976 ἐπὶ
968 929 1064 978 τοῖς
1101 924 1313 988 ἡδίστοις
1348 923 1511 988 καιρὸν
1538 923 1615 971 καὶ
1642 922 1715 987 ἐφ’

55 1030 104 1055 10
123 1006 240 1073 ὅπερ
276 1005 334 1057 ἂν
367 1007 636 1069 βούλωνται
675 1006 894 1073 βαδίζειν,
930 1006 1124 1070 ἑτοίμως
1162 1010 1259 1059 τοῖς
1298 1006 1417 1072 αὐτῇ
1457 1002 1718 1071 χρωμένοις

123 1088 458 1154 ἐπιτρέπουσα.

198 1172 389 1222 Οὐκοῦν
413 1175 509 1222 τῶν
535 1170 619 1234 μὲν
646 1171 912 1236 ἀναγκαίως
949 1170 1231 1234 οἰκονομίαις
1265 1167 1562 1236 πραγμάτων
1595 1169 1712 1219 ὑπο-

124 1252 358 1316 κειμένων,
375 1252 533 1320 καιρὸς
559 1254 647 1321 οὐχ
672 1251 796 1307 ἅπας
822 1257 885 1306 εἰς
911 1252 965 1304 τὸ
993 1255 1109 1319 δρᾶν
1129 1249 1160 1303 ἃ
1183 1254 1428 1318 προσῆκεν
1447 1248 1717 1314 ἐπιτήδειος,

124 1335 236 1385 ἀλλ’
271 1336 296 1386 ὁ
334 1336 528 1403 πρέπων
568 1335 754 1405 ἑκάστῳ
793 1339 889 1386 τῶν
927 1333 1238 1398 τελουμένων,
1277 1336 1354 1384 καὶ
1393 1331 1560 1398 ὥσπερ
1599 1331 1657 1383 ἂν
1689 1333 1762 1397 ήᾶ

56 1432 102 1471 ¹5
126 1421 210 1467 τοῦ
247 1416 530 1484 πράγματος
568 1418 787 1481 ἀπαιτοίη
822 1417 987 1482 φύσις·
1034 1421 1101 1485 τῷ
1135 1415 1184 1467 δὲ
1221 1415 1473 1469 ἀπολύτως
1507 1415 1717 1485 ἑλομένῳ

122 1502 272 1561 βιοῦν,
299 1500 579 1550 ἐπικείσεται
605 1499 690 1563 μὲν
715 1505 926 1550 τοιοῦτον
952 1498 1098 1549 οὐδέν·
1145 1498 1421 1562 ἑτοιμοτάτη
1450 1497 1497 1549 δὲ
1524 1502 1718 1560 μᾶλλον

124 1583 200 1631 καὶ
253 1581 465 1646 ἀνειμένη
519 1585 780 1644 παντελῶς,
831 1581 858 1645 ἡ
918 1581 989 1649 ἐφ’
1043 1580 1158 1647 ὅπερ
1210 1580 1268 1631 ἂν
1318 1579 1550 1632 ἐθέλωσιν
1602 1580 1717 1631 ἰέναι

121 1663 343 1730 ποῖροδος.

125 1837 185 1879 Οὐ
213 1837 389 1879 δύναται
416 1839 438 1880 ὁ
467 1840 623 1887 κόσμος
650 1836 786 1887 μισεῖν
814 1838 936 1889 ὑμᾶς,
962 1838 1036 1886 ἐμὲ
1065 1838 1110 1879 δὲ
1141 1835 1266 1888 μισεῖ,
1292 1839 1357 1879 ὅτι
1389 1837 1475 1884 &sub
1507 1836 1712 1893 μαρτυρῶ
1736 1842 1752 1878 7

53 1938 103 1964 20
367 1922 464 1978 Περὶ
499 1922 627 1963 αὐτοῦ
662 1923 726 1963 ὅτι
759 1922 809 1962 τὰ
843 1922 945 1977 ἔρῃ-οι
980 1921 1109 1962 αὐτοῦ
1145 1922 1314 1978 ΠονΗρά
1346 1921 1474 1962 ἐστιν.

196 2043 470 2110 Χαριέντως
513 2042 708 2112 σφόδρα
747 2044 823 2093 καὶ
862 2049 944 2094 νῦν
982 2043 1007 2092 ὁ
1048 2040 1216 2107 Σωτὴρ
1255 2041 1607 2106 κοσμικώτερον
1647 2039 1753 2089 ἔτιο

124 2130 419 2194 φρονοῦντας
470 2127 548 2175 καὶ
593 2124 902 2189 διακειμένους
952 2125 1137 2192 ἐλέγχει
1181 2124 1289 2177 τοὺς
1334 2122 1589 2190 ἀδελφοὺς,
1637 2123 1713 2171 καὶ

123 2207 344 2273 δευτέραν
385 2206 548 2272 ὥσπερ
587 2208 853 2272 ἀπολογίαν
885 2206 1025 2274 τέχνῃ
1064 2204 1270 2272 κεράσας
1308 2204 1537 2272 εἰσφέρει,
1572 2204 1627 2254 δι’
1661 2204 1715 2268 ἧς

124 2289 212 2355 οὐχ
264 2289 390 2342 ὅπως
443 2289 526 2339 οὐκ
577 2288 839 2353 ἐγνωκότας
889 2286 1057 2341 αὐτοὺς
1107 2289 1177 2342 τίς
1222 2286 1342 2338 κατὰ
1389 2285 1539 2355 φύσιν
1583 2287 1714 2336 ἐστὶν

53 2385 102 2424 25
125 2370 471 2432 ἀποδείκνυσιν,
522 2372 632 2421 ἀλλ’
687 2371 753 2421 ε”τι
804 2376 1035 2422 τοσοῦτον
1086 2373 1170 2434 τῆς
1218 2373 1282 2423 εἰς
1331 2367 1473 2419 αὐτὸν
1524 2366 1714 2433 ἀγάπης

123 2450 481 2521 ἐξῳκισμένους,
521 2455 583 2507 ὡς
622 2451 816 2503 ἑλέσθαι
854 2451 1019 2519 διαζῆν
1058 2453 1142 2503 οὐκ
1180 2449 1457 2520 ἀπαδόντως
1496 2455 1593 2504 τοῖς
1630 2450 1714 2501 τὸν

123 2535 172 2584 ἐν
206 2534 374 2603 κόσμῳ
414 2534 706 2601 θαυμάζουσι
743 2535 863 2598 βίον,
892 2537 968 2586 καὶ
1003 2535 1108 2601 οὐχὶ
1142 2538 1334 2597 μᾶλλον
1364 2531 1447 2583 τὸν
1477 2534 1525 2583 ἐν
1550 2533 1708 2598 ἀρετῇ.

122 2614 181 2680 ἦν
218 2615 312 2682 γὰρ
351 2615 408 2680 δὴ
449 2620 524 2667 καὶ
564 2616 709 2671 ὅντως
747 2617 1053 2668 ἀτοπώτατον
1092 2621 1187 2669 τοῖς
1225 2615 1310 2680 μὲν
1349 2615 1516 2668 ἄλλοις
1558 2611 1711 2664 ἅπασι

175 2784 206 2807 1.
232 2772 322 2817 φησὶ
340 2783 410 2806 om.
431 2772 473 2806 B.
541 2771 667 2806 Statim
684 2774 837 2817 παρεῖναι
855 2774 970 2817 καιρὸν
987 2778 1209 2818 assumptum
1229 2784 1271 2806 ex
1292 2772 1333 2806 B.
1462 2782 1493 2804 2.
1520 2770 1654 2805 κεῖσθαι
1672 2770 1708 2804 δέ

124 2820 264 2854 inverso
282 2819 406 2853 ordine
426 2819 468 2853 Β.
676 2831 730 2854 10.
757 2819 857 2864 αὐτῇ]
877 2821 990 2855 αὐτοῖς
1010 2820 1051 2853 Β.
1260 2829 1314 2852 12.
1340 2817 1642 2864 τῴ-ὑποκειμένῳ
1663 2817 1707 2850 Ι).

129 2878 182 2911 13.
208 2866 229 2900 ἃ
247 2877 317 2900 om.
339 2866 383 2900 B.
529 2876 583 2908 14.
609 2866 805 2910 Assumpta
822 2871 888 2901 τῶν
905 2879 947 2901 ex
967 2867 1075 2906 B.D.‚
1095 2866 1146 2899 καὶ
1166 2878 1206 2899 ex
1228 2865 1270 2900 B.
1416 2875 1471 2898 20.
1499 2864 1594 2898 ἐστιν
1614 2864 1708 2897 BA).

124 2914 212 2948 εἰσιν
230 2912 297 2947 Ed.
463 2923 516 2946 21.
544 2911 614 2957 καὶ]
635 2913 671 2946 δέ
691 2913 824 2957 Migne.
985 2923 1039 2958 25.
1067 2911 1304 2954 ἀποδεικνύων,
1322 2911 1400 2945 ἀλλ’
1419 2911 1473 2945 ἐπὶ
1491 2910 1646 2956 τοσούτῳ
1667 2910 1707 2945 B.

127 2961 181 2994 28.
209 2960 249 3003 δὴ
267 2960 321 2993 καὶ
338 2958 458 3004 ὅντως]
479 2959 606 2993 δίκαιον
623 2963 668 2992 τῶ
687 2960 729 2994 ὡς
751 2960 790 2993 Β.

181 3026 274 3055 VOL.
300 3027 328 3053 1.
888 3028 914 3065 4
939 3027 958 3052 F
