2073 3296
136 2085 148 2107 1
168 2076 251 2108 Tim.
270 2076 291 2108 i.

353 170 407 210 32
753 170 802 210 B.
836 168 1108 210 CYRILLI
1151 166 1528 208 ALEXANDR.
1849 164 1875 204 i.
1899 177 1933 203 1.

352 276 434 329 τὸν
461 276 651 344 Λόγον,
700 276 754 329 τὸ
793 277 886 344 γὰρ
925 275 1037 329 εἶναι
1074 276 1192 344 πρὸς
1231 276 1376 339 Θεὸν,
1412 275 1466 326 οὐ
1503 272 1691 327 πάντως
1730 274 1822 341 ἔχει
1860 275 1936 323 καὶ

352 361 436 422 τῆς
474 359 638 412 οὐσίας
675 357 761 423 τὴν
791 358 1020 423 δήλωσιν.
1076 356 1232 422 ἐπειδὴ
1271 356 1319 408 δὲ
1351 355 1476 408 Θεὸν
1508 356 1588 406 ἕνα
1625 353 1937 421 κηρύττουσιν

354 444 402 490 αἱ
441 444 558 491 θεῖαι
596 442 793 508 γραφαὶ,
825 439 1126 504 ἀναθήσομεν
1160 444 1299 490 τοῦτο
1337 437 1481 501 μόνον
1515 439 1582 507 τῷ
1618 438 1787 503 Πατρὶ,
1819 433 1937 502 πρὸς

355 519 409 572 ὃν
434 519 492 584 ἧν
519 521 543 571 ὁ
571 521 728 587 Λόγος
750 543 762 583 ;
806 522 855 572 τί
876 522 957 572 οὖν
983 521 1075 587 ἄρα
1101 522 1176 571 καὶ
1211 519 1329 586 πρὸς
1362 518 1501 570 τοῦτό
1537 522 1660 587 φησι
1692 520 1775 582 τῆς
1810 518 1934 580 ἀλη-

354 602 479 656 θείας
511 604 536 653 ὀ
569 601 722 671 κήρυξ
738 624 749 663 ;
790 603 843 653 οὐ
867 600 1013 666 μόνον
1038 600 1096 665 ἦν
1123 607 1140 653 ὁ
1169 602 1315 667 Λόγος
1341 599 1461 667 πρὸς
1485 598 1623 661 Θεὸν,
1650 599 1762 649 ἀλλ’
1790 596 1832 658 ἧν
1859 602 1936 649 καὶ
1958 611 1980 649 5

355 684 481 745 Θεὸς,
507 683 583 734 ἵνα
618 683 693 734 διὰ
725 682 811 747 μὲν
836 689 919 734 τοῦ
953 682 1068 734 εἶναι
1103 680 1222 749 πρὸς
1253 681 1390 744 Θεὸν,
1416 680 1569 746 ἕτερος
1605 678 1669 730 ὢν
1694 678 1824 746 παρὰ
1856 677 1939 729 τὸν

357 763 550 831 Πατέρα
575 762 873 831 γνωρίζηται,
905 766 980 814 καὶ
1006 762 1120 817 Υἱὸς
1147 761 1372 830 ὑπάρχειν
1399 761 1491 829 ἰδίᾳ
1525 763 1600 811 καὶ
1636 761 1745 811 καθ’
1775 758 1940 811 ἑαυτὸν

355 845 648 910 πιστεύηται·
692 844 768 896 διὰ
793 844 842 896 δὲ
866 850 950 896 τοῦ
976 842 1089 895 εἶναι
1116 844 1242 906 Θεὸς,
1266 841 1516 907 ὃμοούσιός
1542 865 1591 893 τε
1618 843 1693 892 καὶ
1719 840 1776 909 ἐξ
1798 840 1940 890 αὐτοῦ

310 936 338 977 b
359 930 519 991 νοῆται
554 925 674 978 κατὰ
708 925 871 994 φύσιν,
899 924 980 977 ἅτε
1012 925 1068 990 δὴ
1095 927 1172 976 καὶ
1200 924 1320 978 Θεὸς
1345 926 1420 975 καὶ
1446 925 1495 975 ἐκ
1522 927 1647 974 Θεοῦ
1671 920 1937 988 προελθών.

357 1008 600 1076 ἀμήχανον
632 1007 738 1074 γὰρ,
765 1012 872 1071 μιᾶς
911 1006 1025 1058 εἶναι
1063 1007 1193 1073 παρὰ
1230 1010 1380 1057 πᾶσιν
1415 1005 1796 1069 ὀμολογουμένης
1831 1000 1937 1054 θεό-
1964 1021 2011 1046 10
2068 1011 2072 1053 ’,

355 1113 507 1155 τητος,
532 1089 598 1155 μὴ
625 1089 813 1142 πάντως
847 1093 909 1142 εἰς
943 1087 1206 1152 ταυτότητα
1241 1088 1431 1155 φύσεως
1464 1085 1550 1150 τὴν
1577 1086 1715 1151 ἁγίαν
1741 1084 1938 1145 ἀναβαί-

355 1195 449 1223 νειν
475 1171 671 1238 Τριάδα,
699 1171 846 1225 οὕτως
875 1193 925 1221 τε
952 1173 1012 1224 εἷς
1039 1169 1121 1220 τὸν
1145 1168 1225 1220 ἕνα
1249 1171 1330 1232 τῆς
1358 1166 1593 1231 Θεότητος
1620 1166 1940 1233 ἀναφερεσθαι

354 1253 518 1319 λόγον.
579 1249 623 1313 ἧν
655 1252 737 1303 οὖν
769 1253 844 1302 καὶ
880 1252 1008 1306 Θεός·
1061 1251 1115 1301 οὐ
1149 1250 1343 1316 γέγονεν
1374 1249 1586 1315 ὕστερον,
1624 1246 1755 1298 ἀλλὰ
1792 1245 1941 1298 πάλιν

353 1334 425 1399 ἧν,
454 1338 492 1385 εἰ
531 1335 608 1385 καὶ
647 1333 717 1384 ὅτι
755 1332 972 1396 μάλιστα
1007 1335 1073 1400 τῷ
1109 1329 1222 1382 εἶναι
1253 1329 1377 1381 Θεὸν
1408 1327 1721 1393 ἀκολουθήσει
1753 1327 1941 1382 πάντως

356 1417 431 1466 καὶ
468 1413 521 1466 τὸ
557 1415 711 1467 ἀϊδίως
747 1412 875 1464 εἶναι·
917 1414 1014 1464 ἐπεὶ
1048 1411 1102 1463 τὸ
1138 1412 1186 1462 ἐν
1217 1410 1372 1480 χρόνῳ
1406 1408 1668 1476 γεγονὸς,ἢ
1705 1411 1780 1460 καὶ
1816 1409 1940 1463 ὅλως
1966 1429 2012 1468 15

316 1521 338 1548 c
356 1499 406 1547 ἐκ
430 1495 496 1561 μὴ
522 1495 656 1549 ὄντος
687 1499 750 1549 εἷς
784 1493 838 1546 τὸ
869 1492 982 1545 εἶναι
1015 1491 1311 1560 παρενεχθὲν,
1339 1493 1421 1543 οὐκ
1448 1490 1504 1543 ἂν
1531 1491 1598 1555 ε’ίη
1626 1491 1771 1559 φύσει
1798 1490 1935 1545 Θεός.

356 1577 545 1646 ἔχοντος
571 1578 725 1628 τοίνυν
751 1582 834 1628 τοῦ
860 1579 986 1627 Θεοῦ
1012 1575 1174 1641 Λόγου
1201 1572 1277 1625 διὰ
1301 1572 1387 1638 μὲν
1412 1579 1495 1624 τοῦ
1521 1569 1563 1633 ἧν
1589 1571 1643 1624 τὸ
1668 1571 1834 1639 ἀΐδιον,
1866 1572 1941 1623 διὰ

354 1658 403 1710 δὲ
447 1664 529 1710 τοῦ
577 1657 690 1709 εἶναι
730 1656 836 1710 Θεόν
874 1657 928 1709 τὸ
969 1656 1089 1723 πρὸς
1126 1655 1209 1707 τὸν
1249 1653 1440 1721 Πατέρα
1481 1653 1748 1718 ὁμοούσιον,
1786 1652 1944 1718 πόσης

353 1740 535 1791 οἴεσθαι
560 1739 652 1807 χρὴ
680 1738 926 1792 κολάσεώς
953 1761 1002 1789 τε
1028 1739 1104 1788 καὶ
1131 1736 1355 1803 τιμωρίας
1378 1733 1564 1803 ἐνόχους
1587 1734 1942 1802 εὑρεθήσεσθαι,

353 1820 461 1875 τοὺς
485 1820 714 1873 ἐλάττονα
740 1819 863 1872 κατά
887 1843 931 1871 τι
959 1825 1073 1885 γοῦν
1098 1818 1127 1883 ἢ
1155 1820 1230 1869 καὶ
1257 1816 1475 1881 ἀνόμοιον
1501 1822 1583 1868 τοῦ
1610 1815 1943 1882 γεγεννηκότος
1964 1839 2013 1865 20

355 1903 589 1968 οἰομένους
628 1900 852 1969 ὑπάρχειν
885 1899 1040 1963 αὐτὸν,
1080 1902 1155 1951 καὶ
1192 1903 1254 1953 εἷς
1291 1903 1431 1949 τοῦτο
1469 1902 1720 1964 προελθεῖν
1758 1901 1937 1949 δυσσε-

353 1985 484 2046 βείας
529 1985 612 2035 οὐκ
656 1983 1048 2052 ἀποφρίττοντας,
1088 1984 1149 2035 ὡς
1191 1980 1280 2045 ἤδη
1325 1984 1509 2044 τολμᾶν
1548 1982 1624 2030 καὶ
1669 1980 1840 2046 ἑτέροις
1883 1978 1943 2030 τὰ

354 2071 546 2118 τοιαῦτα
582 2069 895 2133 προσλαλεῖν,
932 2070 960 2093 “
976 2062 1041 2128 μὴ
1081 2067 1314 2125 νοοῦντας,
1352 2060 1468 2126 μήτε
1507 2059 1538 2112 ἃ
1575 2061 1786 2127 λέγουσι,
1824 2059 1941 2125 μήτε

357 2155 383 2178 “
409 2150 515 2214 περὶ
541 2148 681 2198 τίνων
707 2149 1087 2207 διαβεβαιοῦνται
1108 2145 1150 2205 ;”

421 2228 538 2280 ‘'Ort
583 2227 677 2296 γὰρ
721 2225 979 2291 οὐδαμόθεν
1024 2225 1234 2276 ἐλάττων
1277 2226 1409 2276 ἐστὶν
1452 2230 1536 2275 τοῦ
1582 2223 1774 2290 Πατρὸς
1819 2224 1844 2274 ὁ
1888 2224 1946 2293 ἐξ
1963 2242 2010 2281 25

354 2312 497 2363 αὑτοῦ
535 2312 611 2362 καὶ
650 2308 769 2360 κατὰ
807 2307 1031 2373 ἀλήθειαν
1059 2306 1188 2369 Υἱὸς,
1228 2307 1278 2357 ἐκ
1316 2311 1410 2357 τῶν
1448 2305 1825 2372 συνεζευγμένων
1861 2307 1935 2357 ἐν·

353 2396 490 2444 νοιῶν
516 2392 740 2456 εἰσόμεθα
763 2389 927 2442 πάλιν.

426 2495 560 2525 ΑΛΛο.
626 2476 840 2526 Πολλοῖς
901 2472 975 2521 καὶ
1035 2467 1278 2538 διαφόροις
1334 2467 1536 2532 ὀνόμασι
1592 2467 1676 2519 τὸν
1725 2465 1844 2519 Υὶὸν
1894 2471 1941 2518 αἱ

352 2560 468 2607 θεῖαι
513 2559 717 2608 καλοῦσι
760 2553 960 2621 γραφαί.
1027 2551 1208 2619 σοφίαν
1246 2549 1332 2614 μὲν
1369 2549 1462 2616 γὰρ
1504 2551 1579 2600 καὶ
1623 2548 1819 2613 δύναμιν
1857 2554 1941 2600 τοῦ

354 2636 545 2705 Πατρὸς
597 2634 715 2688 εἶναι’
757 2639 910 2705 φασιν
953 2632 1111 2692 αὐτὸν,
1156 2630 1277 2683 κατὰ
1317 2631 1371 2682 τὸ
1417 2629 1657 2698 εἰρημένον
1699 2629 1830 2698 παρὰ
1873 2634 1940 2700 τῷ
1960 2649 2011 2686 30

400 2828 433 2862 3.
459 2818 562 2860 μόνον
580 2817 622 2851 Β.
641 2818 731 2862 μόνῳ
749 2815 817 2850 Ed.
920 2823 952 2859 7.
979 2814 1032 2849 καὶ
1050 2815 1108 2849 alt.
1128 2825 1198 2848 om.
1215 2812 1258 2847 Β.
1363 2823 1397 2857 9.
1425 2812 1478 2846 καὶ
1496 2812 1581 2847 Θεὸς
1598 2809 1668 2856 καὶ]
1685 2811 1738 2845 καὶ
1755 2812 1773 2845 ὁ
1791 2811 1876 2847 Θεὸς
1895 2811 1939 2846 Β.

355 2874 410 2898 10.
436 2865 512 2907 μιᾶς
529 2860 628 2908 εἶναι]
647 2864 800 2907 μαθεῖναι
818 2862 898 2906 (Sic)
918 2861 961 2895 B.
1177 2870 1231 2894 ΙΙ.
1256 2858 1376 2904 τριάδα
1392 2858 1582 2900 ἀναβαίνειν
1599 2858 1738 2892 inverso
1756 2857 1876 2892 ordine
1895 2857 1938 2892 B.

356 2921 409 2954 13.
433 2910 540 2944 πάλαι
557 2922 574 2943 e
593 2921 657 2944 suo
675 2909 812 2955 Migne.
925 2916 980 2950 15.
1004 2905 1086 2942 εἶναι
1103 2904 1210 2942 ἀΐδιος
1229 2905 1270 2940 Β.
1391 2904 1446 2939 26.
1473 2905 1527 2939 καὶ
1545 2916 1615 2939 om.
1635 2904 1678 2939 B.
1798 2915 1853 2949 29.
1880 2917 1938 2938 κα-

351 2957 474 2991 λοῦσιν
492 2957 525 2990 αἱ
543 2956 628 2990 θεῖαι
646 2956 784 2992 inverso
801 2954 923 2991 ordine
942 2954 984 2989 B.
1128 2963 1184 2997 30.
1210 2952 1300 2996 παρὰ
1319 2957 1541 2997 assumptum
1560 2963 1601 2986 ex
1621 2950 1761 2986 B.D.E.
