<?xml version="1.0" encoding="UTF-8"?>
<!DOCTYPE html PUBLIC "-//W3C//DTD XHTML 1.0 Transitional//EN"
    "http://www.w3.org/TR/xhtml1/DTD/xhtml1-transitional.dtd">
<html xmlns="http://www.w3.org/1999/xhtml" xml:lang="en" lang="en">
 <head>
  <title>
</title>
<meta http-equiv="Content-Type" content="text/html;charset=utf-8" />
  <meta name='ocr-system' content='tesseract 3.04.00' />
  <meta name='ocr-capabilities' content='ocr_page ocr_carea ocr_par ocr_line ocrx_word'/>
</head>
<body>
  <div class='ocr_page' id='page_1' title='image "./operacyrilli03cyriuoft/operacyrilli03cyriuoft_0534.png"; bbox 0 0 2084 3317; ppageno 0'>
   <div class='ocr_carea' id='block_1_1' title="bbox 109 248 267 322">
    <p class='ocr_par' dir='ltr' id='par_1_1' title="bbox 109 248 267 322">
     <span class='ocr_line' id='line_1_1' title="bbox 110 248 240 278; baseline 0.008 -1"><span class='ocrx_word' id='word_1_1' title='bbox 110 248 141 277; x_wconf 78' lang='lat' dir='ltr'>S.</span> <span class='ocrx_word' id='word_1_2' title='bbox 159 248 240 278; x_wconf 82' lang='lat' dir='ltr'><strong>Luc.</strong></span> 
     </span>
     <span class='ocr_line' id='line_1_2' title="bbox 109 291 267 322; baseline 0.006 -2"><span class='ocrx_word' id='word_1_3' title='bbox 109 291 197 322; x_wconf 78' lang='lat' dir='ltr'>xviii.</span> <span class='ocrx_word' id='word_1_4' title='bbox 219 300 267 321; x_wconf 86' lang='lat'>20.</span> 
     </span>
    </p>
   </div>
   <div class='ocr_carea' id='block_1_2' title="bbox 330 142 1923 193">
    <p class='ocr_par' dir='ltr' id='par_1_2' title="bbox 330 142 1923 193">
     <span class='ocr_line' id='line_1_3' title="bbox 330 142 1923 193; baseline -0.003 -8"><span class='ocrx_word' id='word_1_5' title='bbox 330 146 413 185; x_wconf 57' lang='lat'>452</span> <span class='ocrx_word' id='word_1_6' title='bbox 732 145 782 185; x_wconf 89' lang='lat' dir='ltr'>B.</span> <span class='ocrx_word' id='word_1_7' title='bbox 815 145 1090 186; x_wconf 84' lang='lat' dir='ltr'>CYRILLI</span> <span class='ocrx_word' id='word_1_8' title='bbox 1132 142 1513 184; x_wconf 88' lang='lat' dir='ltr'><strong>ALEXANDR.</strong></span> <span class='ocrx_word' id='word_1_9' title='bbox 1781 142 1836 182; x_wconf 89' lang='lat' dir='ltr'>vi.</span> <span class='ocrx_word' id='word_1_10' title='bbox 1859 155 1923 193; x_wconf 75' lang='lat'>29.</span> 
     </span>
    </p>
   </div>
   <div class='ocr_carea' id='block_1_3' title="bbox 331 250 1929 560">
    <p class='ocr_par' dir='ltr' id='par_1_3' title="bbox 331 250 1929 560">
     <span class='ocr_line' id='line_1_4' title="bbox 332 250 1927 321; baseline 0 -17"><span class='ocrx_word' id='word_1_11' title='bbox 332 255 595 319; x_wconf 81' lang='grc' dir='ltr'>εὑρίσκοιτο</span> <span class='ocrx_word' id='word_1_12' title='bbox 646 253 955 321; x_wconf 80' lang='grc' dir='ltr'>κληρονόμος.</span> <span class='ocrx_word' id='word_1_13' title='bbox 1032 252 1151 319; x_wconf 76' lang='grc' dir='ltr'>πρὸς</span> <span class='ocrx_word' id='word_1_14' title='bbox 1202 251 1343 303; x_wconf 83' lang='grc' dir='ltr'>αὐτὸν</span> <span class='ocrx_word' id='word_1_15' title='bbox 1388 251 1436 302; x_wconf 80' lang='grc' dir='ltr'>δὲ</span> <span class='ocrx_word' id='word_1_16' title='bbox 1484 252 1509 302; x_wconf 88' lang='grc' dir='ltr'><strong>ὁ</strong></span> <span class='ocrx_word' id='word_1_17' title='bbox 1555 251 1730 317; x_wconf 89' lang='grc' dir='ltr'>Κύριος</span> <span class='ocrx_word' id='word_1_18' title='bbox 1773 259 1798 280; x_wconf 89' lang='lat'>“</span> <span class='ocrx_word' id='word_1_19' title='bbox 1826 250 1927 304; x_wconf 79' lang='grc' dir='ltr'>Τὰς</span> 
     </span>
     <span class='ocr_line' id='line_1_5' title="bbox 333 332 1928 403; baseline -0.003 -17"><span class='ocrx_word' id='word_1_20' title='bbox 333 342 360 365; x_wconf 85' lang='grc'><strong>“</strong></span> <span class='ocrx_word' id='word_1_21' title='bbox 384 335 579 390; x_wconf 87' lang='grc' dir='ltr'>ἐντολάς</span> <span class='ocrx_word' id='word_1_22' title='bbox 634 359 726 388; x_wconf 87' lang='grc' dir='ltr'>που</span> <span class='ocrx_word' id='word_1_23' title='bbox 783 335 973 389; x_wconf 89' lang='grc' dir='ltr'>πάντως</span> <span class='ocrx_word' id='word_1_24' title='bbox 1029 333 1187 397; x_wconf 76' lang='grc' dir='ltr'>οἶσθα,</span> <span class='ocrx_word' id='word_1_25' title='bbox 1240 335 1405 403; x_wconf 75' lang='grc' dir='ltr'>φησὶν,</span> <span class='ocrx_word' id='word_1_26' title='bbox 1458 334 1511 384; x_wconf 83' lang='grc' dir='ltr'>οὐ</span> <span class='ocrx_word' id='word_1_27' title='bbox 1562 332 1823 402; x_wconf 78' lang='grc' dir='ltr'>φονεύσεις,</span> <span class='ocrx_word' id='word_1_28' title='bbox 1874 333 1928 382; x_wconf 81' lang='grc' dir='ltr'>οὐ</span> 
     </span>
     <span class='ocr_line' id='line_1_6' title="bbox 332 413 1929 485; baseline -0.003 -17"><span class='ocrx_word' id='word_1_29' title='bbox 332 426 359 447; x_wconf 83' lang='grc'><strong>“</strong></span> <span class='ocrx_word' id='word_1_30' title='bbox 383 418 664 485; x_wconf 73' lang='grc' dir='ltr'>μοιχεύσεις,</span> <span class='ocrx_word' id='word_1_31' title='bbox 704 419 787 468; x_wconf 86' lang='grc' dir='ltr'>οὐκ</span> <span class='ocrx_word' id='word_1_32' title='bbox 825 415 1163 483; x_wconf 84' lang='grc' dir='ltr'>ἐπιορκήσεις,”</span> <span class='ocrx_word' id='word_1_33' title='bbox 1203 418 1279 467; x_wconf 79' lang='grc' dir='ltr'>καὶ</span> <span class='ocrx_word' id='word_1_34' title='bbox 1321 415 1417 466; x_wconf 79' lang='grc' dir='ltr'>ὅσα</span> <span class='ocrx_word' id='word_1_35' title='bbox 1461 414 1642 468; x_wconf 81' lang='grc' dir='ltr'>τούτοις</span> <span class='ocrx_word' id='word_1_36' title='bbox 1688 413 1929 480; x_wconf 85' lang='grc' dir='ltr'>συνήρμο-</span> 
     </span>
     <span class='ocr_line' id='line_1_7' title="bbox 331 494 1928 560; baseline -0.003 -10"><span class='ocrx_word' id='word_1_37' title='bbox 331 523 458 551; x_wconf 91' lang='grc' dir='ltr'>σται.</span> <span class='ocrx_word' id='word_1_38' title='bbox 510 500 621 549; x_wconf 81' lang='grc' dir='ltr'>ἀλλ’</span> <span class='ocrx_word' id='word_1_39' title='bbox 658 502 720 552; x_wconf 88' lang='grc' dir='ltr'>ὡς</span> <span class='ocrx_word' id='word_1_40' title='bbox 758 498 938 549; x_wconf 90' lang='grc' dir='ltr'>τούτων</span> <span class='ocrx_word' id='word_1_41' title='bbox 977 497 1163 552; x_wconf 80' lang='grc' dir='ltr'>οὐδενὸς</span> <span class='ocrx_word' id='word_1_42' title='bbox 1202 500 1371 551; x_wconf 82' lang='grc' dir='ltr'>ἐκεῖνος</span> <span class='ocrx_word' id='word_1_43' title='bbox 1410 496 1475 547; x_wconf 77' lang='grc' dir='ltr'>ἔτι</span> <span class='ocrx_word' id='word_1_44' title='bbox 1514 495 1747 559; x_wconf 88' lang='grc' dir='ltr'>δεόμενος,</span> <span class='ocrx_word' id='word_1_45' title='bbox 1783 494 1812 560; x_wconf 77' lang='grc' dir='ltr'>ἢ</span> <span class='ocrx_word' id='word_1_46' title='bbox 1852 497 1928 546; x_wconf 82' lang='grc' dir='ltr'>καὶ</span> 
     </span>
    </p>
   </div>
   <div class='ocr_carea' id='block_1_4' title="bbox 108 577 1970 648">
    <p class='ocr_par' dir='ltr' id='par_1_4' title="bbox 108 577 1970 648">
     <span class='ocr_line' id='line_1_8' title="bbox 108 577 1970 648; baseline -0.002 -17"><span class='ocrx_word' id='word_1_47' title='bbox 108 594 197 626; x_wconf 83' lang='grc'>308</span> <span class='ocrx_word' id='word_1_48' title='bbox 212 592 264 627; x_wconf 82' lang='grc' dir='ltr'>Α.</span> <span class='ocrx_word' id='word_1_49' title='bbox 293 603 315 626; x_wconf 85' lang='lat' dir='ltr'>a</span> <span class='ocrx_word' id='word_1_50' title='bbox 330 581 623 645; x_wconf 81' lang='grc' dir='ltr'>μαθημάτων</span> <span class='ocrx_word' id='word_1_51' title='bbox 647 579 877 648; x_wconf 77' lang='grc' dir='ltr'>ἐξήγησιν</span> <span class='ocrx_word' id='word_1_52' title='bbox 903 579 1032 631; x_wconf 77' lang='grc' dir='ltr'>πολὺ</span> <span class='ocrx_word' id='word_1_53' title='bbox 1067 583 1151 643; x_wconf 84' lang='grc' dir='ltr'>τῆς</span> <span class='ocrx_word' id='word_1_54' title='bbox 1183 578 1380 643; x_wconf 86' lang='grc' dir='ltr'>ἐνούσης</span> <span class='ocrx_word' id='word_1_55' title='bbox 1416 578 1554 647; x_wconf 76' lang='grc' dir='ltr'>ἕξεως</span> <span class='ocrx_word' id='word_1_56' title='bbox 1589 577 1927 645; x_wconf 77' lang='grc' dir='ltr'>ὑστερίζουσαν</span> <span class='ocrx_word' id='word_1_57' title='bbox 1947 598 1970 635; x_wconf 89' lang='grc'>5</span> 
     </span>
    </p>
   </div>
   <div class='ocr_carea' id='block_1_5' title="bbox 109 660 271 734">
    <p class='ocr_par' dir='ltr' id='par_1_5' title="bbox 109 660 271 734">
     <span class='ocr_line' id='line_1_9' title="bbox 109 660 271 709; baseline 0.012 -20"><span class='ocrx_word' id='word_1_58' title='bbox 109 660 271 709; x_wconf 44' lang='grc' dir='ltr'>ΝΣΒΙΆῈἙΙΙ.</span> 
     </span>
     <span class='ocr_line' id='line_1_10' title="bbox 110 714 244 734; baseline 0 -1"><span class='ocrx_word' id='word_1_59' title='bbox 110 715 175 733; x_wconf 68' lang='lat' dir='ltr'>mx.</span> <span class='ocrx_word' id='word_1_60' title='bbox 195 714 244 734; x_wconf 78' lang='lat'>20.</span> 
     </span>
    </p>
   </div>
   <div class='ocr_carea' id='block_1_6' title="bbox 110 1800 272 1839">
    <p class='ocr_par' dir='ltr' id='par_1_6' title="bbox 110 1800 272 1839">
     <span class='ocr_line' id='line_1_11' title="bbox 110 1800 272 1839; baseline -0.006 -9"><span class='ocrx_word' id='word_1_61' title='bbox 110 1800 161 1830; x_wconf 86' lang='lat' dir='ltr'>Ib.</span> <span class='ocrx_word' id='word_1_62' title='bbox 175 1810 206 1830; x_wconf 82' lang='lat' dir='ltr'>x,</span> <span class='ocrx_word' id='word_1_63' title='bbox 224 1808 272 1839; x_wconf 85' lang='lat'>24.</span> 
     </span>
    </p>
   </div>
   <div class='ocr_carea' id='block_1_7' title="bbox 110 1844 234 1882">
    <p class='ocr_par' dir='ltr' id='par_1_7' title="bbox 110 1844 234 1882">
     <span class='ocr_line' id='line_1_12' title="bbox 110 1844 234 1882; baseline 0 -8"><span class='ocrx_word' id='word_1_64' title='bbox 110 1844 163 1875; x_wconf 90' lang='lat' dir='ltr'>Ib.</span> <span class='ocrx_word' id='word_1_65' title='bbox 185 1852 234 1882; x_wconf 82' lang='lat'>25.</span> 
     </span>
    </p>
   </div>
   <div class='ocr_carea' id='block_1_8' title="bbox 288 658 1932 2082">
    <p class='ocr_par' dir='ltr' id='par_1_8' title="bbox 288 658 1932 2082">
     <span class='ocr_line' id='line_1_13' title="bbox 332 658 1928 730; baseline -0.002 -17"><span class='ocrx_word' id='word_1_66' title='bbox 332 664 385 713; x_wconf 82' lang='grc' dir='ltr'>οὐ</span> <span class='ocrx_word' id='word_1_67' title='bbox 423 661 791 729; x_wconf 80' lang='grc' dir='ltr'>καταδεχόμενος</span> <span class='ocrx_word' id='word_1_68' title='bbox 834 669 860 691; x_wconf 79' lang='lat'><strong>“</strong></span> <span class='ocrx_word' id='word_1_69' title='bbox 882 666 1061 725; x_wconf 88' lang='grc' dir='ltr'>Ταῦτα,</span> <span class='ocrx_word' id='word_1_70' title='bbox 1103 663 1242 730; x_wconf 73' lang='grc' dir='ltr'>φησὶ,</span> <span class='ocrx_word' id='word_1_71' title='bbox 1283 662 1439 713; x_wconf 88' lang='grc' dir='ltr'>πάντα</span> <span class='ocrx_word' id='word_1_72' title='bbox 1485 663 1534 712; x_wconf 87' lang='grc' dir='ltr'>ἐκ</span> <span class='ocrx_word' id='word_1_73' title='bbox 1579 658 1794 724; x_wconf 85' lang='grc' dir='ltr'>νεότητός</span> <span class='ocrx_word' id='word_1_74' title='bbox 1835 682 1928 724; x_wconf 87' lang='grc' dir='ltr'>μου</span> 
     </span>
     <span class='ocr_line' id='line_1_14' title="bbox 332 742 1928 811; baseline -0.002 -16"><span class='ocrx_word' id='word_1_75' title='bbox 332 752 358 774; x_wconf 82' lang='grc'><strong>“</strong></span> <span class='ocrx_word' id='word_1_76' title='bbox 384 747 631 810; x_wconf 86' lang='grc' dir='ltr'>τετήρηκα·</span> <span class='ocrx_word' id='word_1_77' title='bbox 690 743 740 794; x_wconf 84' lang='grc' dir='ltr'>τί</span> <span class='ocrx_word' id='word_1_78' title='bbox 774 742 822 795; x_wconf 76' lang='grc' dir='ltr'>δὲ</span> <span class='ocrx_word' id='word_1_79' title='bbox 861 744 926 794; x_wconf 71' lang='grc' dir='ltr'>ε”τι</span> <span class='ocrx_word' id='word_1_80' title='bbox 967 745 1150 810; x_wconf 81' lang='grc' dir='ltr'>ὑστερῶ</span> <span class='ocrx_word' id='word_1_81' title='bbox 1174 745 1217 806; x_wconf 85' lang='grc'>;”</span> <span class='ocrx_word' id='word_1_82' title='bbox 1270 743 1385 811; x_wconf 75' lang='grc' dir='ltr'>ὅπερ</span> <span class='ocrx_word' id='word_1_83' title='bbox 1426 744 1507 795; x_wconf 78' lang='grc' dir='ltr'>οὖν</span> <span class='ocrx_word' id='word_1_84' title='bbox 1545 745 1713 796; x_wconf 82' lang='grc' dir='ltr'>ἐκεῖνος</span> <span class='ocrx_word' id='word_1_85' title='bbox 1751 742 1928 810; x_wconf 78' lang='grc' dir='ltr'>ἀμαθίᾳ</span> 
     </span>
     <span class='ocr_line' id='line_1_15' title="bbox 331 824 1929 895; baseline -0.003 -18"><span class='ocrx_word' id='word_1_86' title='bbox 331 825 562 895; x_wconf 76' lang='grc' dir='ltr'>συζεύξας</span> <span class='ocrx_word' id='word_1_87' title='bbox 596 824 682 890; x_wconf 84' lang='grc' dir='ltr'>τὴν</span> <span class='ocrx_word' id='word_1_88' title='bbox 710 827 975 894; x_wconf 77' lang='grc' dir='ltr'>ὑπεροψίαν</span> <span class='ocrx_word' id='word_1_89' title='bbox 1001 824 1056 876; x_wconf 88' lang='grc' dir='ltr'>τό</span> <span class='ocrx_word' id='word_1_90' title='bbox 1083 828 1149 877; x_wconf 87' lang='grc' dir='ltr'>Τί</span> <span class='ocrx_word' id='word_1_91' title='bbox 1178 827 1244 878; x_wconf 70' lang='grc' dir='ltr'>ἔτι</span> <span class='ocrx_word' id='word_1_92' title='bbox 1279 828 1430 894; x_wconf 74' lang='grc' dir='ltr'>φησὶν</span> <span class='ocrx_word' id='word_1_93' title='bbox 1455 827 1653 891; x_wconf 82' lang='grc' dir='ltr'>ὑστερῶ,</span> <span class='ocrx_word' id='word_1_94' title='bbox 1679 828 1818 875; x_wconf 91' lang='grc' dir='ltr'>τοῦτο</span> <span class='ocrx_word' id='word_1_95' title='bbox 1852 824 1929 874; x_wconf 87' lang='grc' dir='ltr'>καὶ</span> 
     </span>
     <span class='ocr_line' id='line_1_16' title="bbox 330 905 1929 975; baseline -0.003 -16"><span class='ocrx_word' id='word_1_96' title='bbox 330 908 457 959; x_wconf 80' lang='grc' dir='ltr'>οῦτοι</span> <span class='ocrx_word' id='word_1_97' title='bbox 483 907 559 958; x_wconf 79' lang='grc' dir='ltr'>διὰ</span> <span class='ocrx_word' id='word_1_98' title='bbox 584 905 778 971; x_wconf 84' lang='grc' dir='ltr'>πολλὴν</span> <span class='ocrx_word' id='word_1_99' title='bbox 804 908 927 972; x_wconf 74' lang='grc' dir='ltr'>ἄγαν</span> <span class='ocrx_word' id='word_1_100' title='bbox 953 908 1228 975; x_wconf 75' lang='grc' dir='ltr'>ἀλαζονείαν</span> <span class='ocrx_word' id='word_1_101' title='bbox 1254 931 1303 959; x_wconf 93' lang='grc' dir='ltr'>τε</span> <span class='ocrx_word' id='word_1_102' title='bbox 1330 910 1447 971; x_wconf 84' lang='grc' dir='ltr'>ὁμοῦ</span> <span class='ocrx_word' id='word_1_103' title='bbox 1474 909 1549 958; x_wconf 79' lang='grc' dir='ltr'>καὶ</span> <span class='ocrx_word' id='word_1_104' title='bbox 1577 905 1929 974; x_wconf 88' lang='grc' dir='ltr'>δοκησισοφίαν</span> 
     </span>
     <span class='ocr_line' id='line_1_17' title="bbox 331 989 1739 1061; baseline -0.001 -21"><span class='ocrx_word' id='word_1_105' title='bbox 331 990 531 1055; x_wconf 79' lang='grc' dir='ltr'>λέγουσι</span> <span class='ocrx_word' id='word_1_106' title='bbox 558 991 616 1041; x_wconf 78' lang='grc' dir='ltr'>Τί</span> <span class='ocrx_word' id='word_1_107' title='bbox 639 992 844 1059; x_wconf 77' lang='grc' dir='ltr'>ποιοῦμεν</span> <span class='ocrx_word' id='word_1_108' title='bbox 868 991 939 1042; x_wconf 63' lang='grc' dir='ltr'>’ἱνα</span> <span class='ocrx_word' id='word_1_109' title='bbox 966 989 1257 1061; x_wconf 70' lang='grc' dir='ltr'>ἐργαζώμεθα</span> <span class='ocrx_word' id='word_1_110' title='bbox 1286 991 1329 1042; x_wconf 61' lang='grc' dir='ltr'>το</span> <span class='ocrx_word' id='word_1_111' title='bbox 1361 993 1477 1060; x_wconf 75' lang='grc' dir='ltr'>ἔργον</span> <span class='ocrx_word' id='word_1_112' title='bbox 1504 991 1575 1041; x_wconf 79' lang='grc' dir='ltr'>τοῦ</span> <span class='ocrx_word' id='word_1_113' title='bbox 1603 990 1739 1049; x_wconf 67' lang='grc' dir='ltr'>Θεοῦ,</span> 
     </span>
     <span class='ocr_line' id='line_1_18' title="bbox 405 1069 1930 1140; baseline -0.002 -17"><span class='ocrx_word' id='word_1_114' title='bbox 405 1071 618 1138; x_wconf 82' lang='grc' dir='ltr'>Ἀγαθὸν</span> <span class='ocrx_word' id='word_1_115' title='bbox 652 1072 733 1122; x_wconf 76' lang='grc' dir='ltr'>οὖν</span> <span class='ocrx_word' id='word_1_116' title='bbox 765 1072 858 1138; x_wconf 74' lang='grc' dir='ltr'>ἄρα</span> <span class='ocrx_word' id='word_1_117' title='bbox 895 1073 950 1123; x_wconf 81' lang='grc' dir='ltr'>τὸ</span> <span class='ocrx_word' id='word_1_118' title='bbox 989 1073 1177 1139; x_wconf 76' lang='grc' dir='ltr'>με’τριον</span> <span class='ocrx_word' id='word_1_119' title='bbox 1209 1072 1445 1140; x_wconf 84' lang='grc' dir='ltr'>φρόνημα,</span> <span class='ocrx_word' id='word_1_120' title='bbox 1478 1074 1553 1123; x_wconf 73' lang='grc' dir='ltr'>καὶ</span> <span class='ocrx_word' id='word_1_121' title='bbox 1592 1073 1755 1140; x_wconf 75' lang='grc' dir='ltr'>ψυχῆς</span> <span class='ocrx_word' id='word_1_122' title='bbox 1791 1069 1930 1136; x_wconf 70' lang='grc' dir='ltr'>ἔργον</span> 
     </span>
     <span class='ocr_line' id='line_1_19' title="bbox 333 1151 1927 1221; baseline -0.002 -16"><span class='ocrx_word' id='word_1_123' title='bbox 333 1155 560 1219; x_wconf 80' lang='grc' dir='ltr'>εὐγενοῦς,</span> <span class='ocrx_word' id='word_1_124' title='bbox 587 1153 641 1205; x_wconf 81' lang='grc' dir='ltr'>τὸ</span> <span class='ocrx_word' id='word_1_125' title='bbox 666 1159 763 1207; x_wconf 81' lang='grc' dir='ltr'>τοῖς</span> <span class='ocrx_word' id='word_1_126' title='bbox 789 1153 1099 1205; x_wconf 81' lang='grc' dir='ltr'>διδάσκουσιν</span> <span class='ocrx_word' id='word_1_127' title='bbox 1125 1154 1387 1221; x_wconf 80' lang='grc' dir='ltr'>ἐπιτρέπειν</span> <span class='ocrx_word' id='word_1_128' title='bbox 1413 1153 1467 1205; x_wconf 79' lang='grc' dir='ltr'>τὸ</span> <span class='ocrx_word' id='word_1_129' title='bbox 1493 1152 1743 1206; x_wconf 78' lang='grc' dir='ltr'>λυσιτελὲς</span> <span class='ocrx_word' id='word_1_130' title='bbox 1768 1151 1927 1220; x_wconf 74' lang='grc' dir='ltr'>ἐξεπί-</span> 
     </span>
     <span class='ocr_line' id='line_1_20' title="bbox 288 1235 1931 1304; baseline -0.001 -19"><span class='ocrx_word' id='word_1_131' title='bbox 288 1240 546 1286; x_wconf 62' lang='grc' dir='ltr'>ὒστασθαι</span> <span class='ocrx_word' id='word_1_132' title='bbox 584 1240 789 1299; x_wconf 79' lang='grc' dir='ltr'>μᾶλλον,</span> <span class='ocrx_word' id='word_1_133' title='bbox 822 1241 1121 1304; x_wconf 80' lang='grc' dir='ltr'>παραχωρεῖν</span> <span class='ocrx_word' id='word_1_134' title='bbox 1151 1259 1202 1286; x_wconf 90' lang='grc' dir='ltr'>τε</span> <span class='ocrx_word' id='word_1_135' title='bbox 1237 1237 1359 1287; x_wconf 79' lang='grc' dir='ltr'>οὕτω</span> <span class='ocrx_word' id='word_1_136' title='bbox 1393 1235 1686 1300; x_wconf 87' lang='grc' dir='ltr'>μαθήμασιν,</span> <span class='ocrx_word' id='word_1_137' title='bbox 1718 1236 1931 1285; x_wconf 84' lang='grc' dir='ltr'>ἐνεστιᾶν</span> 
     </span>
     <span class='ocr_line' id='line_1_21' title="bbox 332 1315 1931 1385; baseline -0.001 -18"><span class='ocrx_word' id='word_1_138' title='bbox 332 1316 503 1382; x_wconf 76' lang='grc' dir='ltr'>οἷσπερ</span> <span class='ocrx_word' id='word_1_139' title='bbox 539 1316 596 1367; x_wconf 78' lang='grc' dir='ltr'>ἂν</span> <span class='ocrx_word' id='word_1_140' title='bbox 623 1317 745 1385; x_wconf 76' lang='grc' dir='ltr'>ἔχειν</span> <span class='ocrx_word' id='word_1_141' title='bbox 771 1317 958 1368; x_wconf 75' lang='grc' dir='ltr'>οἴωνται</span> <span class='ocrx_word' id='word_1_142' title='bbox 990 1322 1161 1380; x_wconf 79' lang='grc' dir='ltr'>καλῶς,</span> <span class='ocrx_word' id='word_1_143' title='bbox 1190 1317 1270 1369; x_wconf 81' lang='grc' dir='ltr'>ἅτε</span> <span class='ocrx_word' id='word_1_144' title='bbox 1296 1316 1352 1381; x_wconf 82' lang='grc' dir='ltr'>δὴ</span> <span class='ocrx_word' id='word_1_145' title='bbox 1380 1319 1455 1368; x_wconf 73' lang='grc' dir='ltr'>καὶ</span> <span class='ocrx_word' id='word_1_146' title='bbox 1480 1316 1534 1368; x_wconf 69' lang='lat' dir='ltr'>‘rb</span> <span class='ocrx_word' id='word_1_147' title='bbox 1562 1315 1715 1383; x_wconf 80' lang='grc' dir='ltr'>μεῖζον</span> <span class='ocrx_word' id='word_1_148' title='bbox 1739 1315 1931 1384; x_wconf 72' lang='grc' dir='ltr'>ἔχουσιν</span> 
     </span>
     <span class='ocr_line' id='line_1_22' title="bbox 331 1398 1929 1467; baseline 0 -18"><span class='ocrx_word' id='word_1_149' title='bbox 331 1401 379 1449; x_wconf 86' lang='grc' dir='ltr'>ἐν</span> <span class='ocrx_word' id='word_1_150' title='bbox 405 1399 595 1465; x_wconf 83' lang='grc' dir='ltr'>γνώσει.</span> <span class='ocrx_word' id='word_1_151' title='bbox 644 1404 744 1452; x_wconf 78' lang='grc' dir='ltr'>πῶς</span> <span class='ocrx_word' id='word_1_152' title='bbox 780 1398 874 1466; x_wconf 73' lang='grc' dir='ltr'>γὰρ</span> <span class='ocrx_word' id='word_1_153' title='bbox 911 1398 968 1450; x_wconf 75' lang='grc' dir='ltr'>ἂν</span> <span class='ocrx_word' id='word_1_154' title='bbox 1001 1399 1126 1454; x_wconf 74' lang='grc' dir='ltr'>ὅλως</span> <span class='ocrx_word' id='word_1_155' title='bbox 1162 1402 1237 1451; x_wconf 84' lang='grc' dir='ltr'>καὶ</span> <span class='ocrx_word' id='word_1_156' title='bbox 1268 1401 1317 1451; x_wconf 88' lang='grc' dir='ltr'>ἐν</span> <span class='ocrx_word' id='word_1_157' title='bbox 1342 1399 1636 1451; x_wconf 82' lang='grc' dir='ltr'>διδασκάλου</span> <span class='ocrx_word' id='word_1_158' title='bbox 1670 1402 1929 1467; x_wconf 87' lang='grc' dir='ltr'>παραληφ-</span> 
     </span>
     <span class='ocr_line' id='line_1_23' title="bbox 331 1479 1931 1550; baseline 0 -19"><span class='ocrx_word' id='word_1_159' title='bbox 331 1479 562 1543; x_wconf 87' lang='grc' dir='ltr'>θήσονται</span> <span class='ocrx_word' id='word_1_160' title='bbox 610 1481 756 1550; x_wconf 75' lang='grc' dir='ltr'>τάξει,</span> <span class='ocrx_word' id='word_1_161' title='bbox 804 1481 869 1545; x_wconf 88' lang='grc' dir='ltr'>μὴ</span> <span class='ocrx_word' id='word_1_162' title='bbox 916 1483 1020 1550; x_wconf 83' lang='grc' dir='ltr'>οὐχὶ</span> <span class='ocrx_word' id='word_1_163' title='bbox 1065 1482 1254 1536; x_wconf 87' lang='grc' dir='ltr'>πάντως</span> <span class='ocrx_word' id='word_1_164' title='bbox 1302 1481 1490 1536; x_wconf 86' lang='grc' dir='ltr'>ἑλόντες</span> <span class='ocrx_word' id='word_1_165' title='bbox 1541 1481 1595 1533; x_wconf 84' lang='grc' dir='ltr'>τὸ</span> <span class='ocrx_word' id='word_1_166' title='bbox 1647 1483 1696 1532; x_wconf 91' lang='grc' dir='ltr'>ἐν</span> <span class='ocrx_word' id='word_1_167' title='bbox 1740 1481 1931 1532; x_wconf 79' lang='grc' dir='ltr'>συνέσει</span> 
     </span>
     <span class='ocr_line' id='line_1_24' title="bbox 330 1561 1931 1632; baseline -0.001 -17"><span class='ocrx_word' id='word_1_168' title='bbox 330 1563 698 1628; x_wconf 78' lang='grc' dir='ltr'>πλεονεκτοῦνῆ</span> <span class='ocrx_word' id='word_1_169' title='bbox 735 1563 899 1630; x_wconf 82' lang='grc' dir='ltr'>ὥσπερ</span> <span class='ocrx_word' id='word_1_170' title='bbox 935 1562 992 1615; x_wconf 80' lang='grc' dir='ltr'>ἂν</span> <span class='ocrx_word' id='word_1_171' title='bbox 1027 1565 1124 1632; x_wconf 77' lang='grc' dir='ltr'>ἔχοι</span> <span class='ocrx_word' id='word_1_172' title='bbox 1157 1569 1251 1616; x_wconf 81' lang='grc' dir='ltr'>τῶν</span> <span class='ocrx_word' id='word_1_173' title='bbox 1281 1563 1626 1627; x_wconf 81' lang='grc' dir='ltr'>παιδευομένων</span> <span class='ocrx_word' id='word_1_174' title='bbox 1652 1565 1677 1614; x_wconf 84' lang='grc' dir='ltr'>ὁ</span> <span class='ocrx_word' id='word_1_175' title='bbox 1709 1569 1828 1625; x_wconf 83' lang='grc' dir='ltr'>νοῦς,</span> <span class='ocrx_word' id='word_1_176' title='bbox 1855 1561 1931 1613; x_wconf 79' lang='grc' dir='ltr'>ὅτε</span> 
     </span>
     <span class='ocr_line' id='line_1_25' title="bbox 333 1644 1931 1715; baseline 0 -19"><span class='ocrx_word' id='word_1_177' title='bbox 333 1648 408 1696; x_wconf 76' lang='grc' dir='ltr'>καὶ</span> <span class='ocrx_word' id='word_1_178' title='bbox 445 1649 506 1700; x_wconf 80' lang='grc' dir='ltr'>εἷς</span> <span class='ocrx_word' id='word_1_179' title='bbox 540 1645 595 1698; x_wconf 79' lang='grc' dir='ltr'>τὸ</span> <span class='ocrx_word' id='word_1_180' title='bbox 635 1648 817 1697; x_wconf 87' lang='grc' dir='ltr'>ἐκείνων</span> <span class='ocrx_word' id='word_1_181' title='bbox 849 1647 1021 1712; x_wconf 78' lang='grc' dir='ltr'>μέτρον</span> <span class='ocrx_word' id='word_1_182' title='bbox 1055 1646 1312 1715; x_wconf 76' lang='grc' dir='ltr'>καταλήξει</span> <span class='ocrx_word' id='word_1_183' title='bbox 1350 1646 1490 1709; x_wconf 87' lang='grc' dir='ltr'>μόλις</span> <span class='ocrx_word' id='word_1_184' title='bbox 1525 1648 1680 1700; x_wconf 78' lang='grc' dir='ltr'>αὐτοῖς</span> <span class='ocrx_word' id='word_1_185' title='bbox 1718 1646 1746 1710; x_wconf 85' lang='grc' dir='ltr'>ἡ</span> <span class='ocrx_word' id='word_1_186' title='bbox 1781 1644 1931 1700; x_wconf 72' lang='grc' dir='ltr'>εἰς’τὸ</span> 
     </span>
     <span class='ocr_line' id='line_1_26' title="bbox 333 1727 1932 1794; baseline 0 -17"><span class='ocrx_word' id='word_1_187' title='bbox 333 1727 488 1794; x_wconf 81' lang='grc' dir='ltr'>μεῖζον</span> <span class='ocrx_word' id='word_1_188' title='bbox 531 1728 756 1791; x_wconf 86' lang='grc' dir='ltr'>ἐπίδοσις,</span> <span class='ocrx_word' id='word_1_189' title='bbox 797 1728 917 1779; x_wconf 85' lang='grc' dir='ltr'>κατά</span> <span class='ocrx_word' id='word_1_190' title='bbox 962 1752 1015 1794; x_wconf 93' lang='grc' dir='ltr'>γε</span> <span class='ocrx_word' id='word_1_191' title='bbox 1062 1728 1116 1780; x_wconf 80' lang='grc' dir='ltr'>τὸ</span> <span class='ocrx_word' id='word_1_192' title='bbox 1159 1728 1249 1780; x_wconf 83' lang='grc' dir='ltr'>ὑπὸ</span> <span class='ocrx_word' id='word_1_193' title='bbox 1295 1735 1378 1780; x_wconf 89' lang='grc' dir='ltr'>τοῦ</span> <span class='ocrx_word' id='word_1_194' title='bbox 1425 1731 1645 1794; x_wconf 82' lang='grc' dir='ltr'>Σωτῆρος</span> <span class='ocrx_word' id='word_1_195' title='bbox 1692 1727 1932 1793; x_wconf 80' lang='grc' dir='ltr'>εἰρημένον</span> 
     </span>
     <span class='ocr_line' id='line_1_27' title="bbox 335 1809 1931 1877; baseline 0.001 -17"><span class='ocrx_word' id='word_1_196' title='bbox 335 1817 361 1838; x_wconf 85' lang='grc'><strong>“</strong></span> <span class='ocrx_word' id='word_1_197' title='bbox 389 1811 494 1861; x_wconf 80' lang='grc' dir='ltr'>Οὐκ</span> <span class='ocrx_word' id='word_1_198' title='bbox 533 1810 636 1860; x_wconf 75' lang='grc' dir='ltr'>ἔστι</span> <span class='ocrx_word' id='word_1_199' title='bbox 673 1809 886 1875; x_wconf 83' lang='grc' dir='ltr'>μαθητὴς</span> <span class='ocrx_word' id='word_1_200' title='bbox 927 1811 1041 1877; x_wconf 71' lang='grc' dir='ltr'>ὑπὲρ</span> <span class='ocrx_word' id='word_1_201' title='bbox 1075 1810 1159 1862; x_wconf 82' lang='grc' dir='ltr'>τὸν</span> <span class='ocrx_word' id='word_1_202' title='bbox 1193 1810 1525 1873; x_wconf 88' lang='grc' dir='ltr'>διδάσκαλον,”</span> <span class='ocrx_word' id='word_1_203' title='bbox 1555 1812 1636 1862; x_wconf 88' lang='grc' dir='ltr'>καί</span> <span class='ocrx_word' id='word_1_204' title='bbox 1659 1817 1685 1840; x_wconf 78' lang='grc'><strong>“</strong></span> <span class='ocrx_word' id='word_1_205' title='bbox 1705 1810 1931 1877; x_wconf 81' lang='grc' dir='ltr'>Ἀρκετὸν</span> 
     </span>
     <span class='ocr_line' id='line_1_28' title="bbox 295 1891 1680 1960; baseline 0.001 -18"><span class='ocrx_word' id='word_1_206' title='bbox 295 1908 317 1935; x_wconf 81' lang='lat'>0</span> <span class='ocrx_word' id='word_1_207' title='bbox 336 1898 363 1920; x_wconf 73' lang='lat'>‘⁶</span> <span class='ocrx_word' id='word_1_208' title='bbox 388 1895 455 1960; x_wconf 72' lang='grc' dir='ltr'>τῷ</span> <span class='ocrx_word' id='word_1_209' title='bbox 480 1896 668 1959; x_wconf 81' lang='grc' dir='ltr'>μαθητῇ</span> <span class='ocrx_word' id='word_1_210' title='bbox 695 1893 770 1943; x_wconf 82' lang='grc' dir='ltr'>ἵνα</span> <span class='ocrx_word' id='word_1_211' title='bbox 796 1891 985 1958; x_wconf 72' lang='grc' dir='ltr'>γε’νηται</span> <span class='ocrx_word' id='word_1_212' title='bbox 1012 1895 1074 1946; x_wconf 87' lang='grc' dir='ltr'>ὡς</span> <span class='ocrx_word' id='word_1_213' title='bbox 1100 1894 1124 1943; x_wconf 84' lang='grc' dir='ltr'>ὁ</span> <span class='ocrx_word' id='word_1_214' title='bbox 1152 1893 1443 1946; x_wconf 85' lang='grc' dir='ltr'>διδάσκαλος</span> <span class='ocrx_word' id='word_1_215' title='bbox 1470 1893 1612 1944; x_wconf 79' lang='grc' dir='ltr'>αὐτοῦ</span> <span class='ocrx_word' id='word_1_216' title='bbox 1637 1893 1680 1954; x_wconf 82' lang='grc'>;”</span> 
     </span>
     <span class='ocr_line' id='line_1_29' title="bbox 335 2023 1929 2082; baseline 0.002 -18"><span class='ocrx_word' id='word_1_217' title='bbox 335 2024 476 2067; x_wconf 83' lang='grc' dir='ltr'>Τοῦτό</span> <span class='ocrx_word' id='word_1_218' title='bbox 509 2025 597 2067; x_wconf 80' lang='grc' dir='ltr'>ἐστι</span> <span class='ocrx_word' id='word_1_219' title='bbox 632 2025 680 2067; x_wconf 84' lang='grc' dir='ltr'>τὸ</span> <span class='ocrx_word' id='word_1_220' title='bbox 716 2026 842 2082; x_wconf 58' lang='lat' dir='ltr'>{psov</span> <span class='ocrx_word' id='word_1_221' title='bbox 877 2028 950 2067; x_wconf 82' lang='grc' dir='ltr'>τοῦ</span> <span class='ocrx_word' id='word_1_222' title='bbox 983 2025 1109 2077; x_wconf 76' lang='grc' dir='ltr'>Θεοῦ,</span> <span class='ocrx_word' id='word_1_223' title='bbox 1135 2025 1204 2067; x_wconf 80' lang='grc' dir='ltr'>ἵνα</span> <span class='ocrx_word' id='word_1_224' title='bbox 1239 2027 1466 2067; x_wconf 80' lang='grc' dir='ltr'>ΠιοτεύΗτε</span> <span class='ocrx_word' id='word_1_225' title='bbox 1501 2023 1562 2066; x_wconf 70' lang='grc' dir='ltr'>εἰς</span> <span class='ocrx_word' id='word_1_226' title='bbox 1595 2026 1643 2068; x_wconf 86' lang='grc' dir='ltr'>ὃν</span> <span class='ocrx_word' id='word_1_227' title='bbox 1675 2026 1929 2068; x_wconf 72' lang='grc' dir='ltr'>ἀπέστειλεν</span> 
     </span>
    </p>
   </div>
   <div class='ocr_carea' id='block_1_9' title="bbox 1042 2107 1221 2152">
    <p class='ocr_par' dir='ltr' id='par_1_9' title="bbox 1042 2107 1221 2152">
     <span class='ocr_line' id='line_1_30' title="bbox 1042 2107 1221 2152; baseline 0.011 -3"><span class='ocrx_word' id='word_1_228' title='bbox 1042 2107 1221 2152; x_wconf 73' lang='grc' dir='ltr'>ἐκεῖνος.</span> 
     </span>
    </p>
   </div>
   <div class='ocr_carea' id='block_1_10' title="bbox 293 2198 1932 2679">
    <p class='ocr_par' dir='ltr' id='par_1_10' title="bbox 336 2198 1932 2595">
     <span class='ocr_line' id='line_1_31' title="bbox 412 2198 1931 2267; baseline 0.001 -18"><span class='ocrx_word' id='word_1_229' title='bbox 412 2199 792 2263; x_wconf 87' lang='grc' dir='ltr'>Πληκτικώτατα</span> <span class='ocrx_word' id='word_1_230' title='bbox 817 2198 966 2250; x_wconf 89' lang='grc' dir='ltr'>πάλιν</span> <span class='ocrx_word' id='word_1_231' title='bbox 993 2201 1017 2250; x_wconf 82' lang='grc' dir='ltr'>ὁ</span> <span class='ocrx_word' id='word_1_232' title='bbox 1047 2200 1235 2267; x_wconf 86' lang='grc' dir='ltr'>Κύριος,</span> <span class='ocrx_word' id='word_1_233' title='bbox 1263 2203 1300 2250; x_wconf 82' lang='grc' dir='ltr'>εἶ</span> <span class='ocrx_word' id='word_1_234' title='bbox 1336 2203 1411 2250; x_wconf 80' lang='grc' dir='ltr'>καὶ</span> <span class='ocrx_word' id='word_1_235' title='bbox 1447 2198 1720 2264; x_wconf 90' lang='grc' dir='ltr'>λεληθότως</span> <span class='ocrx_word' id='word_1_236' title='bbox 1755 2200 1820 2252; x_wconf 77' lang='grc' dir='ltr'>ε”τι</span> <span class='ocrx_word' id='word_1_237' title='bbox 1855 2203 1931 2252; x_wconf 80' lang='grc' dir='ltr'>καὶ</span> 
     </span>
     <span class='ocr_line' id='line_1_32' title="bbox 336 2282 1927 2352; baseline 0.002 -21"><span class='ocrx_word' id='word_1_238' title='bbox 336 2283 718 2344; x_wconf 74' lang='grc' dir='ltr'>ἐπεσκιασμένως</span> <span class='ocrx_word' id='word_1_239' title='bbox 780 2286 879 2335; x_wconf 83' lang='grc' dir='ltr'>ταῖς</span> <span class='ocrx_word' id='word_1_240' title='bbox 937 2286 1032 2332; x_wconf 79' lang='grc' dir='ltr'>τῶν</span> <span class='ocrx_word' id='word_1_241' title='bbox 1083 2283 1364 2348; x_wconf 80' lang='grc' dir='ltr'>ἐρωτώντων</span> <span class='ocrx_word' id='word_1_242' title='bbox 1414 2282 1653 2336; x_wconf 87' lang='grc' dir='ltr'>ἀπονοίαις</span> <span class='ocrx_word' id='word_1_243' title='bbox 1706 2284 1927 2352; x_wconf 76' lang='grc' dir='ltr'>ἐπιπηδᾷ·</span> 
     </span>
     <span class='ocr_line' id='line_1_33' title="bbox 337 2362 1926 2431; baseline 0.002 -18"><span class='ocrx_word' id='word_1_244' title='bbox 337 2362 548 2427; x_wconf 78' lang='grc' dir='ltr'>οἰήσεται</span> <span class='ocrx_word' id='word_1_245' title='bbox 584 2363 668 2425; x_wconf 75' lang='grc' dir='ltr'>μὲν</span> <span class='ocrx_word' id='word_1_246' title='bbox 695 2362 787 2430; x_wconf 88' lang='grc' dir='ltr'>γάρ</span> <span class='ocrx_word' id='word_1_247' title='bbox 823 2386 893 2417; x_wconf 90' lang='grc' dir='ltr'>τις</span> <span class='ocrx_word' id='word_1_248' title='bbox 929 2363 1047 2414; x_wconf 79' lang='grc' dir='ltr'>ὅσον</span> <span class='ocrx_word' id='word_1_249' title='bbox 1072 2364 1181 2428; x_wconf 74' lang='grc' dir='ltr'>ἧκεν</span> <span class='ocrx_word' id='word_1_250' title='bbox 1207 2368 1350 2415; x_wconf 75' lang='grc' dir='ltr'>εἰπεῖν</span> <span class='ocrx_word' id='word_1_251' title='bbox 1376 2368 1437 2417; x_wconf 77' lang='grc' dir='ltr'>εἷς</span> <span class='ocrx_word' id='word_1_252' title='bbox 1473 2364 1722 2428; x_wconf 85' lang='grc' dir='ltr'>ἁπλότητα</span> <span class='ocrx_word' id='word_1_253' title='bbox 1757 2364 1926 2431; x_wconf 87' lang='grc' dir='ltr'>λόγου,</span> 
     </span>
     <span class='ocr_line' id='line_1_34' title="bbox 336 2444 1931 2512; baseline 0.003 -17"><span class='ocrx_word' id='word_1_254' title='bbox 336 2444 480 2508; x_wconf 78' lang='grc' dir='ltr'>μηδὲν</span> <span class='ocrx_word' id='word_1_255' title='bbox 513 2446 670 2511; x_wconf 82' lang='grc' dir='ltr'>ἕτερον</span> <span class='ocrx_word' id='word_1_256' title='bbox 701 2446 858 2499; x_wconf 84' lang='grc' dir='ltr'>αὐτοῖς</span> <span class='ocrx_word' id='word_1_257' title='bbox 894 2445 1153 2496; x_wconf 83' lang='grc' dir='ltr'>ἐπιτάττειν</span> <span class='ocrx_word' id='word_1_258' title='bbox 1184 2445 1266 2496; x_wconf 84' lang='grc' dir='ltr'>τὸν</span> <span class='ocrx_word' id='word_1_259' title='bbox 1291 2447 1494 2510; x_wconf 85' lang='grc' dir='ltr'>Ἰησοῦν,</span> <span class='ocrx_word' id='word_1_260' title='bbox 1520 2445 1549 2511; x_wconf 81' lang='grc' dir='ltr'>ἢ</span> <span class='ocrx_word' id='word_1_261' title='bbox 1590 2445 1660 2497; x_wconf 79' lang='grc' dir='ltr'>ὅτι</span> <span class='ocrx_word' id='word_1_262' title='bbox 1697 2447 1931 2512; x_wconf 88' lang='grc' dir='ltr'>προσήκοι</span> 
     </span>
     <span class='ocr_line' id='line_1_35' title="bbox 337 2527 1932 2595; baseline 0.003 -17"><span class='ocrx_word' id='word_1_263' title='bbox 337 2527 577 2578; x_wconf 86' lang='grc' dir='ltr'>πιστεύειν</span> <span class='ocrx_word' id='word_1_264' title='bbox 620 2528 760 2595; x_wconf 75' lang='grc' dir='ltr'>αὐτῷ.</span> <span class='ocrx_word' id='word_1_265' title='bbox 836 2527 1263 2594; x_wconf 85' lang='grc' dir='ltr'>περισκεπτόμενος</span> <span class='ocrx_word' id='word_1_266' title='bbox 1314 2527 1363 2579; x_wconf 78' lang='grc' dir='ltr'>δὲ</span> <span class='ocrx_word' id='word_1_267' title='bbox 1414 2533 1508 2580; x_wconf 81' lang='grc' dir='ltr'>τῶν</span> <span class='ocrx_word' id='word_1_268' title='bbox 1553 2529 1806 2595; x_wconf 77' lang='grc' dir='ltr'>εἰρημένων</span> <span class='ocrx_word' id='word_1_269' title='bbox 1849 2529 1932 2582; x_wconf 82' lang='grc' dir='ltr'>τὸν</span> 
     </span>
    </p>

    <p class='ocr_par' dir='ltr' id='par_1_11' title="bbox 293 2608 1929 2679">
     <span class='ocr_line' id='line_1_36' title="bbox 293 2608 1929 2679; baseline 0.002 -19"><span class='ocrx_word' id='word_1_270' title='bbox 293 2621 319 2660; x_wconf 85' lang='lat' dir='ltr'>d</span> <span class='ocrx_word' id='word_1_271' title='bbox 339 2615 462 2671; x_wconf 87' lang='grc' dir='ltr'>νοῦν,</span> <span class='ocrx_word' id='word_1_272' title='bbox 489 2611 565 2659; x_wconf 80' lang='grc' dir='ltr'>καὶ</span> <span class='ocrx_word' id='word_1_273' title='bbox 591 2608 710 2675; x_wconf 80' lang='grc' dir='ltr'>πρὸς</span> <span class='ocrx_word' id='word_1_274' title='bbox 737 2608 893 2675; x_wconf 76' lang='grc' dir='ltr'>ἕτερόν</span> <span class='ocrx_word' id='word_1_275' title='bbox 919 2632 963 2660; x_wconf 93' lang='grc' dir='ltr'>τι</span> <span class='ocrx_word' id='word_1_276' title='bbox 989 2608 1278 2675; x_wconf 76' lang='grc' dir='ltr'>βαδίζουσαν</span> <span class='ocrx_word' id='word_1_277' title='bbox 1304 2609 1534 2677; x_wconf 90' lang='grc' dir='ltr'>θεωρήσει</span> <span class='ocrx_word' id='word_1_278' title='bbox 1559 2610 1644 2673; x_wconf 87' lang='grc' dir='ltr'>τὴν</span> <span class='ocrx_word' id='word_1_279' title='bbox 1670 2611 1929 2679; x_wconf 85' lang='grc' dir='ltr'>ἀναφοράν.</span> 
     </span>
    </p>
   </div>
   <div class='ocr_carea' id='block_1_11' title="bbox 1953 1012 2002 1038">
    <p class='ocr_par' dir='ltr' id='par_1_12' title="bbox 1953 1012 2002 1038">
     <span class='ocr_line' id='line_1_37' title="bbox 1953 1012 2002 1038; baseline 0 0"><span class='ocrx_word' id='word_1_280' title='bbox 1953 1012 2002 1038; x_wconf 91' lang='lat'>10</span> 
     </span>
    </p>
   </div>
   <div class='ocr_carea' id='block_1_12' title="bbox 1953 1839 2002 1864">
    <p class='ocr_par' dir='ltr' id='par_1_13' title="bbox 1953 1839 2002 1864">
     <span class='ocr_line' id='line_1_38' title="bbox 1953 1839 2002 1864; baseline 0 0"><span class='ocrx_word' id='word_1_281' title='bbox 1953 1839 2002 1864; x_wconf 89' lang='lat'>20</span> 
     </span>
    </p>
   </div>
   <div class='ocr_carea' id='block_1_13' title="bbox 1953 2302 2002 2340">
    <p class='ocr_par' dir='ltr' id='par_1_14' title="bbox 1953 2302 2002 2340">
     <span class='ocr_line' id='line_1_39' title="bbox 1953 2302 2002 2340; baseline 0 0"><span class='ocrx_word' id='word_1_282' title='bbox 1953 2302 2002 2340; x_wconf 87' lang='lat'>25</span> 
     </span>
    </p>
   </div>
   <div class='ocr_carea' id='block_1_14' title="bbox 340 2690 2002 2758">
    <p class='ocr_par' dir='ltr' id='par_1_15' title="bbox 340 2690 2002 2758">
     <span class='ocr_line' id='line_1_40' title="bbox 340 2690 2002 2758; baseline 0.001 -18"><span class='ocrx_word' id='word_1_283' title='bbox 340 2695 498 2744; x_wconf 82' lang='grc' dir='ltr'>καλῶς</span> <span class='ocrx_word' id='word_1_284' title='bbox 524 2690 616 2757; x_wconf 79' lang='grc' dir='ltr'>γὰρ</span> <span class='ocrx_word' id='word_1_285' title='bbox 644 2690 701 2755; x_wconf 87' lang='grc' dir='ltr'>δὴ</span> <span class='ocrx_word' id='word_1_286' title='bbox 726 2690 921 2758; x_wconf 87' lang='grc' dir='ltr'>σφόδρα</span> <span class='ocrx_word' id='word_1_287' title='bbox 946 2695 1108 2753; x_wconf 81' lang='grc' dir='ltr'>ποιῶν,</span> <span class='ocrx_word' id='word_1_288' title='bbox 1134 2696 1234 2744; x_wconf 85' lang='grc' dir='ltr'>ταῖς</span> <span class='ocrx_word' id='word_1_289' title='bbox 1269 2696 1364 2742; x_wconf 83' lang='grc' dir='ltr'>τῶν</span> <span class='ocrx_word' id='word_1_290' title='bbox 1390 2692 1671 2758; x_wconf 83' lang='grc' dir='ltr'>ἐρωτώντων</span> <span class='ocrx_word' id='word_1_291' title='bbox 1693 2693 1931 2748; x_wconf 81' lang='grc' dir='ltr'>ἀπονοιάις</span> <span class='ocrx_word' id='word_1_292' title='bbox 1951 2716 2002 2752; x_wconf 89' lang='lat'>30</span> 
     </span>
    </p>
   </div>
   <div class='ocr_carea' id='block_1_15' title="bbox 339 2807 1928 2950">
    <p class='ocr_par' dir='ltr' id='par_1_16' title="bbox 339 2807 1928 2950">
     <span class='ocr_line' id='line_1_41' title="bbox 385 2807 1928 2855; baseline 0.003 -14"><span class='ocrx_word' id='word_1_293' title='bbox 385 2807 417 2842; x_wconf 92' lang='lat'>6.</span> <span class='ocrx_word' id='word_1_294' title='bbox 443 2808 552 2842; x_wconf 83' lang='grc' dir='ltr'>πάντα</span> <span class='ocrx_word' id='word_1_295' title='bbox 569 2808 680 2852; x_wconf 79' lang='grc' dir='ltr'>φησὶν</span> <span class='ocrx_word' id='word_1_296' title='bbox 697 2809 837 2843; x_wconf 84' lang='lat' dir='ltr'><strong>inverso</strong></span> <span class='ocrx_word' id='word_1_297' title='bbox 854 2808 975 2843; x_wconf 83' lang='lat' dir='ltr'>ordine</span> <span class='ocrx_word' id='word_1_298' title='bbox 997 2808 1037 2843; x_wconf 85' lang='lat' dir='ltr'>B.</span> <span class='ocrx_word' id='word_1_299' title='bbox 1198 2820 1251 2842; x_wconf 87' lang='lat'>10.</span> <span class='ocrx_word' id='word_1_300' title='bbox 1277 2811 1439 2853; x_wconf 86' lang='grc' dir='ltr'>ποιοῦμεν</span> <span class='ocrx_word' id='word_1_301' title='bbox 1459 2809 1487 2843; x_wconf 90' lang='grc' dir='ltr'>Β</span> <span class='ocrx_word' id='word_1_302' title='bbox 1507 2817 1546 2844; x_wconf 89' lang='lat' dir='ltr'>ut</span> <span class='ocrx_word' id='word_1_303' title='bbox 1564 2821 1682 2854; x_wconf 84' lang='lat' dir='ltr'>supra.</span> <span class='ocrx_word' id='word_1_304' title='bbox 1703 2810 1736 2844; x_wconf 94' lang='lat' dir='ltr'>D</span> <span class='ocrx_word' id='word_1_305' title='bbox 1755 2822 1928 2855; x_wconf 86' lang='lat' dir='ltr'><strong>suprascr.</strong></span> 
     </span>
     <span class='ocr_line' id='line_1_42' title="bbox 339 2854 1928 2900; baseline 0.003 -13"><span class='ocrx_word' id='word_1_306' title='bbox 339 2858 486 2897; x_wconf 84' lang='grc' dir='ltr'>ποιῶμεν</span> <span class='ocrx_word' id='word_1_307' title='bbox 505 2855 551 2889; x_wconf 84' lang='lat' dir='ltr'>D.</span> <span class='ocrx_word' id='word_1_308' title='bbox 571 2854 638 2889; x_wconf 87' lang='lat' dir='ltr'>Ed.</span> <span class='ocrx_word' id='word_1_309' title='bbox 753 2867 805 2900; x_wconf 82' lang='lat'>13.</span> <span class='ocrx_word' id='word_1_310' title='bbox 833 2855 982 2899; x_wconf 82' lang='grc' dir='ltr'>μαθήσιν</span> <span class='ocrx_word' id='word_1_311' title='bbox 1004 2855 1044 2889; x_wconf 86' lang='grc' dir='ltr'>Β.</span> <span class='ocrx_word' id='word_1_312' title='bbox 1097 2855 1222 2889; x_wconf 83' lang='lat' dir='ltr'>Statim</span> <span class='ocrx_word' id='word_1_313' title='bbox 1243 2855 1396 2890; x_wconf 81' lang='grc' dir='ltr'>ἐνεστιᾶν</span> <span class='ocrx_word' id='word_1_314' title='bbox 1414 2856 1461 2891; x_wconf 86' lang='lat' dir='ltr'>D.</span> <span class='ocrx_word' id='word_1_315' title='bbox 1480 2857 1597 2892; x_wconf 85' lang='grc' dir='ltr'>ἑστιᾶν</span> <span class='ocrx_word' id='word_1_316' title='bbox 1616 2857 1658 2891; x_wconf 90' lang='grc' dir='ltr'>Β.</span> <span class='ocrx_word' id='word_1_317' title='bbox 1677 2857 1788 2891; x_wconf 74' lang='grc' dir='ltr'>ἔνεστι</span> <span class='ocrx_word' id='word_1_318' title='bbox 1805 2855 1845 2891; x_wconf 88' lang='grc' dir='ltr'>ἂν</span> <span class='ocrx_word' id='word_1_319' title='bbox 1862 2857 1928 2891; x_wconf 87' lang='lat' dir='ltr'>Ed.</span> 
     </span>
     <span class='ocr_line' id='line_1_43' title="bbox 341 2900 1927 2950; baseline 0.003 -16"><span class='ocrx_word' id='word_1_320' title='bbox 341 2912 395 2942; x_wconf 89' lang='lat'>14.</span> <span class='ocrx_word' id='word_1_321' title='bbox 420 2900 551 2935; x_wconf 74' lang='grc' dir='ltr'>οἴωνται</span> <span class='ocrx_word' id='word_1_322' title='bbox 572 2902 618 2935; x_wconf 92' lang='lat' dir='ltr'>D.</span> <span class='ocrx_word' id='word_1_323' title='bbox 638 2901 763 2935; x_wconf 76' lang='grc' dir='ltr'>οἴονται</span> <span class='ocrx_word' id='word_1_324' title='bbox 782 2902 849 2936; x_wconf 84' lang='lat' dir='ltr'>Ed.</span> <span class='ocrx_word' id='word_1_325' title='bbox 1083 2902 1135 2936; x_wconf 88' lang='lat'>16.</span> <span class='ocrx_word' id='word_1_326' title='bbox 1161 2903 1283 2937; x_wconf 84' lang='grc' dir='ltr'>πάντες</span> <span class='ocrx_word' id='word_1_327' title='bbox 1304 2903 1344 2936; x_wconf 86' lang='grc' dir='ltr'>Β.</span> <span class='ocrx_word' id='word_1_328' title='bbox 1561 2915 1616 2938; x_wconf 87' lang='lat'>21.</span> <span class='ocrx_word' id='word_1_329' title='bbox 1641 2903 1777 2950; x_wconf 75' lang='grc' dir='ltr'>γένηται</span> <span class='ocrx_word' id='word_1_330' title='bbox 1794 2915 1864 2938; x_wconf 87' lang='lat' dir='ltr'>om.</span> <span class='ocrx_word' id='word_1_331' title='bbox 1885 2903 1927 2938; x_wconf 90' lang='lat' dir='ltr'>B.</span> 
     </span>
    </p>
   </div>
   <div class='ocr_carea' id='block_1_16' title="bbox 338 2947 1438 2994">
    <p class='ocr_par' dir='ltr' id='par_1_17' title="bbox 338 2947 1438 2994">
     <span class='ocr_line' id='line_1_44' title="bbox 338 2947 1438 2994; baseline 0.002 -13"><span class='ocrx_word' id='word_1_332' title='bbox 338 2957 392 2981; x_wconf 83' lang='lat'>22.</span> <span class='ocrx_word' id='word_1_333' title='bbox 419 2947 600 2992; x_wconf 82' lang='grc' dir='ltr'>πιστεύητε</span> <span class='ocrx_word' id='word_1_334' title='bbox 621 2948 662 2982; x_wconf 85' lang='grc' dir='ltr'>Β.</span> <span class='ocrx_word' id='word_1_335' title='bbox 681 2948 888 2992; x_wconf 83' lang='grc' dir='ltr'>πιστεύσητε</span> <span class='ocrx_word' id='word_1_336' title='bbox 911 2949 976 2983; x_wconf 84' lang='lat' dir='ltr'>Ed.</span> <span class='ocrx_word' id='word_1_337' title='bbox 1125 2959 1179 2993; x_wconf 86' lang='lat'>²9·</span> <span class='ocrx_word' id='word_1_338' title='bbox 1205 2947 1308 2994; x_wconf 81' lang='grc' dir='ltr'>πρὸς]</span> <span class='ocrx_word' id='word_1_339' title='bbox 1331 2949 1376 2985; x_wconf 86' lang='grc' dir='ltr'>εἷς</span> <span class='ocrx_word' id='word_1_340' title='bbox 1398 2949 1438 2983; x_wconf 86' lang='grc' dir='ltr'>Β.</span> 
     </span>
    </p>
   </div>
  </div>
 </body>
</html>
