2084 3317
710 447 1166 495 ΚΕΦΑΛΑΙΑ
1752 457 1778 499 d

293 612 355 640 EN
395 612 468 642 ΤΩι
505 613 661 644 ΤΡΙΤΩι
701 614 883 644 ΒΙΒΛΙΩι
920 614 1261 644 ΠΛΑΤΥΤΕΡΟΝ
1301 613 1582 643 EIPHMENA.

145 786 182 810 α.
221 769 388 822 Ζήτησις
409 770 584 823 ἀκριβὴς,
608 772 711 813 διατί
726 772 778 824 μὴ
798 773 922 824 μόνον
942 773 1101 827 λύχνος,
1125 773 1229 813 ἀλλὰ
1258 773 1460 824 καιόμενος
1489 772 1550 813 καὶ
1578 772 1736 825 φαίνων

316 840 337 879 6
363 839 548 892 μακάριος
574 840 794 892 βαπτιστὴς
822 842 969 893 εἴρηται
996 843 1101 894 παρὰ
1127 844 1314 894 Χριστοῦ,
1336 840 1590 894 προκειμένου
1617 842 1734 893 ῥητοῦ

101 907 123 944 5
315 906 490 950 Ἐκεῖνος
509 908 558 959 ἣν
579 909 598 948 6
621 909 768 962 λύχνος
789 910 809 949 6
832 909 1047 959 καιόμενος.
1604 909 1726 963 [247]

141 1012 184 1057 β.
212 1005 304 1049 ’Ότι
334 1010 448 1050 εἰκών
478 1011 563 1051 ἐστι
594 1015 661 1052 τοῦ
692 1014 800 1053 Θεοῦ
831 1012 893 1053 καὶ
926 1011 1084 1063 Πατρὸς
1115 1012 1135 1051 6
1161 1011 1267 1061 Υἱὸς,
1294 1011 1337 1053 ἐν
1366 1009 1394 1067 ᾧ
1427 1010 1489 1051 καὶ
1519 1009 1615 1062 πρὸς
1634 1009 1733 1051 Ἰου-
1752 1023 1773 1050 e

315 1084 444 1127 δαίους
471 1084 649 1139 ἔλεγχος,
677 1086 727 1129 ὡς
753 1086 806 1137 μὴ
834 1089 1020 1128 νοοῦντας
1047 1087 1096 1126 τὰ
1123 1087 1186 1126 διὰ
1214 1084 1415 1127 Μωυσέως
1445 1086 1734 1137 αἰνιγματωδῶς

312 1160 469 1208 μᾶλλον
491 1159 684 1210 εἰρημένα,
706 1161 962 1212 προκειμένου
989 1161 1105 1213 ῥητοῦ
1133 1161 1239 1201 Οὔτε
1267 1159 1404 1213 φωνὴν
1432 1159 1550 1200 αὐτοῦ
1578 1159 1735 1199 πώποτε

315 1226 517 1278 ἀκηκόατε,
543 1228 604 1268 καὶ
626 1230 671 1269 τὰ
693 1230 791 1280 ἑξῆς.
1604 1227 1727 1281 [254]

75 1337 121 1362 10
142 1345 179 1380 γ.
210 1327 304 1369 ’Ότι
328 1332 396 1369 τοῦ
424 1332 604 1382 Σωτῆρος
633 1330 703 1381 τὴν
724 1329 860 1384 ἄφιξιν
882 1330 1092 1382 ἐσήμαινεν
1113 1332 1133 1371 6
1156 1332 1341 1382 Μωυσῆς,
1363 1328 1494 1382 λέγων
1516 1328 1735 1381 Προφήτην

312 1397 403 1448 ὑμῖν
424 1397 643 1449 ἀναστήσει
664 1399 806 1451 Κύριος
826 1400 846 1440 ὁ
869 1399 974 1442 Θεὸς
995 1401 1100 1451 ὑμῶν
1121 1400 1171 1442 ὡς
1192 1397 1269 1451 ἐμέ.
1603 1396 1725 1451 [265]

141 1503 174 1542 ὃ.
208 1498 304 1541 ’Ότι
325 1501 519 1544 πολλάκις
540 1503 580 1542 αἱ
601 1505 777 1554 Χριστοῦ
795 1501 1038 1554 μεταβάσεις
1063 1502 1139 1544 ἀπὸ
1165 1504 1233 1552 τῆς
1253 1500 1518 1554 Ἰερουσαλὴμ
1545 1500 1589 1541 τὸ
1616 1517 1732 1552 μετα·
1750 1519 1773 1544 a
1804 1509 1889 1544 246
1904 1510 1956 1545 A.

313 1568 554 1620 τεθήσεσθαι
580 1570 651 1621 τὴν
678 1570 794 1624 χάριν
823 1571 885 1612 ἐπὶ
915 1573 962 1612 τὰ
991 1570 1082 1622 ἔθνη
1111 1573 1311 1622 δηλοῦσιν,
1335 1570 1376 1610 ἐν
1396 1570 1521 1624 ταύτῷ
1551 1570 1593 1609 δὲ
1623 1568 1685 1609 καὶ
1713 1570 1733 1609 6

254 1658 257 1659 ⁷
312 1639 433 1690 λόγος
460 1641 548 1691 περὶ
570 1643 647 1680 τῶν
667 1638 783 1680 πέντε
811 1640 938 1691 ἄρτων
959 1643 1036 1680 τῶν
1058 1640 1238 1692 κριθίνων
1260 1639 1321 1679 καὶ
1346 1641 1421 1679 τῶν
1441 1638 1507 1679 δύο
1537 1638 1732 1690 ὀψαρίων,

74 1713 119 1750 15
311 1707 567 1758 προκειμένου
594 1709 712 1760 ῥητοῦ
735 1708 811 1748 Καὶ
838 1710 936 1759 μετὰ
962 1711 1085 1749 ταῦτα
1112 1709 1290 1759 ἀπῆλθεν
1311 1708 1331 1748 6
1351 1706 1503 1756 Ἰησοῦς
1525 1705 1646 1758 πέραν
1667 1708 1734 1756 τῆς

311 1774 517 1826 θαλάσσης
537 1778 603 1827 τῆς
625 1776 859 1828 τιβεριάδος.
1601 1774 1726 1830 [268]

139 1895 171 1919 ε.
206 1877 300 1919 “Ort
327 1879 525 1932 χαρακτὴρ
553 1882 619 1930 τῆς
645 1880 902 1923 ὑποστάσεως
929 1883 998 1921 τοῦ
1021 1883 1128 1922 Θεοῦ
1158 1880 1219 1921 καὶ
1240 1881 1397 1931 Πατρός
1422 1880 1532 1920 ἐστιν
1553 1880 1572 1920 6
1594 1882 1730 1920 Μονο-

309 1948 438 2000 γενὴς,
466 1949 528 1989 καὶ
559 1949 633 2003 οὐχ
665 1949 796 2002 ἕτερος
826 1948 915 2001 παρ’
948 1948 1067 1990 αὐτὸν
1096 1948 1120 2000 ἢ
1151 1949 1260 1990 ἔστιν
1287 1947 1310 2000 ἢ
1342 1952 1489 1990 νοεῖται
1518 1947 1728 2002 χαρακτὴρ,

308 2016 567 2068 προκειμένου
587 2019 704 2070 ῥητοῦ
726 2017 813 2058 ἐκΗν
836 2019 856 2058 6
883 2017 965 2061 υἱὸς
992 2021 1060 2058 τοῦ
1090 2018 1292 2069 ἀνθρώπου
1323 2018 1414 2068 ὑμῖν
1436 2016 1566 2066 δώσει,
1592 2016 1654 2056 καὶ
1682 2017 1730 2056 τὰ
1748 2017 1775 2057 b

69 2093 118 2119 20
310 2086 409 2136 ἑξῆς.
1599 2085 1722 2140 [300]

135 2204 171 2234 ς.
210 2187 310 2240 Περὶ
340 2190 408 2228 τοῦ
437 2187 581 2239 μάννα,
613 2189 672 2228 ὅτι
702 2189 819 2232 τύπος
848 2187 898 2239 ἦν
928 2190 995 2239 τῆς
1025 2191 1198 2241 Χριστοῦ
1228 2189 1447 2240 παρουσίας
1479 2188 1541 2229 καὶ
1573 2191 1651 2229 τῶν
1681 2187 1728 2228 δι’

309 2256 425 2297 αὐτοῦ
460 2256 716 2310 χαρισμάτων
747 2261 1032 2309 πνευματικῶν,
1065 2256 1318 2310 προκειμένου
1353 2257 1469 2309 ῥητοῦ
1500 2255 1625 2297 Εἶπεν
1660 2256 1730 2296 οῦν

309 2325 438 2367 αὐτοῖς
474 2327 494 2365 6
523 2324 680 2375 Ἰησοῦς
709 2324 837 2376 Ἀμὴν
867 2325 969 2377 ἀμὴν
1000 2325 1108 2378 λέγω
1144 2327 1246 2377 ὑμῖν,
1279 2325 1324 2366 οὗ
1357 2327 1530 2376 Μωυσῆς
1564 2324 1729 2364 δέδωκεν

307 2394 398 2444 ὑμῖν
427 2392 497 2434 τὸν
528 2393 647 2445 ἄρτον
678 2395 719 2434 ἐκ
750 2396 819 2434 τοῦ
849 2394 1028 2446 οὐρανοῦ.
1599 2392 1721 2447 [310]

186 2506 262 2541 Lib.
284 2506 352 2541 III.
373 2505 522 2541 Codices
542 2506 584 2541 B
590 2507 637 2541 D.
702 2506 868 2552 Capitum
886 2507 1042 2541 tabulam
1060 2519 1131 2542 om.
1154 2507 1197 2541 D.
1421 2517 1449 2540 ι.
1476 2503 1663 2550 κεφάλαια]
1688 2509 1726 2546 -Ι-

135 2553 177 2588 τὰ
195 2553 263 2588 Ed.
436 2564 468 2588 2.
494 2553 706 2598 πλατύτερον
723 2554 877 2597 εἷρημενα
895 2560 1119 2599 assumptum
1137 2566 1178 2588 ex
1199 2553 1241 2588 B.
1410 2562 1510 2610 ''eg—5.
1537 2551 1731 2595 Ζήτησιςτ-

136 2598 327 2645 καιόμενος]
355 2600 414 2636 Εἷς
438 2601 476 2635 τὸ
502 2600 627 2637 ἐκεῖνος
650 2600 690 2644 ἦν
715 2602 732 2633 6
758 2600 884 2646 λύχνος
910 2603 928 2635 6
955 2602 1129 2645 καιόμενος
1154 2601 1208 2634 καὶ
1232 2600 1373 2649 φαίνων,
1400 2598 1435 2633 ἐν
1459 2601 1485 2632 ὠ
1512 2599 1565 2632 καὶ
1592 2597 1730 2642 ζήτησις

134 2647 288 2691 ἀκριβὴς,
307 2647 361 2681 διὰ
383 2661 414 2681 τι
437 2649 482 2691 μὴ
504 2648 745 2692 μόνον-παρὰ
762 2650 915 2692 Χριστοῦ
934 2647 977 2681 Β.
1157 2646 1200 2681 6-
1202 2647 1235 2681 8.
1263 2647 1297 2680 ἐν
1313 2645 1545 2692 ᾠ-εἷρημένα
1562 2651 1642 2689 post
1661 2644 1726 2679 SS.

137 2693 337 2738 Scripturae
354 2700 489 2728 textum
507 2701 549 2727 tr.
572 2694 613 2728 Β.
740 2704 772 2740 7.
799 2697 953 2730 νοοῦντες
971 2695 1014 2729 Β.
1138 2694 1170 2728 8.
1196 2695 1330 2737 μᾶλλον
1348 2704 1417 2726 om.
1438 2692 1479 2726 B.
1545 2694 1622 2726 οὔτε
1639 2689 1728 2727 εἶδος

134 2741 237 2774 αὐτοῦ
254 2741 422 2784 ἑωράκατε
439 2743 515 2774 οὔτε
532 2741 649 2785 φωνὴν
665 2741 767 2775 αὐτοῦ
785 2741 947 2785 ἀκηκόατε
966 2741 1008 2775 Β.
1227 2751 1279 2775 10.
1304 2739 1364 2783 τὴν
1381 2744 1605 2783 assumptum
1622 2750 1662 2772 ex
1686 2738 1726 2772 B.

133 2787 338 2832 λέγων--ὧς
357 2787 416 2831 ἐμέ
433 2787 475 2821 Β.
494 2787 529 2821 ἐκ
546 2790 606 2821 τοῦ
624 2788 889 2832 Δευτερονομίου
906 2788 984 2832 περὶ
1001 2789 1154 2832 Χριστοῦ
1173 2786 1240 2821 Ed.
1368 2796 1421 2830 13.
1447 2786 1557 2832 ταύτῷ
1577 2785 1619 2819 Β.
1637 2785 1726 2831 αὐτῷ

136 2833 204 2868 Ed.
264 2834 391 2868 Statim
409 2834 449 2878 δὴ
468 2846 531 2879 pro
550 2834 586 2868 δὲ
605 2834 646 2868 Β.
729 2837 746 2868 6
764 2841 988 2879 assumptum
1005 2846 1046 2868 ex
1067 2834 1110 2868 B.
1297 2843 1350 2874 14.
1375 2835 1442 2866 τῶν
1459 2820 1653 2866 secundum
1672 2843 1728 2866 as-

135 2886 320 2925 sumptum
337 2893 379 2915 ex
400 2880 441 2915 Β.
515 2880 575 2915 δύο
594 2881 636 2916 Β.
656 2881 784 2915 δώδεκα
803 2881 870 2916 Ed.
1069 2891 1122 2925 19.
1150 2877 1331 2924 vlu—5359]
1354 2881 1474 2913 τοῦτον
1490 2879 1556 2924 γὰρ
1574 2880 1592 2912 6
1610 2878 1728 2922 Πατὴρ

135 2927 388 2973 ἐσφράγισεν(
372 2943 390 2961 ο
409 2928 493 2963 Θεός
512 2927 553 2961 Β.
665 2939 706 2963 22
746 2926 837 2963 εἶπεν
854 2927 913 2963 οῦν
929 2928 1042 2963 αὐτοῖς
1061 2929 1078 2961 ὁ
1094 2927 1228 2970 Ἰησοῦς
1243 2925 1350 2970 Ἀμὴν
1367 2937 1437 2961 om.
1459 2925 1500 2960 B.
1613 2936 1666 2968 24.
1694 2925 1730 2960 ἐκ

136 2976 195 3008 τοῦ
213 2975 356 3019 οὐρανοῦ
374 2986 443 3009 om.
466 2974 493 3008 Β

876 3042 993 3083 3Α2
