2084 3317
132 184 217 239 i.9‚
238 197 302 225 10.
385 181 459 222 IN
500 180 543 221 S.
577 178 915 220 JOANNEM.
976 177 1100 219 LIB.
1134 178 1169 218 I.
1231 178 1364 218 CAP.
1398 178 1477 219 IX.
1636 181 1716 220 117

143 313 322 354 Ἔννοιαι
342 311 428 363 ἤτοι
449 308 678 362 θεωρήματα
700 306 1052 361 συμπεπλεγμένου
1073 308 1135 348 καὶ
1157 306 1359 360 σχήματος
1381 311 1701 360 συλλογιστικοῦ.

204 431 248 458 α.
293 411 352 459 Εἰ
392 409 475 471 τῆς
516 410 612 457 τῶν
651 404 890 468 σωμάτων
930 406 1224 467 κατασκευῆς
1269 404 1296 468 ἡ
1341 408 1424 454 τοῦ
1468 401 1762 469 ἀνθρώπουὶ)

129 487 481 558 προῦφεστήκει
514 485 666 556 ψυχὴ,
698 486 1004 537 ἀποκλίνασα
1038 484 1088 537 δὲ
1122 483 1242 552 πρὸς
1275 483 1330 535 τὸ
1365 488 1568 553 φαῦλον,
1599 482 1718 534 κατὰ

130 571 212 624 τὰς
251 575 389 621 τινῶν
426 570 658 631 ὑπονοίας,
695 568 898 619 κόλασιν
935 567 1027 635 ε”χει
1065 573 1148 618 τοῦ
1186 564 1596 631 πλημμελήματος
1634 564 1720 629 τὴν

89 656 193 706 5εἱς
230 651 389 719 σάρκα
428 649 643 713 κάθοδον,
680 654 781 704 πῶς
825 648 926 700 εἶπέ
962 672 1042 713 μοι
1081 648 1372 719 φωτίζεσθαί
1403 653 1555 717 φησιν
1594 649 1716 717 ἐρχο-

129 733 266 804 μένην
310 731 454 797 αὑτὴν
501 738 559 788 εἰς
606 736 674 783 τον
723 730 886 799 κόσμον
931 731 956 781 ὁ
1008 729 1406 797 Εὑαγγελιστής,
1464 729 1574 794 τιμὴ
1624 728 1719 796 γὰρ

130 814 255 878 οἶμαι
282 814 335 866 τὸ
369 813 568 881 πρᾶγμά
602 815 705 864 ἐστι
740 814 815 863 καὶ
850 811 1161 880 χαρισμάτων
1186 811 1438 878 προσθήκη
1465 816 1716 877 λαμπρῶν·

130 896 371 963 κολάζεται
418 896 473 947 δέ
517 920 586 950 τις
634 896 687 947 οὑ
731 893 1002 958 τιμώμενος,
1048 892 1152 944 οὑδὲ
1204 898 1468 960 τιμωρεῖται
1520 894 1719 961 μέτοχος

131 979 265 1031 θείων
298 978 680 1040 ἀναδεικνύμενος
715 978 922 1042 ἀγαθῶν,
955 974 1088 1027 ἀλλὰ
1121 980 1217 1029 τοῖς
1252 975 1309 1044 ἐξ
1341 976 1484 1041 ὀργῆς
1518 978 1600 1039 τῆς
1635 981 1718 1026 τοῦ

64 1080 111 1104 10
130 1060 408 1127 κολάζοντος
440 1062 637 1124 ὁμιλῶν.
692 1057 848 1122 ἐπειδὴ
889 1057 936 1109 δὲ
976 1058 1059 1108 οὑκ
1097 1058 1145 1107 ἐν
1180 1056 1361 1111 τούτοις
1400 1057 1624 1125 ἐρχόμενος
1661 1062 1760 1112 εἱςο

129 1141 194 1194 τον
224 1145 385 1210 κόσμον
412 1142 436 1192 ὁ
470 1140 701 1208 ἅνθρωπος,
727 1142 836 1192 ἀλλ’
869 1142 918 1191 ἐκ
957 1143 1052 1191 τῶν
1085 1139 1306 1190 ἐναντίων
1336 1140 1410 1189 καὶ
1450 1138 1717 1207 φωτίζεται,

128 1223 371 1291 πρόδηλον
406 1223 556 1288 δήπου
595 1222 779 1285 λοιπὸν,
811 1222 973 1289 ὅτιπερ
1015 1222 1068 1272 οὑ
1109 1220 1314 1272 κόλασιν
1348 1220 1441 1288 ε”χει
1479 1218 1565 1285 τὴν
1599 1220 1720 1287 σάρ-

130 1330 278 1358 κωσιν
304 1307 328 1356 ὁ
354 1304 472 1370 μετὰ
498 1305 677 1371 σαρκὸς
703 1304 973 1369 τιμώμενος.

203 1395 254 1451 β.
298 1408 429 1437 AAAO.
471 1392 528 1438 Ei
564 1386 657 1454 πρὸ
692 1393 775 1438 τοῦ
809 1386 1033 1450 σώματος
1067 1385 1094 1450 ἡ
1131 1383 1267 1453 ψυχὴ
1303 1389 1410 1438 νοῦς
1445 1383 1502 1448 ἦν
1529 1383 1595 1434 ε”τι
1629 1406 1718 1434 κα-

64 1480 110 1518 Ι5
131 1469 273 1538 θαρός
323 1473 370 1521 ἐν
421 1469 727 1535 μακαριότητι
778 1471 1020 1532 διατελῶν,
1073 1467 1334 1520 ἀποκλίνας
1391 1466 1439 1517 δὲ
1498 1465 1617 1533 πρὸς
1669 1466 1721 1517 τὸ

131 1557 320 1621 φαῦλον
347 1553 511 1615 ὑπέβη,
539 1553 613 1602 καὶ
650 1551 726 1602 διὰ
760 1557 899 1602 τοῦτο
935 1552 982 1601 ἐν
1008 1551 1151 1616 σαρκὶ
1177 1549 1359 1615 γέγονε,
1388 1553 1489 1602 πῶς
1515 1549 1717 1615 εἰσερχο-

128 1659 254 1702 μενος
291 1640 348 1689 εἷς
382 1634 448 1685 τὶν
484 1635 645 1702 κόσμον
677 1634 955 1704 φωτίζεται,
1013 1630 1196 1697 ἀνάγκη
1232 1630 1326 1697 γὰρ
1362 1630 1518 1696 λέγειν
1552 1629 1724 1696 ἔρημον

130 1715 242 1768 εῖναι
269 1715 427 1785 φωτὸς
452 1718 564 1782 πρὶν
589 1717 743 1766 ἐλθεῖν
769 1712 925 1765 αὑτόν·
968 1718 1005 1764 εἷ
1040 1713 1088 1764 δὲ
1123 1719 1276 1774 τοῦτο,
1303 1717 1402 1767 πῶς
1436 1711 1494 1776 ἧν
1521 1711 1586 1762 ε”τι
1618 1716 1723 1763 νοῦς

130 1797 334 1864 καθαρὸς
369 1799 393 1848 ὁ
427 1796 531 1849 τότε
566 1795 706 1861 μόλις
739 1796 860 1863 ἔχων
892 1801 975 1846 τοῦ
1010 1794 1297 1863 φωτίζεσθαι
1331 1793 1416 1858 τὴν
1447 1790 1616 1861 ἀρχὴν,
1647 1792 1721 1843 ὅτε
1741 1801 1769 1842 d

63 1896 112 1921 20
130 1882 205 1930 καὶ
233 1886 292 1935 εἰς
320 1881 387 1930 τον
416 1880 579 1946 κόσμον
607 1878 805 1945 ἔρχεται,
834 1878 910 1927 καὶ
937 1878 990 1928 οὐ
1017 1877 1126 1944 δίχα
1152 1875 1366 1943 σαρκός;

203 1985 248 2028 γ.
288 1981 420 2011 ΑΛΛο,
462 1964 520 2012 Εἰ
546 1958 901 2029 προϋφεστήκει
926 1964 1010 2010 τοῦ
1036 1958 1261 2022 σώματος
1295 1958 1322 2022 ἡ
1355 1963 1438 2008 τοῦ
1473 1956 1724 2024 ἀνθρώπου

128 2043 279 2113 ψυχὴ,
311 2046 387 2095 καὶ
424 2049 529 2097 νοῦς
569 2044 778 2109 ὑπῆρχεν
809 2041 874 2092 ε”τι
914 2040 991 2091 διὰ
1027 2046 1167 2091 τοῦτο
1204 2039 1423 2106 καθαρὸς,
1448 2038 1725 2105 οἰκειότερον

129 2131 187 2194 τῇ
213 2131 307 2177 τῶν
334 2128 528 2191 ἀγαθῶν
553 2123 715 2192 ἐφέσει
741 2123 1097 2189 προσκείμενος,
1126 2124 1176 2173 ἐκ
1212 2124 1520 2189 παρατροπῆς
1560 2121 1607 2172 δὲ
1643 2124 1725 2185 τῆς

130 2211 203 2261 ἐπὶ
237 2207 291 2260 τὸ
328 2213 481 2276 χεῖρον
509 2210 571 2261 εἰς
605 2205 659 2257 τὸ
695 2208 865 2272 γεῶδες
899 2205 1131 2269 πέμπεται
1159 2209 1316 2268 σῶμα,
1344 2208 1418 2255 καὶ
1444 2202 1652 2270 γεγονὼς
1677 2205 1725 2253 ἐν

63 2304 110 2342 25
132 2292 255 2360 αὑτῷ
292 2289 346 2341 τὸ
380 2289 541 2355 μηκέτι
576 2288 842 2348 βούλεο-θαι
876 2291 1176 2352 πλημμελεῖν
1208 2289 1481 2349 ἀπαιτεῖται,
1506 2290 1605 2339 πῶς
1642 2286 1725 2335 οὑκ

131 2374 351 2424 ἀδικεῖται
376 2371 441 2436 μὴ
476 2370 582 2423 τότε
618 2370 835 2434 μάλιστα
867 2375 1006 2420 τοῦτο
1042 2374 1191 2420 ποιεῖν
1215 2368 1619 2435 ἐπιτετραμμένος,
1648 2366 1763 2417 ὅτεε

132 2454 188 2518 δὴ
228 2457 303 2505 καὶ
340 2459 532 2518 μᾶλλον
567 2455 774 2520 ὑπῆρχεν
811 2450 1100 2518 ἑτοιμότερος
1139 2455 1202 2504 εἷς
1239 2450 1422 2516 ἀρετὴν,
1459 2451 1589 2500 οὔπω
1628 2453 1725 2502 τοῖς

133 2535 225 2587 ἀπὸ
263 2542 346 2587 τοῦ
385 2536 610 2600 σώματος
648 2533 935 2597 ἐνδεδεμένος
973 2538 1145 2595 κακοῖς,
1182 2533 1291 2582 ἀλλ’
1332 2531 1408 2582 ὅτε
1446 2531 1641 2596 γέγονεν
1676 2531 1724 2580 ἐν

134 2618 341 2669 θολώσει
365 2621 447 2682 τῆς
475 2617 719 2685 ἁμαρτίας,
745 2614 850 2668 τότε
877 2621 1016 2667 τοῦτο
1041 2619 1190 2666 ποιεῖν
1216 2615 1298 2664 οὑκ
1325 2614 1545 2679 εὐκαίρως
1578 2614 1724 2678 ἀναγ-

186 2763 215 2785 1.
242 2750 418 2795 σχήματος
435 2757 514 2785 ante
531 2750 838 2796 συμπεπλεγμένου
855 2752 991 2794 transp.
1012 2749 1148 2793 Migne.
1292 2759 1325 2791 9.
1351 2748 1410 2790 τῆς
1427 2747 1485 2779 τοῦ
1504 2744 1723 2790 κολάζοντος]

136 2799 336 2840 κολάζοντος
353 2799 424 2832 ταῖς
441 2797 561 2832 τούτου
581 2798 622 2831 Β.
789 2808 841 2831 10.
868 2799 885 2830 ὁ
903 2797 1078 2839 ἅνθρωπος
1096 2796 1142 2830 εἷς
1159 2795 1218 2829 τὸν
1235 2795 1364 2837 κόσμον
1382 2794 1522 2827 inverso
1541 2792 1663 2826 ordine
1682 2792 1724 2826 B.

140 2856 152 2878 1
165 2856 193 2879 1.
221 2843 273 2878 καὶ
291 2850 512 2889 assumptum
530 2856 571 2877 ex
591 2844 633 2878 B.
767 2844 821 2878 16.
848 2843 883 2878 ἐν
901 2843 1002 2888 σαρκὶ
1020 2843 1075 2876 διὰ
1092 2844 1191 2875 τοῦτο
1208 2841 1347 2874 inverso
1365 2839 1487 2873 ordine
1507 2839 1548 2872 Β.
1613 2839 1726 2882 εἰσερ-

134 2893 279 2937 χόμενος
298 2891 338 2924 Β.
358 2891 542 2935 ἐρχόμενος
559 2890 626 2924 Ed.
993 2900 1047 2923 21.
1072 2891 1132 2922 τοῦ
1150 2888 1327 2933 ἀνθρώπου
1345 2886 1363 2930 ἡ
1382 2887 1521 2920 inverso
1540 2885 1661 2919 ordine
1682 2885 1724 2920 B.

138 2949 193 2972 22.
219 2938 443 2982 καθαρότερος
462 2937 504 2971 Β.
690 2937 744 2971 26.
771 2936 815 2981 μὴ
833 2935 927 2981 τότε]
947 2935 1076 2980 μήποτε
1096 2935 1139 2968 Β.
1323 2934 1378 2968 28.
1405 2932 1616 2977 ἐνδεδεμένος
1635 2932 1724 2967 Β.Ε.

135 2989 159 3003 “
173 2985 335 3030 alligata'’
355 2984 528 3029 Georgius
545 2983 813 3029 Trapezuntius.
831 2984 1047 3027 ἐνδεδυμενος
1066 2982 1112 3016 D.
1133 2980 1200 3015 Ed.
