2084 3317
339 152 422 193 328
745 154 794 195 B.
829 154 1103 195 CYRILLI
1145 154 1523 195 ALEXANDR.
1804 169 1842 195 v.
1865 167 1930 196 20.

344 264 419 312 καὶ
458 262 589 313 οὐδὲν
621 263 827 330 ε”χουσαν
853 264 1120 315 ἐπιδεικνύει
1153 262 1207 315 τὸ
1240 265 1312 332 ἐφ’
1342 261 1470 333 ᾧπερ
1501 262 1559 314 ἂν
1590 260 1775 316 εἰκότως
1808 264 1930 328 ἀγα·

345 343 576 409 νακτήσαι
603 344 724 399 Θεὸς
751 347 776 396 ὁ
804 351 886 396 τοῦ
913 345 1057 408 νόμου
1085 345 1274 411 Κύριος.

611 499 685 541 Καὶ
722 501 862 543 Πάντα
901 500 1110 543 δείκνυσιν
1149 501 1266 555 αὐτῷ
1303 503 1328 542 ἃ
1367 501 1496 544 αὐτὸς
1534 499 1660 543 Ποιεῖ.

418 608 712 673 Ἀναγκαίως
751 611 827 659 καὶ
865 614 1012 660 ταῦτα
1050 614 1146 664 τοῖς
1183 615 1519 673 προλαβοῦσιν
1544 608 1721 675 ἐπάγει,
1749 613 1822 660 καὶ
1860 609 1936 660 διὰ

303 716 324 742 c
343 690 482 740 ποίαν
513 691 677 752 αἰτίαν,
704 691 792 756 ε’ρῶ
826 691 882 754 δὴ
907 691 1071 742 πάλιν.
1125 692 1321 758 πατέρες
1356 691 1441 754 μὲν
1471 690 1564 758 γὰρ
1599 694 1640 741 οἱ
1674 693 1782 758 παρ’
1811 692 1934 755 ἡμῖν,
1954 707 1976 745 5

344 777 568 838 φυσικαῖς
604 771 708 823 ἔσθ’
738 773 814 823 ὅτε
849 775 1213 842 φιλοστοργίαις
1247 773 1516 838 ἡττώμενοι,
1546 775 1623 824 καὶ
1660 774 1936 825 λυπούντων

343 855 589 920 ἀνέχονται
626 859 720 905 τῶν
761 858 883 919 υἱῶν,
928 858 1002 907 καὶ
1047 861 1141 910 τοῖς
1182 855 1312 922 παρὰ
1356 855 1551 921 γνώμην
1589 857 1936 923 ἐπιχειροῦντας

344 936 578 1001 ὁρῶντ[ε]ς
618 937 948 1006 ἀνεξικακοῦσι
987 937 1237 993 πολλάκις.
1290 937 1452 1004 δριμὺς
1487 937 1580 1004 γάρ
1615 961 1684 991 τις
1723 939 1877 991 αὐτοῖς
1911 939 1936 989 ὁ

343 1018 448 1083 περὶ
498 1021 667 1072 παῖδας
718 1019 967 1089 ἐνῴκισται
1008 1020 1169 1083 πόθος,
1210 1025 1376 1071 πᾶσαν
1422 1021 1688 1072 ἀναπείθων
1732 1019 1818 1084 τὴν
1863 1020 1933 1071 ἐπ’

343 1101 530 1154 ἐκείνοις
565 1102 888 1170 μικροψυχίαν
925 1107 1238 1154 πλεονεκτεῖν.
1294 1102 1405 1152 ἀλλ’
1444 1103 1531 1170 οὐχ
1569 1104 1729 1164 οὕτως,
1769 1104 1935 1172 φησὶν,
1959 1123 2006 1148 10

343 1184 509 1251 ἀγαπᾷ
554 1180 635 1233 τὸν
675 1182 793 1234 Υὶὸν
833 1186 858 1235 ὁ
902 1183 1024 1238 Θεὸς
1069 1187 1145 1235 καὶ
1191 1183 1376 1250 Πατήρ·
1420 1185 1473 1234 οὐ
1519 1183 1711 1235 δύναται
1755 1184 1848 1250 γάρ
1892 1207 1936 1234 τι

341 1269 501 1327 ποιεῖν,
547 1263 572 1315 ὃ
615 1265 681 1330 μὴ
726 1264 932 1335 πέφυκεν
971 1265 1249 1333 ἐργάζεσθαι
1295 1268 1370 1316 καὶ
1415 1267 1567 1319 αὐτός·
1621 1267 1683 1320 ὡς
1730 1266 1778 1317 δὲ
1823 1267 1936 1330 μίαν

342 1347 463 1414 ἔχων
511 1346 630 1414 πρὸς
681 1347 823 1399 αὑτὸν
874 1346 959 1411 τὴν
1009 1349 1189 1411 οὐσίαν,
1244 1352 1463 1416 φυσικοῖς
1504 1371 1645 1411 τισιν,
1689 1348 1744 1399 ἵν’
1789 1350 1936 1401 οὕτως

297 1438 323 1478 d
343 1428 556 1493 εἴπωμεν,
603 1429 762 1494 νόμοις
801 1429 920 1496 πρὸς
963 1429 1338 1497 ἀπαράλλακτον
1383 1435 1592 1481 καλεῖται
1640 1430 1841 1494 θέλησίν
1885 1453 1934 1481 τε

342 1514 418 1562 καὶ
470 1512 681 1576 δύναμιν.
736 1512 868 1564 οὐδὲν
914 1513 995 1564 οὖν
1041 1513 1146 1579 ἄρα,
1193 1515 1330 1581 φησὶ,
1376 1512 1507 1579 παρὰ
1549 1511 1603 1564 τὸ
1645 1517 1712 1582 τῷ
1756 1512 1936 1564 τεκόντι
1959 1531 2004 1568 15

342 1598 508 1645 δοκοῦν
547 1593 575 1660 ὴ
616 1596 798 1662 πρέπον
840 1596 865 1646 ὁ
903 1594 1018 1649 Υἱὸς
1061 1594 1314 1662 ἐργάζεται,
1355 1594 1459 1646 οὐδὲ
1499 1597 1582 1658 τῆς
1621 1600 1703 1646 τοῦ
1745 1592 1937 1660 Πατρὸς

343 1676 532 1741 ἀγάπης
570 1678 1034 1744 καταπερπερεύεται,
1068 1677 1343 1746 φιλόκαινός
1383 1700 1452 1731 τις
1492 1675 1715 1745 ὑπάρχων
1752 1678 1800 1727 ἐν
1840 1681 1937 1731 τοῖς

345 1759 498 1824 ε”ργοις
547 1763 623 1810 καὶ
673 1760 867 1828 ἐξήνιος,
914 1760 1024 1810 ἀλλ’
1079 1758 1233 1826 ὦνπερ
1284 1758 1397 1810 ὄντα
1447 1757 1673 1810 θεάσαιτο
1723 1758 1936 1824 ποιητὴν,

347 1844 408 1895 ὡς
435 1843 482 1891 ἐν
506 1841 697 1895 ἐννοίαις
729 1841 777 1893 δὲ
809 1840 970 1905 πάλιν,
997 1848 1144 1893 ταῦτα
1179 1842 1235 1906 δὴ
1261 1840 1450 1895 πάντως
1484 1844 1689 1893 ἐπιτελεῖ
1721 1845 1780 1908 τῇ
1818 1864 1931 1892 ταυ-

346 1922 506 1988 τότητι
549 1927 633 1987 τῆς
677 1924 840 1977 οὐσίας
884 1928 946 1977 εὶς
990 1923 1045 1975 τὸ
1090 1927 1309 1989 μηδαμοῦ
1353 1925 1690 1990 παρεκπίπτειν
1732 1924 1786 1975 τὸ
1828 1927 1937 1993 Θεῷ
1959 1945 2008 1971 20

347 2006 528 2073 πρέπον
555 2006 957 2073 διακρατούμενος.
1012 2009 1189 2073 τροπῆς
1215 2006 1309 2072 γὰρ
1335 2009 1418 2069 τῆς
1444 2007 1522 2057 ε’πί
1551 2029 1595 2056 τι
1630 2009 1705 2057 καὶ
1732 2007 1938 2058 ἀλλοιώ-

171 2093 224 2124 Ps.
245 2093 283 2123 vi.

170 2139 208 2167 23
350 2111 471 2142 σεως
498 2089 692 2155 ἀμοιρεῖ·
732 2088 855 2152 με’νει
895 2089 943 2139 δὲ
970 2096 996 2118 “
1016 2090 1041 2140 ὁ
1081 2088 1252 2142 αὐτὸς”
1281 2088 1608 2150 ἀδιαλείπτως,
1638 2090 1700 2142 ὡς
1735 2089 1760 2139 ὁ
1796 2092 1933 2156 ψαλ-

310 2170 505 2242 ομῳδός
548 2194 641 2222 που
687 2171 827 2239 φησί.
899 2168 1062 2222 ἒικνύει
1101 2170 1149 2222 δὲ
1192 2170 1341 2222 πάλιν
1380 2172 1404 2221 ὁ
1445 2169 1615 2236 Πατὴρ
1659 2173 1725 2239 τῷ
1765 2175 1866 2239 Υὶῲ
1906 2169 1941 2222 οἳ

351 2254 483 2309 aar&
514 2256 643 2316 ποιεῖ,
671 2254 724 2304 οὐ
751 2251 962 2319 καθάπερ
989 2255 1037 2304 ἐν
1062 2253 1221 2304 πίνακι
1247 2253 1628 2319 διαγεγραμμένα
1653 2256 1938 2319 παρατιθεὶς,

350 2335 378 2401 ἢ
415 2338 478 2390 ὡς
513 2337 772 2403 ἀγνοοῦντα
806 2333 1060 2386 διδάσκων·
1102 2335 1259 2387 πάντα
1289 2334 1380 2401 γὰρ
1408 2332 1528 2385 οἶδεν
1554 2337 1616 2389 ὡς
1644 2334 1781 2389 &⁶69-
1824 2336 1936 2386 ἀλλ’
1961 2352 2008 2390 25

349 2419 466 2471 ὅλον
491 2418 656 2470 ἑαυτὸν
689 2419 737 2469 ἐν
773 2421 830 2486 τῇ
863 2423 945 2469 τοῦ
983 2416 1272 2484 γεννήματος
1299 2416 1443 2486 φύσει
1470 2417 1748 2486 ζωγραφῶν,
1780 2416 1940 2468 καὶτὰ

351 2501 476 2556 ἰδίως
515 2502 640 2571 αὐτῷ
683 2498 1062 2570 προσπεφυκότα
1109 2498 1328 2551 δεικνύων
1366 2501 1415 2551 ἐν
1453 2500 1619 2569 ἑαυτῷ,
1660 2500 1735 2550 ἵνα
1777 2499 1834 2569 ἐξ
1874 2497 1941 2551 ὧν

399 2666 433 2696 4.
460 2654 500 2687 τὰ
517 2665 581 2700 pro
598 2655 703 2688 ταῦτα
722 2653 764 2688 Β.
946 2663 979 2699 5.
1004 2653 1065 2697 μὲν
1081 2664 1151 2687 om.
1174 2652 1214 2687 B.
1407 2661 1438 2698 7.
1465 2651 1717 2698 ἐπιχειροῦντας
1736 2651 1778 2687 Β.
1798 2650 1943 2698 [ἐπιχει-

422 2710 471 2726 ντῦ.

351 2711 595 2779 ροῦσινςΟοᾶ.]
616 2735 863 2780 ἐπιχειροῦντες
877 2733 944 2768 Ed.
995 2732 1119 2768 Statim
1138 2734 1280 2778 ὁρῶντες
1297 2734 1442 2768 correxi.
1461 2734 1608 2777 ὁρῶντας
1622 2731 1688 2766 Ed.
1798 2743 1851 2766 12.
1877 2733 1943 2777 γὰρ

354 2793 418 2826 pro
435 2782 471 2815 δὲ
491 2780 600 2815 Cord.
793 2793 846 2827 13.
871 2779 911 2816 ἵν’
929 2792 1000 2815 om.
1021 2780 1062 2815 B.
1257 2791 1310 2822 14.
1335 2779 1484 2824 εἴποιμεν
1503 2779 1609 2815 Cord.
1629 2778 1773 2823 εἴπωμεν
1789 2779 1893 2814 habet
1911 2790 1942 2813 a.

358 2827 410 2861 16.
438 2827 456 2871 ἢ
475 2839 544 2861 om.
567 2827 608 2862 B.
627 2828 747 2863 δοκοῦν
764 2828 782 2872 ἦ
802 2840 872 2863 om.
892 2827 986 2862 Catt.
1157 2836 1209 2872 17.
1237 2828 1436 2872 φιλόκαινός
1453 2827 1546 2861 edidi
1563 2838 1604 2860 ex
1623 2827 1713 2871 conj.
1735 2825 1863 2871 Heyse.
1882 2825 1943 2870 (cf.

353 2876 594 2918 κιιινοτομῆσαι
612 2886 718 2919 supra
737 2886 799 2909 221
816 2876 862 2918 c.)
879 2874 1060 2920 φιλόκενός
1076 2873 1167 2908 Β.Ι).
1184 2875 1386 2919 φιλότεκνός
1401 2873 1466 2908 Ed.
1485 2874 1544 2920 qui
1560 2874 1768 2918 φιλότεχνός
1784 2872 1942 2918 conjecit.

353 2922 389 2954 ἐν
406 2922 517 2966 ἔργοις
529 2921 708 2965 (omittens
725 2924 811 2966 τοῖς)
825 2928 905 2967 post
922 2920 1052 2965 ἐξὴνιος
1068 2928 1110 2955 tr.
1132 2920 1174 2955 B.
1462 2932 1515 2965 19.
1539 2921 1671 2956 πάντως
1690 2920 1731 2954 Β.
1747 2920 1856 2954 πάντα
1874 2917 1942 2954 Ed.

355 2978 411 3013 23.
437 2966 587 3003 δείκνυσι
604 2980 634 3003 a.
699 2968 717 3002 ὃ
737 2969 843 3004 Cord.
862 2969 882 3003 ἃ
899 2968 1050 3003 habeta.
1148 2977 1202 3013 27.
1229 2968 1316 3014 αὐτῷ
1336 2980 1398 3014 pro
1417 2967 1452 3002 ἐν
1469 2969 1574 3013 ἑαυτῷ
1595 2967 1637 3002 Β.
1701 2965 1741 3002 ἵν’
1761 2966 1807 3000 D.
