2084 3317
152 161 279 206 V.37,
297 152 365 207 38.
405 153 478 193 IN
520 154 562 194 S.
596 154 930 195 JOANNEM.
994 155 1118 197 LIB.
1153 157 1239 197 III.
1303 159 1436 200 CAP.
1469 161 1529 202 II.
1658 163 1743 204 379

148 264 252 321 μοῖς
304 261 477 327 ὁρατὴν
521 260 636 313 εἶναι
684 263 917 315 δύνασθαι
961 263 1047 329 τὴν
1092 266 1218 316 θείαν
1262 266 1412 336 ᾤοντο
1457 268 1621 337 φύσιν,
1667 272 1741 320 καὶ

148 342 286 408 φωνῇ
320 348 570 412 σωματικῇ
608 348 869 412 κεχρῆσθαι
903 347 1317 399 πεπιστεύκεισαν.
1374 349 1445 400 ὅτι
1480 350 1528 401 δὲ
1560 352 1742 416 ἀληθὴς

146 422 216 472 ἐπ’
246 424 401 478 αὐτοῖς
427 430 510 476 τοῦ
538 429 760 492 Σωτῆρος
786 428 810 478 ὁ
838 427 982 494 λόγος
1008 427 1079 493 ῆν,
1106 431 1182 480 καὶ
1210 430 1300 482 οὔτε
1327 434 1476 499 φωνῆς
1506 435 1746 493 ἀκηκόασί

144 525 261 555 ποτε
297 511 381 556 τοῦ
407 510 533 558 Θεοῦ
570 511 645 559 καὶ
673 507 879 576 Πατρὸς,
908 511 1012 562 οὔτε
1047 510 1141 576 μὴν
1167 511 1278 581 ὄψει
1315 517 1372 580 τῇ
1407 513 1482 565 διὰ
1517 513 1742 578 σώματος

103 600 126 639 5
146 586 360 638 τεθέαταί
389 610 459 643 τις
494 587 548 641 τὸ
587 587 696 646 εἶδος
733 595 877 655 αὐτοῦ,
903 593 1120 644 τουτέστι
1157 593 1239 645 τὸν
1267 594 1429 659 ὅμοιον
1459 597 1585 667 αὐτῷ
1622 597 1741 649 κατὰ

145 665 302 719 πάντα
329 669 506 735 Λόγον,
533 675 703 740 χρῆναι
736 672 886 725 πάλιν
920 675 1145 744 ἐπιδεῖξαι
1186 681 1359 745 σαφῶς
1399 677 1739 741 ὑπολαμβάνω,

145 748 204 799 τὰ
229 750 277 800 ἐν
301 755 360 819 τῇ
395 751 543 823 ἐξόδῳ
577 755 882 820 γεγραμμένα
912 758 1184 822 παραθέντα
1214 757 1333 824 πρὸς
1370 760 1559 826 ἐρευνάν
1584 784 1633 811 τε
1663 764 1738 812 καὶ

143 830 362 890 βάσανον
387 834 718 900 πνευματικήν.
757 837 850 904 ἔχει
876 837 924 888 δὲ
950 840 1092 893 οὕτως
1123 846 1149 868 “
1169 843 1263 891 Καὶ
1290 841 1491 910 ἐξήγαγε
1519 846 1737 907 Μωυσῆς

145 920 172 942 “
197 912 280 964 τὸν
305 913 426 965 λαὸν
451 919 514 969 εἷς
539 916 625 980 τὴν
644 916 940 983 συνάντησιν
964 926 1048 971 τοῦ
1076 924 1202 972 Θεοῦ
1228 923 1276 972 ἐκ
1304 926 1387 986 τῆς
1411 928 1736 989 παρεμβολῆς,

76 1017 123 1041 10
143 1001 171 1023 “
198 997 274 1046 καὶ
295 996 610 1062 παρέστησαν
638 998 728 1050 ὑπὸ
753 999 807 1051 τὸ
835 1000 942 1066 ὅρος
968 1000 1023 1053 τὸ
1051 1006 1183 1054 Σινᾶ.
1239 1004 1293 1055 τὸ
1326 1005 1375 1055 δὲ
1405 1005 1512 1072 ὅρος
1539 1005 1593 1057 τὸ
1621 1011 1739 1058 Σινᾶ

141 1083 170 1106 “
194 1078 460 1146 ἐκαπνῖζετο
488 1079 604 1131 ὅλον
630 1081 705 1132 διὰ
738 1081 792 1133 τὸ
829 1084 1202 1149 καταβεβηκέναι
1235 1086 1317 1138 τὸν
1345 1086 1469 1139 Θεὸν
1496 1090 1566 1140 ἐπ’
1595 1090 1738 1141 αὐτοῦ

142 1165 169 1188 “
195 1161 244 1210 ἐν
276 1162 401 1228 πυρὶ,
430 1164 506 1213 καὶ
541 1163 784 1224 ἀνέβαινεν
822 1166 847 1216 ὁ
884 1165 1059 1221 καπνὸς
1093 1169 1156 1222 ὡς
1189 1168 1367 1224 καπνὸς
1403 1172 1614 1235 καμίνου·
1663 1174 1738 1223 καὶ

142 1249 169 1271 “
196 1241 367 1311 ἐξέστη
405 1249 499 1299 πᾶς
537 1245 562 1296 ὃ
603 1244 720 1300 λαὸς
758 1247 970 1317 σφόδρα.
1040 1250 1249 1316 ἐγίνοντο
1289 1251 1337 1303 δὲ
1377 1255 1423 1303 αὶ
1464 1256 1618 1322 φωναὶ
1656 1258 1739 1320 τῆς

142 1330 170 1352 “
196 1322 475 1391 σάλπιγγος
511 1329 860 1393 προβαίνουσαι
894 1333 1085 1398 ἰσχυραὶ
1122 1333 1335 1402 σφόδρα·
1380 1338 1596 1400 Μωυσῆς
1624 1336 1735 1388 ἐλά-

75 1412 169 1457 15⁶6
197 1415 284 1470 λει,
312 1408 337 1458 ὁ
365 1408 414 1459 δὲ
441 1409 562 1464 Θεὸς
587 1412 869 1476 ἀπεκρίνατο
895 1414 1022 1483 αὐτῷ
1053 1414 1237 1483 φωνῇ.”
1289 1414 1377 1467 ὦδε
1407 1417 1492 1481 μὲν
1520 1419 1602 1470 οὖν
1629 1419 1738 1483 ἡμῖν

139 1487 193 1538 τὸ
231 1494 316 1540 τοῦ
353 1490 612 1561 πανσόφου
644 1494 894 1548 Μωυσέως
930 1494 1096 1561 λόγιον
1133 1497 1243 1565 ἔχει·
1292 1500 1385 1550 δεῖν
1417 1499 1464 1550 δὲ
1500 1499 1626 1563 οἶμαι
1661 1504 1737 1552 καὶ

139 1575 222 1620 νῦν
250 1575 313 1625 εἷς
345 1571 656 1639 γελοιοτάτην
682 1578 1136 1633 κατολισθαίνοντας
1171 1582 1276 1646 περὶ
1304 1585 1428 1633 Θεοῦ
1460 1581 1606 1652 δόξαν
1631 1583 1738 1638 τοὺς

137 1651 392 1708 Ἰουδαίους
431 1656 658 1724 ἐλέγχειν,
699 1661 775 1709 καὶ
814 1659 928 1710 αὐτὸ
967 1665 1220 1713 τεθεᾶσθαι
1256 1662 1310 1714 τὸ
1350 1661 1459 1720 εἶδος
1497 1665 1737 1730 οἰηθέντας

139 1736 282 1795 αὐτοῦ,
308 1738 384 1788 καὶ
411 1738 614 1789 ἀκοῦσαι
641 1742 724 1804 τῆς
750 1739 896 1795 ὅντως
923 1742 1120 1806 ἐνούσης
1147 1748 1205 1812 τῇ
1232 1746 1331 1814 θείᾳ
1359 1746 1502 1813 φύσει
1530 1751 1694 1816 φωνῆς.

1759 456 1779 482 Θ

1801 840 1904 890 Exod.

1799 895 1866 916 lux.
1888 893 1948 925 17-

1803 937 1851 968 19.

1758 1108 1779 1132 a
1810 1100 1895 1135 257
1910 1100 1961 1133 A.

70 1841 119 1865 20
203 1814 328 1882 ”Αγε
365 1818 422 1883 δὴ
458 1820 615 1871 τοίνυν
649 1825 707 1890 τῇ
747 1828 830 1873 τοῦ
868 1827 1091 1892 Σωτῆρος
1129 1827 1496 1893 ἐπιθαρσοῦντες
1535 1831 1737 1900 χορηγίᾳ
1753 1840 1779 1881 b

136 1901 212 1950 καὶ
237 1898 408 1967 χάριτι,
435 1901 521 1966 τὴν
547 1909 630 1954 τοῦ
667 1910 860 1967 νομικοῦ
894 1906 1146 1974 παχύτητα
1181 1908 1459 1976 γράμματος
1494 1917 1556 1966 εἷς
1592 1936 1734 1965 πνευ-

134 1981 337 2047 ματικὴν
372 1985 571 2050 θεωρίαν
605 1986 1024 2052 ἀπολεπτύνωμεν·
1087 1991 1210 2041 οὕτω
1248 1991 1342 2059 γὰρ
1380 1993 1599 2056 μάλιστα
1638 2002 1732 2063 φα-

135 2067 279 2115 νεῖται
316 2068 392 2116 καὶ
429 2066 605 2131 ἀληθὲς
640 2067 694 2119 τὸ
729 2068 849 2135 πρὸς
876 2072 1168 2137 Φαρισαίους
1203 2075 1442 2139 εἰρημένον
1467 2080 1573 2142 περὶ
1610 2082 1735 2130 Θεοῦ

134 2146 250 2198 Οὔτε
277 2146 415 2215 φωνῆν
443 2151 574 2200 αὑτοῦ
600 2150 786 2202 πώποτε
811 2154 1042 2213 ἀκηκόατε
1070 2153 1161 2206 οὔτε
1189 2152 1299 2211 εἶδος
1327 2160 1456 2209 αὑτοῦ
1489 2160 1730 2229 ἑωράκατε.

67 2245 115 2284 25
135 2227 189 2279 τὸ
219 2228 305 2293 μὲν
332 2230 414 2280 οῦν
441 2230 516 2281 διὰ
545 2232 793 2286 Μωυσέως
826 2233 1086 2303 ἐξάγεσθαι
1117 2235 1201 2288 τὸν
1226 2238 1346 2289 λαὸν
1373 2244 1433 2293 εὶς
1466 2240 1734 2307 ἀπάντησιν

133 2315 218 2361 τοῦ
256 2315 393 2374 Θεοῦ,
433 2311 556 2364 καθὰ
594 2313 873 2381 γέγραπται,
910 2323 1110 2381 σημεῖον
1148 2319 1206 2370 ἂν
1239 2320 1423 2387 γε’νοιτο
1463 2323 1618 2391 σαφὲς
1656 2326 1732 2375 καὶ

136 2390 283 2458 λόγος
322 2394 385 2447 ὡς
422 2395 471 2445 ἐν
507 2396 759 2460 αἰνίγματι,
792 2404 876 2449 τοῦ
913 2397 979 2463 μὴ
1020 2400 1260 2454 δύνασθαί
1293 2426 1422 2458 τινας
1461 2406 1732 2471 ἀπαιδαγω-

134 2472 292 2539 γήτως
319 2498 368 2525 τε
397 2477 470 2526 καὶ
498 2478 822 2542 ἀνεπιστήτως
849 2480 964 2532 ἱέναι
991 2481 1110 2548 πρὸς
1138 2483 1277 2548 Θεὸν,
1307 2485 1434 2556 νόμῳ
1462 2486 1510 2537 δὲ
1540 2492 1732 2550 μᾶλλον

132 2558 595 2627 χειραγωγουμένους
621 2563 684 2614 εἰς
710 2561 968 2628 ἐπίγνωσιν
988 2562 1053 2615 ὧν
1074 2565 1267 2632 ζητοῦσι
1291 2572 1469 2630 μαθεῖν.
1516 2573 1731 2634 Μωυσῆς

180 2744 214 2778 3.
241 2732 290 2767 ἐπ’
310 2733 423 2770 αὐτοῖς
441 2735 539 2779 prius
557 2737 741 2781 omissum,
761 2739 886 2774 deinde
905 2743 1045 2787 supplet
1067 2743 1094 2777 Β
1114 2755 1185 2789 mg.
1205 2744 1248 2778 ad
1267 2744 1306 2788 ἧν
1325 2746 1366 2780 Β.
1509 2761 1542 2789 4.
1569 2748 1650 2794 μὴν]
1669 2751 1730 2793 μὲν

133 2779 270 2825 Migne.
461 2792 495 2825 5.
522 2783 560 2816 τὸ
579 2794 648 2818 om.
669 2785 805 2829 Migne.
1011 2801 1044 2834 9.
1072 2791 1132 2834 τὴν
1149 2803 1220 2825 om.
1240 2791 1282 2825 B.
1302 2793 1430 2826 retinui
1448 2805 1489 2827 ex
1509 2794 1575 2828 Ed.
1595 2797 1729 2839 (Alex.)

136 2837 190 2871 13.
216 2828 254 2861 τὸ
273 2839 336 2871 pro
355 2827 390 2861 δέ
410 2827 504 2862 Aub.
618 2842 670 2873 14.
698 2832 856 2879 ἰσχυραὶ]
877 2833 982 2869 habet
1000 2836 1221 2882 ἷσχυρότεραι
1238 2838 1329 2872 infra
1348 2840 1414 2884 258
1429 2840 1451 2874 b
1467 2852 1496 2876 C.
1560 2842 1727 2889 Μωυσῆς]

135 2875 173 2913 -Ι-
195 2873 232 2907 δέ
252 2874 293 2907 Β,
315 2873 377 2918 (Χ.
400 2875 452 2908 18.
472 2884 529 2920 59.
549 2876 622 2919 84.)
698 2878 822 2914 Statim
843 2882 1016 2925 ἐλάλησεν
1037 2883 1076 2917 Β.
1098 2884 1211 2928 (Vat.)
1438 2897 1491 2931 15.
1517 2886 1577 2922 οῦν
1594 2901 1664 2923 om.
1685 2890 1728 2925 B.

136 2919 189 2953 16.
217 2922 325 2965 λόγον
346 2920 385 2955 Β.
639 2935 691 2966 10.
717 2925 849 2971 φωνῆς]
876 2932 911 2967 -†-
934 2929 964 2962 εἷ
981 2929 1016 2962 δέ
1035 2930 1074 2973 δὴ
1093 2931 1217 2974 πρέποι
1236 2932 1287 2965 καὶ
1307 2933 1424 2978 φωνὴν
1441 2934 1529 2971 ὅλως
1547 2936 1582 2970 ἐν
1600 2935 1729 2973 τούτοις

133 2967 238 3002 εἰπεῖν
257 2967 299 3002 Β.
447 2978 501 3012 29.
531 2970 698 3015 Μωυσῆς]
717 2973 879 3015 μωυσέως
901 2974 941 3008 B.

875 3042 894 3080 ς
919 3042 940 3068 (J
966 3043 985 3069 2
