<?xml version="1.0" encoding="UTF-8"?>
<!DOCTYPE html PUBLIC "-//W3C//DTD XHTML 1.0 Transitional//EN"
    "http://www.w3.org/TR/xhtml1/DTD/xhtml1-transitional.dtd">
<html xmlns="http://www.w3.org/1999/xhtml" xml:lang="en" lang="en">
 <head>
  <title>
</title>
<meta http-equiv="Content-Type" content="text/html;charset=utf-8" />
  <meta name='ocr-system' content='tesseract 3.04.00' />
  <meta name='ocr-capabilities' content='ocr_page ocr_carea ocr_par ocr_line ocrx_word'/>
</head>
<body>
  <div class='ocr_page' id='page_1' title='image "./operacyrilli03cyriuoft/operacyrilli03cyriuoft_0634.png"; bbox 0 0 2084 3317; ppageno 0'>
   <div class='ocr_carea' id='block_1_1' title="bbox 363 144 1946 193">
    <p class='ocr_par' dir='ltr' id='par_1_1' title="bbox 363 144 1946 193">
     <span class='ocr_line' id='line_1_1' title="bbox 363 144 1946 193; baseline -0.002 -7"><span class='ocrx_word' id='word_1_1' title='bbox 363 148 446 186; x_wconf 59' lang='lat'>548</span> <span class='ocrx_word' id='word_1_2' title='bbox 765 145 815 187; x_wconf 92' lang='lat' dir='ltr'>B.</span> <span class='ocrx_word' id='word_1_3' title='bbox 849 146 1123 188; x_wconf 90' lang='lat' dir='ltr'>CYRILLI</span> <span class='ocrx_word' id='word_1_4' title='bbox 1163 145 1545 187; x_wconf 85' lang='lat' dir='ltr'>ALEXANDR.</span> <span class='ocrx_word' id='word_1_5' title='bbox 1717 145 1773 186; x_wconf 84' lang='lat' dir='ltr'>vi.</span> <span class='ocrx_word' id='word_1_6' title='bbox 1792 144 1946 193; x_wconf 86' lang='lat'><strong>60,61.</strong></span> 
     </span>
    </p>
   </div>
   <div class='ocr_carea' id='block_1_2' title="bbox 324 252 1993 972">
    <p class='ocr_par' dir='ltr' id='par_1_2' title="bbox 324 252 1993 972">
     <span class='ocr_line' id='line_1_2' title="bbox 361 252 1947 320; baseline -0.003 -14"><span class='ocrx_word' id='word_1_7' title='bbox 361 276 449 320; x_wconf 88' lang='grc' dir='ltr'>περ</span> <span class='ocrx_word' id='word_1_8' title='bbox 488 254 545 305; x_wconf 76' lang='grc' dir='ltr'>ἄν</span> <span class='ocrx_word' id='word_1_9' title='bbox 575 277 644 308; x_wconf 88' lang='grc' dir='ltr'>τις</span> <span class='ocrx_word' id='word_1_10' title='bbox 683 254 998 319; x_wconf 73' lang='grc' dir='ltr'>ὑπομένοντας</span> <span class='ocrx_word' id='word_1_11' title='bbox 1036 254 1208 315; x_wconf 81' lang='grc' dir='ltr'>βλέποι</span> <span class='ocrx_word' id='word_1_12' title='bbox 1246 253 1353 307; x_wconf 77' lang='grc' dir='ltr'>τοὺς</span> <span class='ocrx_word' id='word_1_13' title='bbox 1390 259 1485 305; x_wconf 83' lang='grc' dir='ltr'>τῶν</span> <span class='ocrx_word' id='word_1_14' title='bbox 1520 252 1726 305; x_wconf 85' lang='grc' dir='ltr'>ὀδόντων</span> <span class='ocrx_word' id='word_1_15' title='bbox 1755 254 1947 317; x_wconf 87' lang='grc' dir='ltr'>ἐστερη-</span> 
     </span>
     <span class='ocr_line' id='line_1_3' title="bbox 324 334 1948 403; baseline -0.004 -15"><span class='ocrx_word' id='word_1_16' title='bbox 324 335 539 398; x_wconf 74' lang='grc' dir='ltr'>ομένους.</span> <span class='ocrx_word' id='word_1_17' title='bbox 612 337 774 386; x_wconf 84' lang='grc' dir='ltr'>ἐκεῖνοι</span> <span class='ocrx_word' id='word_1_18' title='bbox 818 336 903 400; x_wconf 82' lang='grc' dir='ltr'>μὲν</span> <span class='ocrx_word' id='word_1_19' title='bbox 942 335 1036 401; x_wconf 80' lang='grc' dir='ltr'>γὰρ</span> <span class='ocrx_word' id='word_1_20' title='bbox 1081 340 1177 390; x_wconf 81' lang='grc' dir='ltr'>τοῖς</span> <span class='ocrx_word' id='word_1_21' title='bbox 1221 334 1586 403; x_wconf 79' lang='grc' dir='ltr'>τρυφερωτέροις</span> <span class='ocrx_word' id='word_1_22' title='bbox 1629 334 1948 401; x_wconf 80' lang='grc' dir='ltr'>ἐπιτρέχοντες</span> 
     </span>
     <span class='ocr_line' id='line_1_4' title="bbox 361 413 1943 484; baseline -0.002 -17"><span class='ocrx_word' id='word_1_23' title='bbox 361 418 541 480; x_wconf 80' lang='grc' dir='ltr'>σιτίοις,</span> <span class='ocrx_word' id='word_1_24' title='bbox 569 417 846 482; x_wconf 74' lang='grc' dir='ltr'>ἀτιμάζουσι</span> <span class='ocrx_word' id='word_1_25' title='bbox 879 416 1114 471; x_wconf 80' lang='grc' dir='ltr'>πολλάκις</span> <span class='ocrx_word' id='word_1_26' title='bbox 1148 416 1207 467; x_wconf 78' lang='grc' dir='ltr'>τὰ</span> <span class='ocrx_word' id='word_1_27' title='bbox 1242 421 1337 467; x_wconf 82' lang='grc' dir='ltr'>τῶν</span> <span class='ocrx_word' id='word_1_28' title='bbox 1361 417 1599 480; x_wconf 84' lang='grc' dir='ltr'>ἐδωδίμων</span> <span class='ocrx_word' id='word_1_29' title='bbox 1624 413 1943 484; x_wconf 86' lang='grc' dir='ltr'>χρηστότερα,</span> 
     </span>
     <span class='ocr_line' id='line_1_5' title="bbox 360 495 1949 565; baseline -0.002 -17"><span class='ocrx_word' id='word_1_30' title='bbox 360 500 436 548; x_wconf 81' lang='grc' dir='ltr'>καὶ</span> <span class='ocrx_word' id='word_1_31' title='bbox 469 498 522 549; x_wconf 83' lang='grc' dir='ltr'>τὸ</span> <span class='ocrx_word' id='word_1_32' title='bbox 554 504 763 564; x_wconf 82' lang='grc' dir='ltr'>κρεῖττον</span> <span class='ocrx_word' id='word_1_33' title='bbox 791 499 896 549; x_wconf 75' lang='grc' dir='ltr'>ἔσθ’</span> <span class='ocrx_word' id='word_1_34' title='bbox 927 498 1004 549; x_wconf 81' lang='grc' dir='ltr'>ὅτε</span> <span class='ocrx_word' id='word_1_35' title='bbox 1039 499 1338 561; x_wconf 84' lang='grc' dir='ltr'>κακύνουσιν,</span> <span class='ocrx_word' id='word_1_36' title='bbox 1365 499 1452 565; x_wconf 82' lang='grc' dir='ltr'>οὐχ</span> <span class='ocrx_word' id='word_1_37' title='bbox 1486 499 1829 564; x_wconf 81' lang='grc' dir='ltr'>ὁμολογοῦντες</span> <span class='ocrx_word' id='word_1_38' title='bbox 1862 495 1949 560; x_wconf 86' lang='grc' dir='ltr'>τὴν</span> 
     </span>
     <span class='ocr_line' id='line_1_6' title="bbox 360 578 1993 648; baseline 0.001 -18"><span class='ocrx_word' id='word_1_39' title='bbox 360 579 521 643; x_wconf 83' lang='grc' dir='ltr'>νόσον,</span> <span class='ocrx_word' id='word_1_40' title='bbox 561 582 638 648; x_wconf 87' lang='grc' dir='ltr'>ὑφ’</span> <span class='ocrx_word' id='word_1_41' title='bbox 675 580 730 644; x_wconf 79' lang='grc' dir='ltr'>ἧς</span> <span class='ocrx_word' id='word_1_42' title='bbox 770 578 884 631; x_wconf 81' lang='grc' dir='ltr'>αὐτὸ</span> <span class='ocrx_word' id='word_1_43' title='bbox 921 584 1256 645; x_wconf 82' lang='grc' dir='ltr'>παραιτεῖσθαι</span> <span class='ocrx_word' id='word_1_44' title='bbox 1293 579 1547 646; x_wconf 73' lang='grc' dir='ltr'>βιάζονται.</span> <span class='ocrx_word' id='word_1_45' title='bbox 1603 583 1646 630; x_wconf 81' lang='grc' dir='ltr'>οἱ</span> <span class='ocrx_word' id='word_1_46' title='bbox 1684 579 1733 631; x_wconf 80' lang='grc' dir='ltr'>δὲ</span> <span class='ocrx_word' id='word_1_47' title='bbox 1771 578 1993 645; x_wconf 74' lang='grc' dir='ltr'>ἀμαθίᾳὸ</span> 
     </span>
     <span class='ocr_line' id='line_1_7' title="bbox 359 659 1950 730; baseline -0.001 -20"><span class='ocrx_word' id='word_1_48' title='bbox 359 660 637 730; x_wconf 87' lang='grc' dir='ltr'>σύντροφοι,</span> <span class='ocrx_word' id='word_1_49' title='bbox 661 664 737 711; x_wconf 82' lang='grc' dir='ltr'>καὶ</span> <span class='ocrx_word' id='word_1_50' title='bbox 764 659 934 729; x_wconf 79' lang='grc' dir='ltr'>φρενὸς</span> <span class='ocrx_word' id='word_1_51' title='bbox 959 663 1041 724; x_wconf 87' lang='grc' dir='ltr'>τῆς</span> <span class='ocrx_word' id='word_1_52' title='bbox 1070 662 1252 726; x_wconf 83' lang='grc' dir='ltr'>ἀγαθῆς</span> <span class='ocrx_word' id='word_1_53' title='bbox 1277 661 1547 725; x_wconf 80' lang='grc' dir='ltr'>ἡττώμενοι,</span> <span class='ocrx_word' id='word_1_54' title='bbox 1573 661 1950 729; x_wconf 87' lang='grc' dir='ltr'>καταφρίττουσι</span> 
     </span>
     <span class='ocr_line' id='line_1_8' title="bbox 359 740 1950 811; baseline -0.001 -19"><span class='ocrx_word' id='word_1_55' title='bbox 359 742 445 806; x_wconf 81' lang='grc' dir='ltr'>τὴν</span> <span class='ocrx_word' id='word_1_56' title='bbox 491 746 689 807; x_wconf 79' lang='grc' dir='ltr'>γνῶσιν,</span> <span class='ocrx_word' id='word_1_57' title='bbox 735 740 794 805; x_wconf 82' lang='grc' dir='ltr'>ἢν</span> <span class='ocrx_word' id='word_1_58' title='bbox 838 741 927 792; x_wconf 74' lang='grc' dir='ltr'>ε”δει</span> <span class='ocrx_word' id='word_1_59' title='bbox 971 743 1048 792; x_wconf 77' lang='grc' dir='ltr'>καὶ</span> <span class='ocrx_word' id='word_1_60' title='bbox 1099 741 1295 811; x_wconf 88' lang='grc' dir='ltr'>σφόδρα</span> <span class='ocrx_word' id='word_1_61' title='bbox 1339 746 1542 796; x_wconf 82' lang='grc' dir='ltr'>πολλοῖς</span> <span class='ocrx_word' id='word_1_62' title='bbox 1589 744 1950 808; x_wconf 84' lang='grc' dir='ltr'>καταθηρᾶσθαι</span> 
     </span>
     <span class='ocr_line' id='line_1_9' title="bbox 359 820 1951 892; baseline -0.001 -18"><span class='ocrx_word' id='word_1_63' title='bbox 359 823 533 886; x_wconf 84' lang='grc' dir='ltr'>πόνοις,</span> <span class='ocrx_word' id='word_1_64' title='bbox 573 826 649 874; x_wconf 80' lang='grc' dir='ltr'>καὶ</span> <span class='ocrx_word' id='word_1_65' title='bbox 688 823 763 874; x_wconf 78' lang='grc' dir='ltr'>διὰ</span> <span class='ocrx_word' id='word_1_66' title='bbox 801 823 1035 874; x_wconf 86' lang='grc' dir='ltr'>συντόνου</span> <span class='ocrx_word' id='word_1_67' title='bbox 1073 828 1264 887; x_wconf 84' lang='grc' dir='ltr'>μᾶλλον</span> <span class='ocrx_word' id='word_1_68' title='bbox 1304 822 1514 892; x_wconf 78' lang='grc' dir='ltr'>ἐξανύειν</span> <span class='ocrx_word' id='word_1_69' title='bbox 1551 825 1780 887; x_wconf 84' lang='grc' dir='ltr'>σπουδῆς.</span> <span class='ocrx_word' id='word_1_70' title='bbox 1831 820 1951 888; x_wconf 88' lang='grc' dir='ltr'>ἀνὴρ</span> 
     </span>
     <span class='ocr_line' id='line_1_10' title="bbox 358 903 1951 972; baseline -0.001 -17"><span class='ocrx_word' id='word_1_71' title='bbox 358 903 444 967; x_wconf 74' lang='grc' dir='ltr'>μὲν</span> <span class='ocrx_word' id='word_1_72' title='bbox 469 906 551 956; x_wconf 76' lang='grc' dir='ltr'>οὖν</span> <span class='ocrx_word' id='word_1_73' title='bbox 586 907 610 956; x_wconf 84' lang='grc' dir='ltr'>ὁ</span> <span class='ocrx_word' id='word_1_74' title='bbox 644 905 956 969; x_wconf 82' lang='grc' dir='ltr'>πνευματικὸς</span> <span class='ocrx_word' id='word_1_75' title='bbox 990 910 1086 959; x_wconf 78' lang='grc' dir='ltr'>τοῖς</span> <span class='ocrx_word' id='word_1_76' title='bbox 1120 911 1202 956; x_wconf 85' lang='grc' dir='ltr'>τοῦ</span> <span class='ocrx_word' id='word_1_77' title='bbox 1238 908 1459 971; x_wconf 82' lang='grc' dir='ltr'>Σωτῆρος</span> <span class='ocrx_word' id='word_1_78' title='bbox 1496 905 1631 968; x_wconf 81' lang='grc' dir='ltr'>ἡμῶν</span> <span class='ocrx_word' id='word_1_79' title='bbox 1665 903 1951 972; x_wconf 83' lang='grc' dir='ltr'>ἐντρυφήσει</span> 
     </span>
    </p>
   </div>
   <div class='ocr_carea' id='block_1_3' title="bbox 134 982 2021 2614">
    <p class='ocr_par' dir='ltr' id='par_1_3' title="bbox 134 982 2021 1789">
     <span class='ocr_line' id='line_1_11' title="bbox 135 982 2021 1056; baseline -0.001 -19"><span class='ocrx_word' id='word_1_80' title='bbox 135 982 245 1056; x_wconf 37' lang='lat' dir='ltr'>{35ss-</span> <span class='ocrx_word' id='word_1_81' title='bbox 359 985 534 1052; x_wconf 83' lang='grc' dir='ltr'>λόγοις,</span> <span class='ocrx_word' id='word_1_82' title='bbox 568 987 829 1051; x_wconf 88' lang='grc' dir='ltr'>ἀναβοήσει</span> <span class='ocrx_word' id='word_1_83' title='bbox 868 986 916 1038; x_wconf 79' lang='grc' dir='ltr'>δὲ</span> <span class='ocrx_word' id='word_1_84' title='bbox 956 986 1014 1038; x_wconf 80' lang='grc' dir='ltr'>ἂν</span> <span class='ocrx_word' id='word_1_85' title='bbox 1052 992 1245 1051; x_wconf 83' lang='grc' dir='ltr'>μᾶλλον</span> <span class='ocrx_word' id='word_1_86' title='bbox 1277 990 1351 1038; x_wconf 78' lang='grc' dir='ltr'>καὶ</span> <span class='ocrx_word' id='word_1_87' title='bbox 1391 988 1577 1041; x_wconf 84' lang='grc' dir='ltr'>δικαίως</span> <span class='ocrx_word' id='word_1_88' title='bbox 1604 988 1733 1040; x_wconf 54' lang='grc' dir='ltr'>((Ὠς</span> <span class='ocrx_word' id='word_1_89' title='bbox 1771 986 1951 1052; x_wconf 73' lang='grc' dir='ltr'>γλυκέα</span> <span class='ocrx_word' id='word_1_90' title='bbox 1974 1006 2021 1032; x_wconf 94' lang='lat'>10</span> 
     </span>
     <span class='ocr_line' id='line_1_12' title="bbox 135 1068 1950 1152; baseline 0 -34"><span class='ocrx_word' id='word_1_91' title='bbox 135 1077 220 1152; x_wconf 40' lang='lat'>{32³4</span> <span class='ocrx_word' id='word_1_92' title='bbox 233 1116 272 1149; x_wconf 75' lang='lat' dir='ltr'>A</span> <span class='ocrx_word' id='word_1_93' title='bbox 319 1075 387 1149; x_wconf 48' lang='grc' dir='ltr'>ἃς(</span> <span class='ocrx_word' id='word_1_94' title='bbox 412 1072 478 1138; x_wconf 71' lang='grc' dir='ltr'>τῷ</span> <span class='ocrx_word' id='word_1_95' title='bbox 513 1068 726 1135; x_wconf 86' lang='grc' dir='ltr'>λάρυγγί</span> <span class='ocrx_word' id='word_1_96' title='bbox 758 1092 849 1132; x_wconf 92' lang='grc' dir='ltr'>μου</span> <span class='ocrx_word' id='word_1_97' title='bbox 884 1068 944 1120; x_wconf 78' lang='grc' dir='ltr'>τὰ</span> <span class='ocrx_word' id='word_1_98' title='bbox 978 1069 1123 1135; x_wconf 84' lang='grc' dir='ltr'>λόγιά</span> <span class='ocrx_word' id='word_1_99' title='bbox 1156 1088 1266 1120; x_wconf 93' lang='grc' dir='ltr'>σου·</span> <span class='ocrx_word' id='word_1_100' title='bbox 1309 1068 1423 1135; x_wconf 77' lang='grc' dir='ltr'>ὑπὲρ</span> <span class='ocrx_word' id='word_1_101' title='bbox 1454 1068 1565 1134; x_wconf 82' lang='grc' dir='ltr'>μέλι</span> <span class='ocrx_word' id='word_1_102' title='bbox 1597 1071 1671 1119; x_wconf 74' lang='grc' dir='ltr'>καὶ</span> <span class='ocrx_word' id='word_1_103' title='bbox 1699 1069 1858 1135; x_wconf 84' lang='grc' dir='ltr'>κηρίον</span> <span class='ocrx_word' id='word_1_104' title='bbox 1883 1071 1950 1136; x_wconf 74' lang='grc' dir='ltr'>τῷ</span> 
     </span>
     <span class='ocr_line' id='line_1_13' title="bbox 279 1141 1944 1219; baseline -0.001 -19"><span class='ocrx_word' id='word_1_105' title='bbox 279 1141 286 1150; x_wconf 41' lang='grc'>’</span> <span class='ocrx_word' id='word_1_106' title='bbox 358 1156 386 1178; x_wconf 82' lang='grc'><strong>“</strong></span> <span class='ocrx_word' id='word_1_107' title='bbox 409 1149 618 1212; x_wconf 87' lang='grc' dir='ltr'>στόματί</span> <span class='ocrx_word' id='word_1_108' title='bbox 641 1152 776 1214; x_wconf 88' lang='grc' dir='ltr'>μου.”</span> <span class='ocrx_word' id='word_1_109' title='bbox 829 1152 854 1202; x_wconf 83' lang='grc' dir='ltr'>ὁ</span> <span class='ocrx_word' id='word_1_110' title='bbox 892 1150 940 1201; x_wconf 80' lang='grc' dir='ltr'>δὲ</span> <span class='ocrx_word' id='word_1_111' title='bbox 977 1150 1182 1219; x_wconf 80' lang='grc' dir='ltr'>ψυχικὸς</span> <span class='ocrx_word' id='word_1_112' title='bbox 1206 1152 1431 1204; x_wconf 79' lang='grc' dir='ltr'>Ἰουδαῖος</span> <span class='ocrx_word' id='word_1_113' title='bbox 1458 1150 1640 1216; x_wconf 83' lang='grc' dir='ltr'>μωρίαν</span> <span class='ocrx_word' id='word_1_114' title='bbox 1667 1148 1780 1200; x_wconf 73' lang='grc' dir='ltr'>εἶναι</span> <span class='ocrx_word' id='word_1_115' title='bbox 1808 1156 1944 1215; x_wconf 91' lang='grc' dir='ltr'>λογι-</span> 
     </span>
     <span class='ocr_line' id='line_1_14' title="bbox 357 1229 1950 1297; baseline -0.001 -16"><span class='ocrx_word' id='word_1_116' title='bbox 357 1229 544 1296; x_wconf 87' lang='grc' dir='ltr'>ζόμενος</span> <span class='ocrx_word' id='word_1_117' title='bbox 587 1231 825 1285; x_wconf 63' lang='grc' dir='ltr'>ἀσυνέτως</span> <span class='ocrx_word' id='word_1_118' title='bbox 863 1231 917 1282; x_wconf 81' lang='grc' dir='ltr'>τὸ</span> <span class='ocrx_word' id='word_1_119' title='bbox 955 1231 1270 1295; x_wconf 76' lang='grc' dir='ltr'>πνευματικὸν</span> <span class='ocrx_word' id='word_1_120' title='bbox 1308 1231 1587 1297; x_wconf 84' lang='grc' dir='ltr'>μυστήριον,</span> <span class='ocrx_word' id='word_1_121' title='bbox 1628 1233 1702 1282; x_wconf 78' lang='grc' dir='ltr'>καὶ</span> <span class='ocrx_word' id='word_1_122' title='bbox 1743 1230 1818 1281; x_wconf 78' lang='grc' dir='ltr'>διὰ</span> <span class='ocrx_word' id='word_1_123' title='bbox 1854 1235 1950 1281; x_wconf 84' lang='grc' dir='ltr'>τῶν</span> 
     </span>
     <span class='ocr_line' id='line_1_15' title="bbox 355 1312 1950 1382; baseline 0 -20"><span class='ocrx_word' id='word_1_124' title='bbox 355 1318 438 1362; x_wconf 82' lang='grc' dir='ltr'>τοῦ</span> <span class='ocrx_word' id='word_1_125' title='bbox 469 1315 689 1378; x_wconf 78' lang='grc' dir='ltr'>Σωτῆρος</span> <span class='ocrx_word' id='word_1_126' title='bbox 715 1312 938 1379; x_wconf 79' lang='grc' dir='ltr'>ῥημάτων</span> <span class='ocrx_word' id='word_1_127' title='bbox 965 1315 1039 1364; x_wconf 83' lang='grc' dir='ltr'>ἐπὶ</span> <span class='ocrx_word' id='word_1_128' title='bbox 1069 1313 1155 1377; x_wconf 86' lang='grc' dir='ltr'>τὴν</span> <span class='ocrx_word' id='word_1_129' title='bbox 1181 1313 1415 1382; x_wconf 77' lang='grc' dir='ltr'>ἀνθρώπῳ</span> <span class='ocrx_word' id='word_1_130' title='bbox 1448 1312 1727 1379; x_wconf 77' lang='grc' dir='ltr'>πρέπουσαν</span> <span class='ocrx_word' id='word_1_131' title='bbox 1753 1312 1950 1363; x_wconf 87' lang='grc' dir='ltr'>σύνεσιν</span> 
     </span>
     <span class='ocr_line' id='line_1_16' title="bbox 355 1394 2019 1463; baseline -0.001 -20"><span class='ocrx_word' id='word_1_132' title='bbox 355 1394 624 1454; x_wconf 79' lang='grc' dir='ltr'>ἀναβαίνειν</span> <span class='ocrx_word' id='word_1_133' title='bbox 662 1395 1099 1461; x_wconf 80' lang='grc' dir='ltr'>παρακαλούμενος,</span> <span class='ocrx_word' id='word_1_134' title='bbox 1140 1396 1214 1446; x_wconf 79' lang='grc' dir='ltr'>ἐπὶ</span> <span class='ocrx_word' id='word_1_135' title='bbox 1252 1394 1339 1459; x_wconf 87' lang='grc' dir='ltr'>τὴν</span> <span class='ocrx_word' id='word_1_136' title='bbox 1378 1395 1654 1463; x_wconf 85' lang='grc' dir='ltr'>σύντροφον</span> <span class='ocrx_word' id='word_1_137' title='bbox 1693 1396 1760 1444; x_wconf 73' lang='grc' dir='ltr'>ἀεὶ</span> <span class='ocrx_word' id='word_1_138' title='bbox 1800 1416 1942 1444; x_wconf 85' lang='grc' dir='ltr'>κατα·</span> <span class='ocrx_word' id='word_1_139' title='bbox 1972 1413 2019 1453; x_wconf 88' lang='lat'>15</span> 
     </span>
     <span class='ocr_line' id='line_1_17' title="bbox 134 1473 1950 1542; baseline 0.002 -20"><span class='ocrx_word' id='word_1_140' title='bbox 134 1492 229 1522; x_wconf 72' lang='lat' dir='ltr'><strong>Es.v.</strong></span> <span class='ocrx_word' id='word_1_141' title='bbox 246 1501 293 1522; x_wconf 88' lang='lat'>20.</span> <span class='ocrx_word' id='word_1_142' title='bbox 355 1475 513 1526; x_wconf 87' lang='grc' dir='ltr'>πίπτει</span> <span class='ocrx_word' id='word_1_143' title='bbox 551 1475 744 1542; x_wconf 83' lang='grc' dir='ltr'>μωρίαν,</span> <span class='ocrx_word' id='word_1_144' title='bbox 779 1476 834 1526; x_wconf 82' lang='grc' dir='ltr'>τὸ</span> <span class='ocrx_word' id='word_1_145' title='bbox 873 1475 958 1540; x_wconf 74' lang='grc' dir='ltr'>μὲν</span> <span class='ocrx_word' id='word_1_146' title='bbox 992 1475 1201 1542; x_wconf 80' lang='grc' dir='ltr'>πονηρὸν</span> <span class='ocrx_word' id='word_1_147' title='bbox 1235 1474 1385 1527; x_wconf 77' lang='grc' dir='ltr'>καλὸν</span> <span class='ocrx_word' id='word_1_148' title='bbox 1415 1475 1584 1541; x_wconf 79' lang='grc' dir='ltr'>λέγων,</span> <span class='ocrx_word' id='word_1_149' title='bbox 1619 1474 1672 1526; x_wconf 82' lang='grc' dir='ltr'>τὸ</span> <span class='ocrx_word' id='word_1_150' title='bbox 1713 1475 1760 1526; x_wconf 78' lang='grc' dir='ltr'>δὲ</span> <span class='ocrx_word' id='word_1_151' title='bbox 1801 1473 1950 1526; x_wconf 81' lang='grc' dir='ltr'>καλὸν</span> 
     </span>
     <span class='ocr_line' id='line_1_18' title="bbox 355 1555 1950 1627; baseline -0.001 -19"><span class='ocrx_word' id='word_1_152' title='bbox 355 1555 578 1622; x_wconf 77' lang='grc' dir='ltr'>πονηρὸν,</span> <span class='ocrx_word' id='word_1_153' title='bbox 596 1557 716 1608; x_wconf 81' lang='grc' dir='ltr'>κατὰ</span> <span class='ocrx_word' id='word_1_154' title='bbox 741 1557 826 1622; x_wconf 87' lang='grc' dir='ltr'>τὴν</span> <span class='ocrx_word' id='word_1_155' title='bbox 849 1563 931 1609; x_wconf 85' lang='grc' dir='ltr'>τοῦ</span> <span class='ocrx_word' id='word_1_156' title='bbox 957 1557 1209 1627; x_wconf 86' lang='grc' dir='ltr'>προφήτου</span> <span class='ocrx_word' id='word_1_157' title='bbox 1236 1557 1414 1625; x_wconf 89' lang='grc' dir='ltr'>φωνήν.</span> <span class='ocrx_word' id='word_1_158' title='bbox 1458 1556 1688 1624; x_wconf 81' lang='grc' dir='ltr'>πατρώζει</span> <span class='ocrx_word' id='word_1_159' title='bbox 1715 1557 1763 1607; x_wconf 76' lang='grc' dir='ltr'>δὲ</span> <span class='ocrx_word' id='word_1_160' title='bbox 1788 1555 1950 1619; x_wconf 86' lang='grc' dir='ltr'>πάλιν,</span> 
     </span>
     <span class='ocr_line' id='line_1_19' title="bbox 357 1638 1951 1706; baseline 0.002 -17"><span class='ocrx_word' id='word_1_161' title='bbox 357 1642 433 1689; x_wconf 78' lang='grc' dir='ltr'>καὶ</span> <span class='ocrx_word' id='word_1_162' title='bbox 467 1638 551 1692; x_wconf 74' lang='grc' dir='ltr'>τὰς</span> <span class='ocrx_word' id='word_1_163' title='bbox 587 1643 681 1690; x_wconf 81' lang='grc' dir='ltr'>τῶν</span> <span class='ocrx_word' id='word_1_164' title='bbox 715 1639 965 1706; x_wconf 89' lang='grc' dir='ltr'>προγόνων</span> <span class='ocrx_word' id='word_1_165' title='bbox 997 1641 1198 1702; x_wconf 86' lang='grc' dir='ltr'>ἀμαθίας</span> <span class='ocrx_word' id='word_1_166' title='bbox 1234 1638 1615 1703; x_wconf 85' lang='grc' dir='ltr'>ἀπομιμούμενος</span> <span class='ocrx_word' id='word_1_167' title='bbox 1653 1640 1740 1690; x_wconf 91' lang='grc' dir='ltr'>κάν</span> <span class='ocrx_word' id='word_1_168' title='bbox 1770 1639 1951 1692; x_wconf 77' lang='grc' dir='ltr'>τούτοις</span> 
     </span>
     <span class='ocr_line' id='line_1_20' title="bbox 359 1719 1947 1789; baseline 0.001 -20"><span class='ocrx_word' id='word_1_169' title='bbox 359 1720 617 1770; x_wconf 81' lang='grc' dir='ltr'>ἁλώσεται·</span> <span class='ocrx_word' id='word_1_170' title='bbox 662 1725 704 1771; x_wconf 77' lang='grc' dir='ltr'>οἱ</span> <span class='ocrx_word' id='word_1_171' title='bbox 744 1720 830 1785; x_wconf 79' lang='grc' dir='ltr'>μὲν</span> <span class='ocrx_word' id='word_1_172' title='bbox 861 1720 955 1787; x_wconf 83' lang='grc' dir='ltr'>γὰρ</span> <span class='ocrx_word' id='word_1_173' title='bbox 990 1720 1044 1772; x_wconf 80' lang='grc' dir='ltr'>τὸ</span> <span class='ocrx_word' id='word_1_174' title='bbox 1080 1720 1235 1784; x_wconf 90' lang='grc' dir='ltr'>μάννα</span> <span class='ocrx_word' id='word_1_175' title='bbox 1270 1720 1401 1787; x_wconf 79' lang='grc' dir='ltr'>παρὰ</span> <span class='ocrx_word' id='word_1_176' title='bbox 1434 1726 1517 1772; x_wconf 87' lang='grc' dir='ltr'>τοῦ</span> <span class='ocrx_word' id='word_1_177' title='bbox 1553 1724 1679 1771; x_wconf 78' lang='grc' dir='ltr'>Θεοῦ</span> <span class='ocrx_word' id='word_1_178' title='bbox 1713 1719 1947 1789; x_wconf 83' lang='grc' dir='ltr'>χορηγού-</span> 
     </span>
    </p>

    <p class='ocr_par' dir='ltr' id='par_1_4' title="bbox 135 1801 2020 2047">
     <span class='ocr_line' id='line_1_21' title="bbox 313 1801 2020 1870; baseline -0.002 -17"><span class='ocrx_word' id='word_1_179' title='bbox 313 1812 340 1853; x_wconf 85' lang='lat' dir='ltr'>b</span> <span class='ocrx_word' id='word_1_180' title='bbox 359 1824 504 1866; x_wconf 87' lang='grc' dir='ltr'>μενοι,</span> <span class='ocrx_word' id='word_1_181' title='bbox 534 1804 608 1853; x_wconf 79' lang='grc' dir='ltr'>καὶ</span> <span class='ocrx_word' id='word_1_182' title='bbox 635 1806 718 1866; x_wconf 90' lang='grc' dir='ltr'>τῆς</span> <span class='ocrx_word' id='word_1_183' title='bbox 746 1802 925 1853; x_wconf 76' lang='grc' dir='ltr'>ἄνωθεν</span> <span class='ocrx_word' id='word_1_184' title='bbox 950 1801 1257 1870; x_wconf 81' lang='grc' dir='ltr'>μετίσχοντες</span> <span class='ocrx_word' id='word_1_185' title='bbox 1293 1802 1511 1868; x_wconf 83' lang='grc' dir='ltr'>εὐλογίας</span> <span class='ocrx_word' id='word_1_186' title='bbox 1545 1804 1619 1853; x_wconf 80' lang='grc' dir='ltr'>ἐπὶ</span> <span class='ocrx_word' id='word_1_187' title='bbox 1656 1802 1738 1867; x_wconf 80' lang='grc' dir='ltr'>τὴν</span> <span class='ocrx_word' id='word_1_188' title='bbox 1764 1801 1949 1866; x_wconf 89' lang='grc' dir='ltr'>συνήθη</span> <span class='ocrx_word' id='word_1_189' title='bbox 1972 1826 2020 1850; x_wconf 86' lang='lat'>20</span> 
     </span>
     <span class='ocr_line' id='line_1_22' title="bbox 135 1878 1951 1959; baseline 0 -26"><span class='ocrx_word' id='word_1_190' title='bbox 135 1878 298 1959; x_wconf 42' lang='lat' dir='ltr'>{511anss</span> <span class='ocrx_word' id='word_1_191' title='bbox 359 1882 645 1949; x_wconf 86' lang='grc' dir='ltr'>χυδαιότητα</span> <span class='ocrx_word' id='word_1_192' title='bbox 697 1884 1024 1953; x_wconf 73' lang='grc' dir='ltr'>κατεφέροντο,</span> <span class='ocrx_word' id='word_1_193' title='bbox 1075 1887 1151 1934; x_wconf 69' lang='grc' dir='ltr'>καὶ</span> <span class='ocrx_word' id='word_1_194' title='bbox 1199 1883 1284 1938; x_wconf 78' lang='grc' dir='ltr'>τὰς</span> <span class='ocrx_word' id='word_1_195' title='bbox 1334 1886 1382 1934; x_wconf 88' lang='grc' dir='ltr'>ἐν</span> <span class='ocrx_word' id='word_1_196' title='bbox 1433 1883 1663 1954; x_wconf 75' lang='grc' dir='ltr'>Αἰγύπτῳ</span> <span class='ocrx_word' id='word_1_197' title='bbox 1718 1883 1951 1938; x_wconf 84' lang='grc' dir='ltr'>δυσωδίας</span> 
     </span>
     <span class='ocr_line' id='line_1_23' title="bbox 135 1964 1945 2047; baseline 0.001 -33"><span class='ocrx_word' id='word_1_198' title='bbox 135 1965 252 2047; x_wconf 35' lang='grc' dir='ltr'>ξζξέ.</span> <span class='ocrx_word' id='word_1_199' title='bbox 361 1964 562 2030; x_wconf 87' lang='grc' dir='ltr'>ἐζήτουν,</span> <span class='ocrx_word' id='word_1_200' title='bbox 608 1964 825 2030; x_wconf 87' lang='grc' dir='ltr'>κρόμμυα</span> <span class='ocrx_word' id='word_1_201' title='bbox 877 1968 952 2016; x_wconf 76' lang='grc' dir='ltr'>καὶ</span> <span class='ocrx_word' id='word_1_202' title='bbox 1002 1965 1170 2032; x_wconf 87' lang='grc' dir='ltr'>πράσα</span> <span class='ocrx_word' id='word_1_203' title='bbox 1220 1967 1296 2016; x_wconf 78' lang='grc' dir='ltr'>καὶ</span> <span class='ocrx_word' id='word_1_204' title='bbox 1343 1969 1491 2031; x_wconf 83' lang='grc' dir='ltr'>κρεῶν</span> <span class='ocrx_word' id='word_1_205' title='bbox 1535 1966 1742 2029; x_wconf 78' lang='grc' dir='ltr'>λέβητας</span> <span class='ocrx_word' id='word_1_206' title='bbox 1786 1967 1945 2016; x_wconf 84' lang='grc' dir='ltr'>ἐπιθυ-</span> 
     </span>
    </p>

    <p class='ocr_par' dir='ltr' id='par_1_5' title="bbox 359 2046 1951 2196">
     <span class='ocr_line' id='line_1_24' title="bbox 359 2046 1951 2115; baseline 0.001 -19"><span class='ocrx_word' id='word_1_207' title='bbox 359 2052 555 2111; x_wconf 82' lang='grc' dir='ltr'>μοῦντες</span> <span class='ocrx_word' id='word_1_208' title='bbox 601 2051 727 2098; x_wconf 81' lang='grc' dir='ltr'>ἰδεῖν·</span> <span class='ocrx_word' id='word_1_209' title='bbox 789 2050 831 2097; x_wconf 79' lang='grc' dir='ltr'>οἱ</span> <span class='ocrx_word' id='word_1_210' title='bbox 874 2046 923 2098; x_wconf 81' lang='grc' dir='ltr'>δὲ</span> <span class='ocrx_word' id='word_1_211' title='bbox 970 2046 1056 2111; x_wconf 84' lang='grc' dir='ltr'>τὴν</span> <span class='ocrx_word' id='word_1_212' title='bbox 1098 2046 1323 2113; x_wconf 82' lang='grc' dir='ltr'>ζωοποιὸν</span> <span class='ocrx_word' id='word_1_213' title='bbox 1365 2052 1448 2097; x_wconf 85' lang='grc' dir='ltr'>τοῦ</span> <span class='ocrx_word' id='word_1_214' title='bbox 1491 2046 1767 2111; x_wconf 86' lang='grc' dir='ltr'>Πνεύματος</span> <span class='ocrx_word' id='word_1_215' title='bbox 1812 2047 1951 2115; x_wconf 83' lang='grc' dir='ltr'>χάριν</span> 
     </span>
     <span class='ocr_line' id='line_1_25' title="bbox 361 2127 1950 2196; baseline 0 -17"><span class='ocrx_word' id='word_1_216' title='bbox 361 2128 583 2196; x_wconf 73' lang='grc' dir='ltr'>δέχεσθαι</span> <span class='ocrx_word' id='word_1_217' title='bbox 621 2129 1048 2195; x_wconf 86' lang='grc' dir='ltr'>παρακαλούμενοι,</span> <span class='ocrx_word' id='word_1_218' title='bbox 1077 2130 1153 2179; x_wconf 76' lang='grc' dir='ltr'>καὶ</span> <span class='ocrx_word' id='word_1_219' title='bbox 1191 2127 1273 2179; x_wconf 73' lang='grc' dir='ltr'>τὸν</span> <span class='ocrx_word' id='word_1_220' title='bbox 1303 2128 1447 2195; x_wconf 75' lang='grc' dir='ltr'>ἄρτον</span> <span class='ocrx_word' id='word_1_221' title='bbox 1477 2127 1560 2179; x_wconf 82' lang='grc' dir='ltr'>τὸν</span> <span class='ocrx_word' id='word_1_222' title='bbox 1594 2127 1837 2194; x_wconf 81' lang='grc' dir='ltr'>ἀληθινὸν,</span> <span class='ocrx_word' id='word_1_223' title='bbox 1867 2128 1950 2180; x_wconf 83' lang='grc' dir='ltr'>τὸν</span> 
     </span>
    </p>

    <p class='ocr_par' dir='ltr' id='par_1_6' title="bbox 137 2208 2019 2614">
     <span class='ocr_line' id='line_1_26' title="bbox 361 2208 2019 2279; baseline -0.001 -18"><span class='ocrx_word' id='word_1_224' title='bbox 361 2212 410 2261; x_wconf 90' lang='grc' dir='ltr'>ἐκ</span> <span class='ocrx_word' id='word_1_225' title='bbox 447 2214 573 2261; x_wconf 77' lang='grc' dir='ltr'>Θεοῦ</span> <span class='ocrx_word' id='word_1_226' title='bbox 611 2213 685 2261; x_wconf 78' lang='grc' dir='ltr'>καὶ</span> <span class='ocrx_word' id='word_1_227' title='bbox 720 2211 911 2278; x_wconf 85' lang='grc' dir='ltr'>Πατρὸς</span> <span class='ocrx_word' id='word_1_228' title='bbox 947 2212 1121 2275; x_wconf 83' lang='grc' dir='ltr'>ἥκοντα</span> <span class='ocrx_word' id='word_1_229' title='bbox 1157 2211 1419 2279; x_wconf 80' lang='grc' dir='ltr'>τρέφεσθαι</span> <span class='ocrx_word' id='word_1_230' title='bbox 1454 2208 1796 2274; x_wconf 88' lang='grc' dir='ltr'>διδασκόμενοι,</span> <span class='ocrx_word' id='word_1_231' title='bbox 1831 2208 1949 2277; x_wconf 77' lang='grc' dir='ltr'>πρὸς</span> <span class='ocrx_word' id='word_1_232' title='bbox 1971 2233 2019 2272; x_wconf 87' lang='lat'>25</span> 
     </span>
     <span class='ocr_line' id='line_1_27' title="bbox 137 2286 1949 2368; baseline 0.001 -25"><span class='ocrx_word' id='word_1_233' title='bbox 137 2286 300 2368; x_wconf 48' lang='lat' dir='ltr'>fiffiffi</span> <span class='ocrx_word' id='word_1_234' title='bbox 361 2292 446 2356; x_wconf 83' lang='grc' dir='ltr'>τὴν</span> <span class='ocrx_word' id='word_1_235' title='bbox 482 2293 657 2343; x_wconf 85' lang='grc' dir='ltr'>ἑαυτῶν</span> <span class='ocrx_word' id='word_1_236' title='bbox 691 2291 930 2343; x_wconf 86' lang='grc' dir='ltr'>ἐκνεύουσι</span> <span class='ocrx_word' id='word_1_237' title='bbox 962 2292 1167 2357; x_wconf 89' lang='grc' dir='ltr'>πλάνην,</span> <span class='ocrx_word' id='word_1_238' title='bbox 1195 2299 1221 2322; x_wconf 83' lang='grc'><strong>“</strong></span> <span class='ocrx_word' id='word_1_239' title='bbox 1242 2291 1490 2361; x_wconf 86' lang='grc' dir='ltr'>φιλήδονοι</span> <span class='ocrx_word' id='word_1_240' title='bbox 1527 2296 1719 2356; x_wconf 83' lang='grc' dir='ltr'>μᾶλλον</span> <span class='ocrx_word' id='word_1_241' title='bbox 1753 2291 1882 2346; x_wconf 78' lang='grc' dir='ltr'>ὄντες</span> <span class='ocrx_word' id='word_1_242' title='bbox 1919 2290 1949 2356; x_wconf 81' lang='grc' dir='ltr'>ἢ</span> 
     </span>
     <span class='ocr_line' id='line_1_28' title="bbox 362 2372 1951 2442; baseline 0 -18"><span class='ocrx_word' id='word_1_243' title='bbox 362 2381 389 2403; x_wconf 78' lang='grc'><strong><em>“</em></strong></span> <span class='ocrx_word' id='word_1_244' title='bbox 418 2373 681 2442; x_wconf 84' lang='grc' dir='ltr'>φιλόθεοι·”</span> <span class='ocrx_word' id='word_1_245' title='bbox 723 2375 800 2424; x_wconf 81' lang='grc' dir='ltr'>καὶ</span> <span class='ocrx_word' id='word_1_246' title='bbox 827 2372 992 2441; x_wconf 75' lang='grc' dir='ltr'>ὥσπερ</span> <span class='ocrx_word' id='word_1_247' title='bbox 1018 2378 1060 2425; x_wconf 77' lang='grc' dir='ltr'>οἱ</span> <span class='ocrx_word' id='word_1_248' title='bbox 1085 2374 1264 2425; x_wconf 89' lang='grc' dir='ltr'>τούτων</span> <span class='ocrx_word' id='word_1_249' title='bbox 1290 2374 1516 2441; x_wconf 89' lang='grc' dir='ltr'>πρόγονοι</span> <span class='ocrx_word' id='word_1_250' title='bbox 1543 2376 1617 2425; x_wconf 77' lang='grc' dir='ltr'>καὶ</span> <span class='ocrx_word' id='word_1_251' title='bbox 1642 2375 1784 2438; x_wconf 84' lang='grc' dir='ltr'>αὐτῆς</span> <span class='ocrx_word' id='word_1_252' title='bbox 1810 2397 1951 2438; x_wconf 90' lang='grc' dir='ltr'>κατη-</span> 
     </span>
     <span class='ocr_line' id='line_1_29' title="bbox 323 2454 1952 2524; baseline -0.001 -17"><span class='ocrx_word' id='word_1_253' title='bbox 323 2454 535 2522; x_wconf 82' lang='grc' dir='ltr'>ογόρουν</span> <span class='ocrx_word' id='word_1_254' title='bbox 577 2459 660 2519; x_wconf 85' lang='grc' dir='ltr'>τῆς</span> <span class='ocrx_word' id='word_1_255' title='bbox 706 2455 782 2506; x_wconf 80' lang='grc' dir='ltr'>διὰ</span> <span class='ocrx_word' id='word_1_256' title='bbox 825 2462 909 2506; x_wconf 83' lang='grc' dir='ltr'>τοῦ</span> <span class='ocrx_word' id='word_1_257' title='bbox 949 2455 1103 2519; x_wconf 89' lang='grc' dir='ltr'>μάννα</span> <span class='ocrx_word' id='word_1_258' title='bbox 1149 2458 1343 2524; x_wconf 84' lang='grc' dir='ltr'>τροφῆς,</span> <span class='ocrx_word' id='word_1_259' title='bbox 1387 2457 1752 2520; x_wconf 84' lang='grc' dir='ltr'>ἀποτολμῶντες</span> <span class='ocrx_word' id='word_1_260' title='bbox 1795 2455 1952 2521; x_wconf 79' lang='grc' dir='ltr'>λέγειν</span> 
     </span>
     <span class='ocr_line' id='line_1_30' title="bbox 138 2535 1950 2614; baseline 0.001 -26"><span class='ocrx_word' id='word_1_261' title='bbox 138 2540 301 2614; x_wconf 51' lang='lat' dir='ltr'>{um-Xi-</span> <span class='ocrx_word' id='word_1_262' title='bbox 363 2545 389 2567; x_wconf 74' lang='lat'>‘⁶</span> <span class='ocrx_word' id='word_1_263' title='bbox 415 2539 480 2588; x_wconf 80' lang='lat' dir='ltr'>‘H</span> <span class='ocrx_word' id='word_1_264' title='bbox 510 2535 558 2588; x_wconf 79' lang='grc' dir='ltr'>δὲ</span> <span class='ocrx_word' id='word_1_265' title='bbox 592 2536 729 2606; x_wconf 81' lang='grc' dir='ltr'>ψυχὴ</span> <span class='ocrx_word' id='word_1_266' title='bbox 768 2537 900 2602; x_wconf 81' lang='grc' dir='ltr'>ἡμῶν</span> <span class='ocrx_word' id='word_1_267' title='bbox 932 2535 1225 2606; x_wconf 76' lang='grc' dir='ltr'>κατάξηρος”</span> <span class='ocrx_word' id='word_1_268' title='bbox 1253 2538 1302 2587; x_wconf 83' lang='grc' dir='ltr'>ἐν</span> <span class='ocrx_word' id='word_1_269' title='bbox 1327 2541 1394 2606; x_wconf 75' lang='grc' dir='ltr'>τῷ</span> <span class='ocrx_word' id='word_1_270' title='bbox 1428 2536 1583 2606; x_wconf 77' lang='grc' dir='ltr'>μάννᾳ</span> <span class='ocrx_word' id='word_1_271' title='bbox 1617 2537 1785 2608; x_wconf 78' lang='grc' dir='ltr'>τούτῳ·</span> <span class='ocrx_word' id='word_1_272' title='bbox 1828 2538 1950 2589; x_wconf 79' lang='grc' dir='ltr'>οὕτω</span> 
     </span>
    </p>
   </div>
   <div class='ocr_carea' id='block_1_4' title="bbox 361 2703 1951 2983">
    <p class='ocr_par' dir='ltr' id='par_1_7' title="bbox 363 2703 1950 2983">
     <span class='ocr_line' id='line_1_31' title="bbox 410 2703 1950 2750; baseline 0 -11"><span class='ocrx_word' id='word_1_273' title='bbox 410 2716 442 2739; x_wconf 87' lang='grc'><strong>2.</strong></span> <span class='ocrx_word' id='word_1_274' title='bbox 469 2707 539 2740; x_wconf 77' lang='grc' dir='ltr'>τοῖς</span> <span class='ocrx_word' id='word_1_275' title='bbox 557 2710 782 2750; x_wconf 88' lang='lat' dir='ltr'><strong>assumptum</strong></span> <span class='ocrx_word' id='word_1_276' title='bbox 800 2717 839 2738; x_wconf 78' lang='lat' dir='ltr'>ex</span> <span class='ocrx_word' id='word_1_277' title='bbox 861 2704 902 2739; x_wconf 90' lang='lat' dir='ltr'>B.</span> <span class='ocrx_word' id='word_1_278' title='bbox 908 2705 952 2738; x_wconf 91' lang='lat' dir='ltr'>D.</span> <span class='ocrx_word' id='word_1_279' title='bbox 1098 2716 1130 2748; x_wconf 89' lang='lat'>9.</span> <span class='ocrx_word' id='word_1_280' title='bbox 1156 2703 1214 2738; x_wconf 83' lang='grc' dir='ltr'>οὐν</span> <span class='ocrx_word' id='word_1_281' title='bbox 1231 2715 1300 2739; x_wconf 88' lang='lat' dir='ltr'>Om.</span> <span class='ocrx_word' id='word_1_282' title='bbox 1322 2703 1364 2738; x_wconf 87' lang='grc' dir='ltr'>Β.</span> <span class='ocrx_word' id='word_1_283' title='bbox 1448 2705 1625 2750; x_wconf 79' lang='grc' dir='ltr'>ἐντρυφῶν</span> <span class='ocrx_word' id='word_1_284' title='bbox 1645 2704 1687 2739; x_wconf 89' lang='grc' dir='ltr'>Β.</span> <span class='ocrx_word' id='word_1_285' title='bbox 1833 2704 1950 2739; x_wconf 85' lang='grc' dir='ltr'><strong>10.δὲ</strong></span> 
     </span>
     <span class='ocr_line' id='line_1_32' title="bbox 364 2749 1951 2797; baseline 0 -12"><span class='ocrx_word' id='word_1_286' title='bbox 364 2751 406 2785; x_wconf 90' lang='grc' dir='ltr'>Β.</span> <span class='ocrx_word' id='word_1_287' title='bbox 427 2750 454 2785; x_wconf 86' lang='grc' dir='ltr'>δ’</span> <span class='ocrx_word' id='word_1_288' title='bbox 474 2751 541 2786; x_wconf 90' lang='lat' dir='ltr'>Ed.</span> <span class='ocrx_word' id='word_1_289' title='bbox 623 2753 758 2795; x_wconf 75' lang='grc' dir='ltr'>μᾶλλον</span> <span class='ocrx_word' id='word_1_290' title='bbox 775 2757 1001 2796; x_wconf 83' lang='lat' dir='ltr'>assumptum</span> <span class='ocrx_word' id='word_1_291' title='bbox 1018 2761 1059 2783; x_wconf 81' lang='lat' dir='ltr'>ex</span> <span class='ocrx_word' id='word_1_292' title='bbox 1078 2749 1119 2784; x_wconf 89' lang='grc' dir='ltr'>Β.</span> <span class='ocrx_word' id='word_1_293' title='bbox 1300 2762 1313 2784; x_wconf 89' lang='lat'>1</span> <span class='ocrx_word' id='word_1_294' title='bbox 1324 2762 1354 2785; x_wconf 87' lang='grc' dir='ltr'>Ι</span> <span class='ocrx_word' id='word_1_295' title='bbox 1381 2751 1422 2785; x_wconf 85' lang='grc' dir='ltr'>τὰ</span> <span class='ocrx_word' id='word_1_296' title='bbox 1439 2752 1540 2797; x_wconf 86' lang='grc' dir='ltr'>λόγιά</span> <span class='ocrx_word' id='word_1_297' title='bbox 1559 2766 1624 2786; x_wconf 90' lang='grc' dir='ltr'>σου</span> <span class='ocrx_word' id='word_1_298' title='bbox 1642 2757 1721 2785; x_wconf 89' lang='lat' dir='ltr'>ante</span> <span class='ocrx_word' id='word_1_299' title='bbox 1738 2753 1784 2796; x_wconf 81' lang='grc' dir='ltr'>τῷ</span> <span class='ocrx_word' id='word_1_300' title='bbox 1801 2752 1951 2797; x_wconf 83' lang='grc' dir='ltr'>λάρυγγί</span> 
     </span>
     <span class='ocr_line' id='line_1_33' title="bbox 363 2796 1950 2843; baseline 0 -12"><span class='ocrx_word' id='word_1_301' title='bbox 363 2804 406 2831; x_wconf 87' lang='lat' dir='ltr'>tr.</span> <span class='ocrx_word' id='word_1_302' title='bbox 426 2798 467 2831; x_wconf 89' lang='grc' dir='ltr'><strong>Β.</strong></span> <span class='ocrx_word' id='word_1_303' title='bbox 678 2809 731 2831; x_wconf 91' lang='lat'>12.</span> <span class='ocrx_word' id='word_1_304' title='bbox 757 2800 976 2843; x_wconf 78' lang='grc' dir='ltr'>λογιζόμενος</span> <span class='ocrx_word' id='word_1_305' title='bbox 994 2796 1037 2831; x_wconf 88' lang='grc' dir='ltr'>Β.</span> <span class='ocrx_word' id='word_1_306' title='bbox 1054 2796 1275 2842; x_wconf 81' lang='grc' dir='ltr'>λογιούμενος</span> <span class='ocrx_word' id='word_1_307' title='bbox 1293 2796 1360 2831; x_wconf 82' lang='lat' dir='ltr'>Ed.</span> <span class='ocrx_word' id='word_1_308' title='bbox 1554 2797 1608 2832; x_wconf 89' lang='lat'>16.</span> <span class='ocrx_word' id='word_1_309' title='bbox 1634 2812 1719 2841; x_wconf 85' lang='grc' dir='ltr'>πονη</span> <span class='ocrx_word' id='word_1_310' title='bbox 1701 2799 1782 2842; x_wconf 89' lang='grc' dir='ltr'>ηρὸν</span> <span class='ocrx_word' id='word_1_311' title='bbox 1798 2798 1950 2831; x_wconf 83' lang='grc' dir='ltr'>καλὸν-</span> 
     </span>
     <span class='ocr_line' id='line_1_34' title="bbox 363 2843 1948 2889; baseline 0 -12"><span class='ocrx_word' id='word_1_312' title='bbox 363 2845 466 2877; x_wconf 83' lang='grc' dir='ltr'>καλὸν</span> <span class='ocrx_word' id='word_1_313' title='bbox 483 2843 646 2889; x_wconf 79' lang='grc' dir='ltr'>πονηρὸν]</span> <span class='ocrx_word' id='word_1_314' title='bbox 667 2845 771 2879; x_wconf 85' lang='grc' dir='ltr'>καλὸν</span> <span class='ocrx_word' id='word_1_315' title='bbox 787 2844 1129 2889; x_wconf 83' lang='grc' dir='ltr'>πονηρὸν-πονηρὸν</span> <span class='ocrx_word' id='word_1_316' title='bbox 1148 2845 1251 2877; x_wconf 86' lang='grc' dir='ltr'>καλὸν</span> <span class='ocrx_word' id='word_1_317' title='bbox 1270 2843 1312 2877; x_wconf 87' lang='grc' dir='ltr'>Β.</span> <span class='ocrx_word' id='word_1_318' title='bbox 1459 2844 1512 2878; x_wconf 85' lang='grc'><strong>18.</strong></span> <span class='ocrx_word' id='word_1_319' title='bbox 1537 2843 1609 2889; x_wconf 84' lang='grc' dir='ltr'>καὶ]</span> <span class='ocrx_word' id='word_1_320' title='bbox 1628 2845 1711 2878; x_wconf 86' lang='grc' dir='ltr'>κατὰ</span> <span class='ocrx_word' id='word_1_321' title='bbox 1729 2844 1770 2879; x_wconf 84' lang='grc' dir='ltr'><strong>Β.</strong></span> <span class='ocrx_word' id='word_1_322' title='bbox 1823 2843 1948 2878; x_wconf 85' lang='lat' dir='ltr'>Statim</span> 
     </span>
     <span class='ocr_line' id='line_1_35' title="bbox 363 2889 1947 2936; baseline 0.001 -13"><span class='ocrx_word' id='word_1_323' title='bbox 363 2892 421 2925; x_wconf 84' lang='grc' dir='ltr'>τὰς</span> <span class='ocrx_word' id='word_1_324' title='bbox 441 2890 482 2925; x_wconf 91' lang='lat' dir='ltr'>B.</span> <span class='ocrx_word' id='word_1_325' title='bbox 488 2891 533 2925; x_wconf 92' lang='lat' dir='ltr'>D.</span> <span class='ocrx_word' id='word_1_326' title='bbox 551 2892 609 2934; x_wconf 84' lang='grc' dir='ltr'>τῆς</span> <span class='ocrx_word' id='word_1_327' title='bbox 629 2890 694 2924; x_wconf 82' lang='lat' dir='ltr'>Ed</span> <span class='ocrx_word' id='word_1_328' title='bbox 825 2902 878 2936; x_wconf 88' lang='lat'>19.</span> <span class='ocrx_word' id='word_1_329' title='bbox 905 2890 964 2925; x_wconf 83' lang='grc' dir='ltr'>οὐν</span> <span class='ocrx_word' id='word_1_330' title='bbox 981 2902 1044 2935; x_wconf 84' lang='lat' dir='ltr'>pro</span> <span class='ocrx_word' id='word_1_331' title='bbox 1061 2891 1126 2935; x_wconf 81' lang='grc' dir='ltr'>γὰρ</span> <span class='ocrx_word' id='word_1_332' title='bbox 1147 2889 1189 2924; x_wconf 88' lang='grc' dir='ltr'><strong>Β.</strong></span> <span class='ocrx_word' id='word_1_333' title='bbox 1255 2892 1315 2923; x_wconf 86' lang='grc' dir='ltr'>τοῦ</span> <span class='ocrx_word' id='word_1_334' title='bbox 1333 2897 1556 2935; x_wconf 85' lang='lat' dir='ltr'><strong>assumptum</strong></span> <span class='ocrx_word' id='word_1_335' title='bbox 1573 2902 1614 2924; x_wconf 82' lang='lat' dir='ltr'>ex</span> <span class='ocrx_word' id='word_1_336' title='bbox 1634 2891 1676 2924; x_wconf 92' lang='lat' dir='ltr'>B.</span> <span class='ocrx_word' id='word_1_337' title='bbox 1806 2901 1861 2936; x_wconf 85' lang='lat'>²3·</span> <span class='ocrx_word' id='word_1_338' title='bbox 1887 2893 1947 2924; x_wconf 86' lang='grc' dir='ltr'>τοῦ</span> 
     </span>
     <span class='ocr_line' id='line_1_36' title="bbox 361 2936 1703 2983; baseline 0.002 -14.003"><span class='ocrx_word' id='word_1_339' title='bbox 361 2936 558 2981; x_wconf 82' lang='grc' dir='ltr'>Πνεύματος</span> <span class='ocrx_word' id='word_1_340' title='bbox 575 2937 692 2983; x_wconf 78' lang='grc' dir='ltr'>χάριν]</span> <span class='ocrx_word' id='word_1_341' title='bbox 712 2938 812 2983; x_wconf 82' lang='grc' dir='ltr'>χάριν</span> <span class='ocrx_word' id='word_1_342' title='bbox 830 2940 888 2972; x_wconf 81' lang='grc' dir='ltr'>τοῦ</span> <span class='ocrx_word' id='word_1_343' title='bbox 909 2940 996 2972; x_wconf 87' lang='grc' dir='ltr'>Θεου</span> <span class='ocrx_word' id='word_1_344' title='bbox 1014 2936 1057 2972; x_wconf 87' lang='grc' dir='ltr'><strong>Β.</strong></span> <span class='ocrx_word' id='word_1_345' title='bbox 1202 2946 1258 2982; x_wconf 82' lang='grc'><strong>25.</strong></span> <span class='ocrx_word' id='word_1_346' title='bbox 1286 2939 1339 2971; x_wconf 81' lang='grc' dir='ltr'>καὶ</span> <span class='ocrx_word' id='word_1_347' title='bbox 1358 2940 1582 2982; x_wconf 73' lang='lat' dir='ltr'><strong>assumptum</strong></span> <span class='ocrx_word' id='word_1_348' title='bbox 1600 2949 1642 2972; x_wconf 79' lang='lat' dir='ltr'>ex</span> <span class='ocrx_word' id='word_1_349' title='bbox 1661 2936 1703 2972; x_wconf 84' lang='lat' dir='ltr'>B.</span> 
     </span>
    </p>
   </div>
  </div>
 </body>
</html>
