2021 3296
503 189 577 229 IN
620 189 661 228 S.
696 186 881 227 JOAN.
916 184 1300 225 PRAEFATIO.
1670 186 1693 223 5

111 297 194 348 τὸν
225 297 407 348 ἐκείνων
438 296 638 358 σκοπὸν,
671 293 699 359 ὴ
740 297 815 346 καὶ
851 293 1108 361 μαρτυρίας
1145 292 1229 346 τὰς
1268 293 1318 342 ἐκ
1357 290 1578 355 διαθήκης
1616 294 1698 354 τῆς

113 381 284 442 καινῆς,
325 377 391 442 μὴ
436 377 646 443 ἐπαγέτω
692 382 775 427 τοῦ
822 381 904 426 νοῦ
946 374 1032 439 τὴν
1074 374 1296 443 ὀξύτητα,
1340 371 1551 439 καθάπερ
1596 371 1699 423 τινὰ

113 463 323 528 σίδηρον,
351 463 505 515 αὐτοῖς
541 465 604 515 εἰς
642 462 882 527 ἀναίρεσιν
918 461 993 510 καὶ
1032 457 1295 522 ἀποκοπήν.
1353 458 1406 508 οὐ
1443 455 1536 522 γάρ
1575 458 1696 507 ἐπει-

114 546 260 612 δήπερ
297 545 485 614 ἐλήφθη
519 543 649 612 παρά
683 549 778 596 τῶν
808 545 891 595 οὐκ
925 543 1114 594 εἰδότων
1146 541 1409 609 ἑρμηνεύειν
1435 543 1599 608 ὀρθῶς,
1627 539 1702 591 διὰ

71 636 251 687 5τοῦτο
293 629 350 694 δὴ
394 629 583 682 πάντως
626 631 702 679 καὶ
747 629 1026 692 ἀπόβλητον
1068 627 1202 677 ε”σται
1244 626 1298 677 τὸ
1343 626 1418 677 διὰ
1462 624 1741 689 στόματοςᾶ
1825 638 1921 672 4A.

115 719 256 765 Θεοῦ·
299 715 408 765 ἀλλ’
437 714 625 779 ἐπείπερ
659 715 761 763 ἐστὶ
796 710 1116 780 καρποφόρον,
1144 711 1278 761 ε”σται
1311 733 1391 761 σοι
1424 715 1616 774 μᾶλλον
1642 713 1702 762 εἷς

114 795 338 860 βοήθημα
376 797 452 846 καὶ
489 793 686 864 τροφήν.
751 793 805 844 τὸ
843 793 937 859 γὰρ
975 794 1085 858 παρ’
1126 792 1310 842 ἐκείνων
1348 792 1555 855 ἀνοήτως
1596 791 1701 841 ἔσθ’

116 877 191 928 ὅτε
231 876 417 946 ληφθὲν
455 880 518 930 εἷς
556 875 639 927 τὸν
678 873 820 942 ὀρθὸν
854 878 936 938 τῆς
974 875 1180 927 πίστεως
1217 873 1575 940 περιτρέποντες
1612 879 1700 922 λο-

116 957 308 1024 γισμὸν,
348 959 435 1025 οὐχ
474 957 602 1011 ὅπως
640 959 912 1009 ἀτονοῦντες
951 956 1039 1022 οὐχ
1077 953 1383 1018 ἁλωσόμεθα,
1422 953 1705 1019 νευρούμεθα

51 1063 98 1087 10
118 1039 165 1090 δὲ
190 1044 382 1104 μᾶλλον
410 1043 472 1093 εἷς
504 1037 612 1093 τοὺς
645 1037 765 1089 κατὰ
801 1040 884 1102 τῆς
919 1037 1141 1103 αἱρέσεως
1177 1034 1369 1101 λόγους.
1425 1035 1631 1103 ἐπιφέρει
1659 1033 1706 1084 δὲ

116 1124 406 1189 παραχρῆμα
457 1123 533 1171 καὶ
584 1119 824 1186 λογισμὸν
869 1116 1181 1170 ἀναπείθοντα
1230 1140 1331 1171 πως
1375 1116 1481 1169 τοὺς
1525 1118 1703 1181 ἀκροω-

117 1203 301 1266 μένους,
338 1202 409 1253 ὅτι
446 1202 682 1270 προσήκοι
720 1201 803 1255 τὰς
840 1206 923 1251 τοῦ
961 1198 1296 1265 συναγορεύειν
1329 1197 1476 1265 ὁρμὰς
1515 1198 1598 1248 οὐκ
1636 1198 1703 1248 ἐπ’

119 1285 361 1352 ἀνατροπῇ
412 1289 603 1348 μᾶλλον
646 1286 885 1334 ποιεῖσθαι
931 1286 1026 1332 τῶν
1069 1282 1205 1332 θείων
1249 1281 1442 1346 λογίων,
1488 1280 1598 1329 ἀλλ’
1645 1282 1707 1331 εἷς

119 1367 358 1431 ἀναίρεσιν
384 1370 477 1416 τῶν
504 1367 586 1416 οὐκ
621 1366 770 1432 ὀρθῶς
805 1363 1074 1429 λεγομένων
1108 1363 1238 1428 παρὰ
1273 1366 1367 1412 τῶν
1394 1362 1447 1411 δι’
1478 1361 1702 1413 ἐναντίας·
1726 1371 1752 1411 b

53 1454 147 1500 15‘6
176 1446 261 1511 Μὴ
313 1445 420 1513 γὰρ,
464 1449 630 1515 φησὶν,
675 1446 922 1512 ἄνθρωπος
967 1444 1022 1495 τὸ
1068 1443 1217 1512 ξύλον
1262 1443 1316 1493 τὸ
1366 1445 1414 1493 ἐν
1459 1446 1526 1511 τῷ
1577 1444 1708 1511 ἀγρῷ
1769 1446 1870 1520 {251¹ss-

119 1535 146 1558 ‘⁶
171 1532 400 1579 εἰσελθεῖν
427 1527 521 1580 ἀπὸ
547 1528 812 1594 προσώπου
835 1550 927 1578 σου
964 1529 1024 1579 εἷς
1059 1525 1142 1576 τὸν
1167 1524 1353 1593 χάρακα
1377 1525 1420 1587 ;''
1462 1521 1554 1590 ἀρα
1590 1522 1704 1590 γὰρ,
1818 1514 1824 1521 ⁸
1860 1500 1889 1531 9·

121 1613 286 1679 φησὶν,
324 1610 468 1678 οἰήσῃ
508 1610 635 1673 ποτὲ,
676 1607 887 1674 καθάπερ
928 1607 1032 1658 τινὰ
1071 1611 1166 1658 τῶν
1207 1610 1535 1673 αἱρεσιαρχῶν,
1574 1603 1711 1655 αὐτό-

120 1691 273 1755 μολόν
299 1714 380 1742 σοι
404 1691 522 1758 πρὸς
547 1691 705 1758 μάχην
730 1689 1148 1758 ἐξαναστήσεσθαι
1175 1686 1229 1739 τὸ
1255 1690 1305 1738 ἐκ
1330 1692 1425 1738 τῶν
1454 1709 1708 1752 συγγραμ-

121 1772 283 1836 μάτων
320 1777 413 1823 τῶν
453 1776 587 1839 ἱερῶν
620 1771 777 1839 ῥητὸν,
806 1774 881 1821 καὶ
920 1772 1021 1837 οὐχὶ
1062 1774 1254 1834 μᾶλλον
1294 1767 1369 1818 διὰ
1408 1771 1491 1831 τῆς
1530 1768 1713 1818 ἐκείνων

55 1880 104 1904 20
123 1854 345 1908 ἀπονοίας
381 1853 838 1917 πλεονεκτούμενον,
887 1851 952 1916 μὴ
991 1852 1073 1902 οὖν
1108 1849 1357 1918 ἀποτέμῃς,
1390 1853 1555 1918 φησὶν,
1588 1849 1713 1899 ε”στω

123 1934 178 1986 δέ
210 1958 290 1986 σοι
328 1937 403 1986 καὶ
443 1935 616 2003 τροφή·
671 1933 726 1985 τὸ
762 1934 811 1984 δὲ
848 1932 1010 2002 ξύλον,
1046 1932 1161 1999 ὅπερ
1196 1932 1279 1982 οὐκ
1316 1929 1460 1981 οἶσθα
1485 1929 1708 1997 (ςκαρπό-
1776 1948 1826 1979 Ib.
1849 1957 1899 1979 20.

123 2024 150 2047 ‘⁶
175 2022 363 2083 βρωτον
400 2015 755 2085 ἐξολοθρεύσεις
793 2018 869 2066 καὶ
908 2013 1169 2083 ἐκκόψεις.”
1229 2013 1444 2079 ἄβρωτος
1484 2010 1577 2078 γὰρ
1619 2017 1715 2065 τοῖς

125 2100 276 2166 ὀρθῶς
317 2098 537 2150 ἐθέλουσι
577 2102 710 2160 νοεῖν,
749 2098 773 2147 ὃ
818 2101 912 2148 τῶν
949 2097 1057 2162 παρ’
1099 2095 1285 2148 ἐκείνοις
1325 2092 1756 2160 συγγραμμάτωνο

125 2179 316 2246 καρπός·
357 2181 455 2230 κατ’
483 2180 667 2230 ἐκείνων
697 2178 844 2243 ἡκέτω
866 2182 959 2231 πᾶς
984 2177 1192 2242 σίδηρος·
1234 2177 1327 2226 ἐκεῖ
1349 2176 1594 2245 φαινέσθω
1621 2179 1717 2225 τῶν

58 2278 106 2317 25
125 2266 449 2325 πνευματικῶν
476 2260 723 2324 ὑλοτόμων
749 2261 778 2324 ἡ
806 2260 1012 2324 δύναμις,
1041 2260 1109 2310 ἐπ’
1139 2259 1326 2312 ἐκείνοις
1358 2258 1601 2319 στιλβέτω
1634 2259 1718 2319 τῆς

126 2345 174 2394 ἐν
199 2347 266 2412 τῷ
292 2342 626 2409 συναγορεύειν
651 2341 857 2394 εὐτονίας
884 2342 909 2391 ὁ
935 2340 1152 2393 πέλεκυς·
1196 2340 1250 2390 τὸ
1276 2338 1370 2406 γὰρ
1397 2338 1643 2406 ἄχρηστόν
1669 2361 1719 2388 τε

127 2427 203 2476 καὶ
230 2424 468 2493 ἀνωφελὲς
494 2427 576 2488 τῆς
602 2428 697 2474 τῶν
723 2421 1120 2490 ἑτεροδοξούντων
1146 2422 1395 2490 φλυαρίας,
1422 2422 1499 2471 καὶ
1536 2421 1560 2470 ὁ
1595 2442 1714 2486 προ-

129 2505 283 2574 φήτης
318 2507 428 2570 ἡμῖν
452 2505 604 2569 Ὠσηὲ
635 2505 809 2572 ἄριστα
844 2503 1126 2570 διερμηνεύει
1162 2503 1317 2568 λέγων
1343 2509 1370 2531 “
1390 2501 1601 2569 Δράγμα
1637 2502 1719 2552 οὐκ
1783 2507 1941 2539 Hos.viii.

129 2595 157 2617 “
182 2587 289 2654 ἕχον
317 2587 457 2654 ἰσχὺν
483 2593 565 2638 τοῦ
592 2589 789 2650 ποιῆσαι
816 2585 1029 2652 ἄλευρον,
1056 2584 1136 2635 ἐὰν
1162 2583 1211 2635 δὲ
1239 2587 1314 2634 καὶ
1340 2582 1533 2651 ποιήσῃ,
1561 2583 1717 2634 ἀλλό-

182 2761 211 2783 1.
237 2748 255 2792 ἢ
274 2754 496 2793 assumptum
515 2760 557 2782 ex
577 2748 619 2782 Β.
788 2758 820 2780 2.
848 2747 997 2792 καθάπερ
1018 2746 1059 2780 Β.
1079 2746 1161 2780 κατὰ
1181 2745 1246 2779 Ed.
1420 2757 1454 2789 3.
1482 2744 1660 2789 ἐπειδήπερ
1680 2745 1722 2780 Β.

132 2796 270 2838 ἐπείπερ
290 2795 356 2829 Ed.
559 2807 612 2828 11.
637 2795 844 2838 παραχρῆμα
862 2801 1084 2838 assumptum
1104 2805 1145 2826 ex
1167 2792 1207 2826 B.
1410 2803 1463 2825 12.
1488 2791 1656 2836 προσήκοι
1675 2792 1722 2826 D.

133 2842 299 2886 προσήκει
318 2841 385 2875 Ed.
486 2850 538 2883 15.
561 2842 654 2886 ἀγρῷ
674 2841 715 2874 B.
735 2840 850 2887 ὃρύμῳ
871 2839 936 2874 Ed.
1038 2848 1090 2884 17.
1113 2838 1222 2881 οἷὴσει
1241 2837 1283 2871 Β.
1386 2838 1438 2872 18.
1462 2852 1520 2873 σοι
1539 2838 1580 2872 Β.
1600 2853 1635 2872 τε
1655 2838 1724 2872 Ed.

135 2903 238 2934 συγγ.
257 2892 323 2921 τῶν
341 2888 438 2931 ἱερῶν
456 2887 498 2922 Β.
519 2888 616 2931 ἱερῶν
633 2901 736 2932 συγ-γ.
757 2886 823 2920 Ed.
922 2897 977 2920 21.
1004 2885 1117 2930 τροφή
1138 2885 1179 2918 Β.
1197 2886 1325 2930 τροφός
1345 2884 1413 2918 Ed.
1516 2895 1572 2927 24.
1596 2886 1662 2920 πᾶς
1680 2884 1723 2919 Β.

134 2937 238 2969 πάλιν
255 2936 273 2968 ὁ
292 2933 359 2968 Ed.
521 2944 576 2977 25.
602 2935 659 2977 τῆς
677 2934 899 2978 assumptum
917 2945 959 2966 ex
981 2933 1022 2966 B.
1073 2932 1216 2965 Lacuna
1232 2931 1268 2964 in
1288 2931 1333 2965 D.
1507 2933 1562 2965 28.
1589 2931 1724 2975 διερμη-

137 2981 221 3016 νεύει
244 2981 283 3015 Β.
302 2979 523 3024 διηρμήνευσε
544 2979 610 3014 Ed.
676 2980 809 3025 δράγμα
827 2991 896 3013 om.
918 2979 976 3019 D.,
994 2980 1119 3012 lacuna
1136 2978 1238 3012 saeta.
