2084 3317
146 178 185 203 ν.
204 163 273 218 36,
291 174 357 219 37.
422 165 494 205 IN
537 165 579 205 S.
614 163 954 205 JOANNEM.
1017 163 1141 203 LIB.
1176 163 1263 203 III.
1326 163 1459 204 CAP.
1486 164 1521 204 Ι.
1651 163 1735 204 373

145 270 238 336 γάρ
263 271 425 337 λόγοις
451 271 516 323 ε”τι
543 274 618 323 καὶ
642 277 742 326 ταῖς
772 272 830 341 ἐξ
851 271 1114 338 ἀνθρώπων
1139 270 1328 339 ψήφοις
1353 270 1737 335 ἐπισεμνύνομαι,

146 350 248 403 οὐδὲ
272 351 355 406 τὰς
380 354 430 404 ἐκ
454 353 677 420 ῥημάτων
701 357 864 422 ψιλῶν
890 352 1146 418 συλλέγειν
1173 351 1242 404 ἐπ’
1272 354 1457 422 ἐμαυτῷ
1482 352 1738 419 μαρτυρίας

146 432 369 498 οἰήσομαι
418 438 526 498 δεῖν,
571 435 960 504 ἀξιολογωτέροις
1011 433 1060 486 δὲ
1112 436 1189 486 καὶ
1238 432 1366 486 πολὺ
1416 434 1598 501 μείζοσι
1641 437 1737 485 τῶν

146 516 399 581 εἰρημένων
440 518 681 587 ἐπιτρέψω
724 516 784 568 τὰ
825 518 922 568 κατ’
968 516 1189 581 ἐμαυτὸν,
1240 519 1316 568 καὶ
1359 516 1417 585 ἐξ
1464 517 1608 580 αὐτῆς
1648 515 1735 579 ἤδη
1755 541 1778 567 a
1811 531 1893 567 253
1910 530 1963 566 A.

106 615 128 653 5
149 599 532 665 καταλαμπρύνω
565 601 649 663 τῆς
686 601 735 650 ἐν
771 599 924 665 ἔργοις
961 597 1340 665 μεγαλειότητος,
1367 598 1438 650 ὅτι
1465 597 1588 652 Θεὸς
1619 596 1740 649 κατὰ

150 679 300 748 φύσιν
340 681 447 743 εἰμὶ,
483 682 559 731 καὶ
600 682 650 732 ἐκ
691 684 817 732 Θεοῦ
856 680 1046 749 πεφηνα
1084 680 1289 748 Πατρὸς,
1330 682 1473 732 ἀδικῶ
1518 679 1568 731 δὲ
1609 679 1741 730 οὐδεν

150 783 259 815 τους
289 760 443 858 ἐμους,
478 763 550 831 ἐφ’
591 785 707 830 οπερ
743 761 801 814 ἂν
837 762 1086 827 βούλωμαι
1126 761 1521 860 μεταῤῥυθμίζων,
1558 761 1741 827 νόμους,

151 865 229 894 και
277 844 326 895 ἐκ
376 846 458 908 τῆς
503 844 624 896 κατὰ
666 844 722 896 τὸ
765 844 963 912 γράμμα
1006 845 1276 912 παχύτητος
1321 849 1384 898 εἰς
1426 843 1744 908 πνευματικὴν

152 926 350 992 θεωρίαν
388 931 754 994 μεταστοιχειῶν
794 926 854 978 τὰ
893 931 990 981 τοῖς
1028 926 1348 994 ἀρχαιοτέροις
1390 927 1746 991 αἰνιγματωδῶς

86 1033 134 1059 10
153 1007 382 1074 εἰρημένα.
439 1010 721 1060 κατανοείτω
762 1007 810 1060 δὲ
848 1008 997 1060 πάλιν
1031 1009 1056 1059 ὁ
1093 1007 1379 1077 φιλομαθὴς,
1420 1007 1492 1059 ὅτι
1530 1007 1685 1073 λέγων
1721 1007 1746 1057 ὁ

155 1088 324 1155 Σωτὴρ
362 1089 437 1140 διὰ
474 1094 569 1142 τῶν
608 1090 751 1160 ἔργων
791 1089 1190 1157 ἐπιμαρτύρεσθαι
1233 1093 1390 1144 καλῶς
1431 1093 1494 1144 εἰς
1535 1088 1591 1140 τὸ
1632 1087 1746 1140 εἶναι

155 1170 274 1222 κατὰ
315 1171 466 1239 φύσιν
505 1173 639 1236 Θεὸς,
678 1172 940 1224 ἐκδιδάσκει
983 1176 1170 1241 σαφῶς,
1210 1174 1272 1226 ὡς
1318 1173 1401 1223 οὑκ
1440 1170 1497 1223 ἂν
1541 1171 1609 1236 εἴη
1653 1175 1746 1222 τῶν
1765 1179 1792 1220 b

155 1254 467 1321 ἐνδεχομένων
502 1255 885 1321 ἀπαραλλάκτως
923 1253 1200 1322 ἐνυπάρχειν
1238 1255 1328 1305 τινὶ
1365 1253 1451 1318 τὴν
1486 1257 1595 1323 Θεῷ
1630 1254 1744 1319 πρέ-

156 1359 346 1387 πουσαν
389 1337 622 1403 ἐνέργειάν
665 1360 715 1387 τε
759 1339 835 1388 καὶ
880 1336 1089 1401 δύναμιν,
1135 1340 1172 1387 εἰ
1215 1335 1281 1400 μὴ
1325 1338 1401 1387 καὶ
1447 1335 1586 1390 αὐτὸς
1630 1333 1749 1386 κατὰ

93 1438 138 1475 15
159 1417 310 1486 φύσιν
352 1418 555 1486 ὑπάρχοι
595 1418 730 1471 Θεός.
783 1421 1063 1486 μαρτυρεῖται
1107 1417 1201 1483 γὰρ
1245 1416 1321 1468 διὰ
1363 1422 1458 1468 τῶν
1499 1417 1653 1485 ἔργων,
1695 1418 1750 1466 οὐ

160 1501 266 1550 καθ’
296 1499 453 1566 ἕτερον
479 1497 605 1563 οἶμαι
638 1498 828 1566 τρόπον,
855 1498 987 1550 ἀλλὰ
1022 1498 1142 1550 κατὰ
1175 1503 1342 1550 τοῦτον
1372 1498 1529 1550 αὐτόν.
1585 1501 1622 1548 εἰ
1656 1496 1751 1563 γὰρ

160 1586 255 1632 τῶν
280 1587 363 1632 τοῦ
397 1581 715 1648 γεννήσαντος
750 1582 901 1648 ε”ργων
935 1582 1099 1648 ὁρᾶται
1135 1580 1396 1644 τελειωτὴς,
1424 1582 1499 1632 καὶ
1536 1578 1656 1645 ἅπερ
1693 1577 1752 1629 ἂν

161 1663 318 1733 ἐκείνῳ
352 1666 428 1714 καὶ
457 1663 585 1733 μόνῳ
612 1664 826 1731 φαίνοιτο
857 1663 1235 1729 πρεπωδέστερα,
1263 1668 1411 1714 ταῦτα
1437 1664 1512 1713 καὶ
1537 1660 1675 1714 αὐτὸς
1702 1661 1758 1729 ἐξ

164 1747 331 1800 οἰκείας
380 1746 544 1814 ἰσχύος
585 1748 871 1811 ἀποπληροῖ·
913 1749 1014 1798 πῶς
1057 1745 1140 1795 οὐκ
1184 1742 1243 1794 ἀν
1284 1745 1466 1810 γένοιτο
1505 1744 1651 1794 παντί
1688 1765 1755 1811 τῳ

96 1844 145 1868 20
165 1827 333 1895 σαφὲς,
386 1827 457 1879 ὅτι
507 1826 593 1892 τὴν
641 1827 786 1890 αὐτὴν
829 1826 982 1896 ἐκείνῳ
1036 1825 1186 1895 φύσιν
1237 1825 1629 1892 ἀπεκληρώσατο,
1681 1825 1795 1874 nato

165 1914 261 1964 τοῖς
307 1915 390 1960 τοῦ
429 1909 643 1962 τεκόντος
684 1908 905 1972 ἰδιώμασι
945 1906 1241 1970 διαλάμπων,
1281 1909 1342 1961 ὡς
1384 1907 1441 1976 ἐξ
1481 1907 1636 1969 αὐτοῦ,
1672 1905 1758 1969 τὴν

166 1991 277 2055 ἰ’σην
312 1993 438 2061 αὐτῷ
472 1991 668 2056 δύναμίν
703 2013 752 2042 τε
791 1993 866 2041 καὶ
905 1989 1138 2056 ἐνέργειαν
1164 1989 1287 2056 ἔχει;
1331 1988 1572 2055 εἰληφέναι
1609 1985 1760 2053 γεμὴν

166 2075 276 2140 παρ’
317 2075 460 2125 αὐτοῦ
504 2073 564 2125 T&
606 2073 720 2143 ’ἔργα
765 2073 932 2140 φησὶν,
974 2070 1003 2135 ἢ
1051 2070 1127 2122 διὰ
1171 2069 1225 2121 τὸ
1271 2073 1354 2134 τῆς
1398 2069 1761 2136 ἀνθρωπότητος

167 2159 335 2223 σχῆμα
368 2158 444 2207 καὶ
469 2156 555 2221 τὴν
580 2161 662 2207 τοῦ
700 2154 873 2206 δούλου
906 2152 1111 2222 μορφὴν,
1138 2151 1465 2219 ταπεινότερόν
1504 2175 1604 2205 πως
1642 2152 1761 2217 ἤπερ

100 2258 148 2296 25
170 2239 312 2305 ἐχρῆν
357 2241 433 2289 καὶ
472 2243 611 2289 τοῦτο
652 2241 820 2288 λαλῶν
858 2239 1172 2299 οἰκονομικῶς,
1206 2234 1235 2299 ἢ
1275 2234 1360 2298 τὴν
1400 2239 1484 2285 τοῦ
1518 2237 1643 2284 Θεοῦ
1686 2235 1763 2282 καὶ

172 2320 363 2387 Πατρὸς
413 2320 622 2371 εὐδοκίαν
664 2342 713 2370 τε
762 2320 838 2369 καὶ
882 2317 1170 2379 συναίνεσιν,
1215 2315 1302 2380 τὴν
1342 2317 1416 2384 ἐφ’
1465 2312 1620 2366 ἅπασι
1667 2318 1763 2366 τοῖς

170 2402 453 2470 παραδόξως
503 2399 888 2463 ἐπιτελουμένοις,
940 2403 1006 2469 τῷ
1057 2401 1141 2462 τῆς
1191 2397 1369 2452 δόσεως
1419 2394 1762 2459 ἀποσεμνύνων

172 2482 378 2547 ὀνόματι.
424 2484 545 2534 οὕτω
590 2482 684 2549 γὰρ
723 2484 798 2533 καὶ
843 2480 1147 2533 ἀπεστάλθαι
1192 2478 1532 2547 διισχυρίζεται,
1579 2475 1660 2528 ἅτε
1706 2475 1762 2541 δὴ
1782 2484 1809 2525 (1

173 2568 249 2617 καὶ
276 2566 486 2619 κενώσας
507 2563 685 2626 ἑαυτὸν,
706 2562 827 2614 καθὰ
847 2564 1123 2629 γέγραπται,
1146 2564 1229 2626 τῆς
1255 2560 1467 2627 ἀκράτως
1487 2559 1765 2625 πρεπούσης
1827 2573 1912 2604 Phil·
1931 2572 1966 2603 ii-

103 2672 153 2708 30
175 2648 309 2716 ἀξίας
335 2651 400 2716 τῷ
428 2650 535 2716 Θεῷ
569 2645 646 2696 διὰ
678 2644 764 2708 τὴν
790 2649 852 2698 εἰς
887 2645 1008 2709 ἡμᾶς
1043 2642 1306 2709 ἀγάπησιν·
1348 2640 1632 2692 ἐταπείνωσε
1671 2639 1764 2705 γὰρ

176 2728 353 2790 ἑαυτὸν,
390 2730 464 2778 καὶ
503 2728 589 2792 τὴν
629 2733 711 2778 τοῦ
749 2729 1118 2778 τεταπεινῶσθαι
1158 2723 1557 2789 σμικροπρέπειαν
1596 2721 1680 2771 οὐκ
1719 2723 1767 2771 ἐν

96 2921 116 2934 ·
230 2921 282 2951 14.
311 2908 363 2942 καὶ
382 2908 439 2941 alt.
460 2912 681 2951 assumptum
701 2918 741 2940 ex
763 2906 804 2940 B.
927 2914 982 2947 25.
1010 2905 1069 2938 τοῦ
1089 2902 1131 2937 Β.
1151 2901 1184 2935 ἐκ
1207 2899 1274 2935 Ed.
1394 2910 1449 2943 29.
1477 2900 1545 2934 τοῖς
1563 2909 1625 2944 pro
1643 2899 1701 2942 τῆς
1719 2897 1766 2932 D.

180 2968 236 3003 31.
263 2953 503 2990 ταπεινοῦσθαι
522 2953 564 2988 Β.
