<?xml version="1.0" encoding="UTF-8"?>
<!DOCTYPE html PUBLIC "-//W3C//DTD XHTML 1.0 Transitional//EN"
    "http://www.w3.org/TR/xhtml1/DTD/xhtml1-transitional.dtd">
<html xmlns="http://www.w3.org/1999/xhtml" xml:lang="en" lang="en">
 <head>
  <title>
</title>
<meta http-equiv="Content-Type" content="text/html;charset=utf-8" />
  <meta name='ocr-system' content='tesseract 3.04.00' />
  <meta name='ocr-capabilities' content='ocr_page ocr_carea ocr_par ocr_line ocrx_word'/>
</head>
<body>
  <div class='ocr_page' id='page_1' title='image "./operacyrilli03cyriuoft_0165.png"; bbox 0 0 2084 3317; ppageno 0'>
   <div class='ocr_carea' id='block_1_1' title="bbox 141 176 1723 237">
    <p class='ocr_par' dir='ltr' id='par_1_1' title="bbox 141 176 1723 237">
     <span class='ocr_line' id='line_1_1' title="bbox 141 176 1723 237; baseline 0.013 -20"><span class='ocrx_word' id='word_1_1' title='bbox 141 176 226 232; x_wconf 86' lang='lat' dir='ltr'>i.9,</span> <span class='ocrx_word' id='word_1_2' title='bbox 248 192 311 220; x_wconf 89' lang='lat'>10.</span> <span class='ocrx_word' id='word_1_3' title='bbox 389 181 463 222; x_wconf 93' lang='lat' dir='ltr'>IN</span> <span class='ocrx_word' id='word_1_4' title='bbox 504 184 546 224; x_wconf 89' lang='lat' dir='ltr'>S.</span> <span class='ocrx_word' id='word_1_5' title='bbox 581 185 915 228; x_wconf 83' lang='lat' dir='ltr'><strong>JOANNEM.</strong></span> <span class='ocrx_word' id='word_1_6' title='bbox 978 189 1103 230; x_wconf 91' lang='lat' dir='ltr'>LIB.</span> <span class='ocrx_word' id='word_1_7' title='bbox 1137 191 1172 231; x_wconf 94' lang='grc' dir='ltr'>Ι.</span> <span class='ocrx_word' id='word_1_8' title='bbox 1235 192 1368 234; x_wconf 90' lang='lat' dir='ltr'>CAP.</span> <span class='ocrx_word' id='word_1_9' title='bbox 1402 194 1480 234; x_wconf 92' lang='lat' dir='ltr'>IX.</span> <span class='ocrx_word' id='word_1_10' title='bbox 1646 198 1723 237; x_wconf 77' lang='lat'>121</span> 
     </span>
    </p>
   </div>
   <div class='ocr_carea' id='block_1_2' title="bbox 38 295 1938 2791">
    <p class='ocr_par' dir='ltr' id='par_1_2' title="bbox 38 295 1938 2791">
     <span class='ocr_line' id='line_1_2' title="bbox 216 295 1726 365; baseline 0.011 -28"><span class='ocrx_word' id='word_1_11' title='bbox 216 311 275 338; x_wconf 90' lang='grc' dir='ltr'>ια.</span> <span class='ocrx_word' id='word_1_12' title='bbox 320 310 450 340; x_wconf 76' lang='grc' dir='ltr'>ΑΛΛο.</span> <span class='ocrx_word' id='word_1_13' title='bbox 492 295 575 346; x_wconf 83' lang='grc' dir='ltr'>Εἰς</span> <span class='ocrx_word' id='word_1_14' title='bbox 625 297 808 356; x_wconf 83' lang='grc' dir='ltr'>πλῆθος</span> <span class='ocrx_word' id='word_1_15' title='bbox 860 296 981 362; x_wconf 90' lang='grc' dir='ltr'>μέγα</span> <span class='ocrx_word' id='word_1_16' title='bbox 1032 302 1105 348; x_wconf 82' lang='grc' dir='ltr'>καὶ</span> <span class='ocrx_word' id='word_1_17' title='bbox 1157 300 1475 365; x_wconf 79' lang='grc' dir='ltr'>ἀναρίθμητον</span> <span class='ocrx_word' id='word_1_18' title='bbox 1525 301 1580 353; x_wconf 74' lang='grc' dir='ltr'>τὸ</span> <span class='ocrx_word' id='word_1_19' title='bbox 1631 308 1726 354; x_wconf 83' lang='grc' dir='ltr'>τῶν</span> 
     </span>
     <span class='ocr_line' id='line_1_3' title="bbox 143 366 1726 444; baseline 0.011 -26"><span class='ocrx_word' id='word_1_20' title='bbox 143 366 454 433; x_wconf 77' lang='grc' dir='ltr'>Ἰσραηλιτῶν</span> <span class='ocrx_word' id='word_1_21' title='bbox 501 374 750 442; x_wconf 72' lang='grc' dir='ltr'>ἐξετείνετο</span> <span class='ocrx_word' id='word_1_22' title='bbox 803 378 950 442; x_wconf 81' lang='grc' dir='ltr'>γένος’</span> <span class='ocrx_word' id='word_1_23' title='bbox 1011 384 1086 430; x_wconf 81' lang='grc' dir='ltr'>καὶ</span> <span class='ocrx_word' id='word_1_24' title='bbox 1136 380 1193 444; x_wconf 79' lang='grc' dir='ltr'>δὴ</span> <span class='ocrx_word' id='word_1_25' title='bbox 1235 386 1310 432; x_wconf 79' lang='grc' dir='ltr'>καὶ</span> <span class='ocrx_word' id='word_1_26' title='bbox 1356 388 1495 434; x_wconf 80' lang='grc' dir='ltr'>τοῦτο</span> <span class='ocrx_word' id='word_1_27' title='bbox 1539 386 1726 439; x_wconf 81' lang='grc' dir='ltr'>δικαίως</span> 
     </span>
     <span class='ocr_line' id='line_1_4' title="bbox 142 451 1771 531; baseline 0.012 -32"><span class='ocrx_word' id='word_1_28' title='bbox 142 451 507 515; x_wconf 78' lang='grc' dir='ltr'>ὑπερθαυμάσας</span> <span class='ocrx_word' id='word_1_29' title='bbox 534 456 558 505; x_wconf 84' lang='grc' dir='ltr'>ὁ</span> <span class='ocrx_word' id='word_1_30' title='bbox 585 457 866 525; x_wconf 74' lang='grc' dir='ltr'>ἱεροφάντης</span> <span class='ocrx_word' id='word_1_31' title='bbox 888 463 1103 524; x_wconf 77' lang='grc' dir='ltr'>Μωυσῆς</span> <span class='ocrx_word' id='word_1_32' title='bbox 1129 463 1369 531; x_wconf 79' lang='grc' dir='ltr'>ἐπεύχεται</span> <span class='ocrx_word' id='word_1_33' title='bbox 1396 465 1551 530; x_wconf 86' lang='grc' dir='ltr'>λέγων</span> <span class='ocrx_word' id='word_1_34' title='bbox 1572 468 1726 520; x_wconf 81' lang='grc' dir='ltr'>αὐτοῖς</span> <span class='ocrx_word' id='word_1_35' title='bbox 1744 477 1771 518; x_wconf 85' lang='lat' dir='ltr'>b</span> 
     </span>
     <span class='ocr_line' id='line_1_5' title="bbox 141 535 1926 625; baseline 0.011 -43"><span class='ocrx_word' id='word_1_36' title='bbox 141 539 167 561; x_wconf 79' lang='lat'>‘⁶</span> <span class='ocrx_word' id='word_1_37' title='bbox 195 535 288 583; x_wconf 78' lang='grc' dir='ltr'>Καὶ</span> <span class='ocrx_word' id='word_1_38' title='bbox 327 536 427 586; x_wconf 88' lang='grc' dir='ltr'>ι’δού</span> <span class='ocrx_word' id='word_1_39' title='bbox 465 539 571 588; x_wconf 85' lang='grc' dir='ltr'>ἐστε</span> <span class='ocrx_word' id='word_1_40' title='bbox 611 540 821 605; x_wconf 82' lang='grc' dir='ltr'>σήμερον</span> <span class='ocrx_word' id='word_1_41' title='bbox 855 543 967 593; x_wconf 75' lang='grc' dir='ltr'>ὡσεὶ</span> <span class='ocrx_word' id='word_1_42' title='bbox 1007 542 1066 593; x_wconf 80' lang='grc' dir='ltr'>τὰ</span> <span class='ocrx_word' id='word_1_43' title='bbox 1104 544 1262 611; x_wconf 76' lang='grc' dir='ltr'>ἄστρα</span> <span class='ocrx_word' id='word_1_44' title='bbox 1299 552 1382 597; x_wconf 87' lang='grc' dir='ltr'>τοῦ</span> <span class='ocrx_word' id='word_1_45' title='bbox 1422 548 1620 613; x_wconf 82' lang='grc' dir='ltr'>οὐρανοῦ</span> <span class='ocrx_word' id='word_1_46' title='bbox 1659 553 1726 618; x_wconf 71' lang='grc' dir='ltr'>τῷ</span> <span class='ocrx_word' id='word_1_47' title='bbox 1789 547 1926 625; x_wconf 41' lang='lat' dir='ltr'>ffiuffif·</span> 
     </span>
     <span class='ocr_line' id='line_1_6' title="bbox 94 614 1725 695; baseline 0.012 -32"><span class='ocrx_word' id='word_1_48' title='bbox 94 619 117 657; x_wconf 88' lang='lat'>5</span> <span class='ocrx_word' id='word_1_49' title='bbox 140 619 165 642; x_wconf 76' lang='lat'>‘⁶</span> <span class='ocrx_word' id='word_1_50' title='bbox 191 614 374 679; x_wconf 85' lang='grc' dir='ltr'>πλήθει·</span> <span class='ocrx_word' id='word_1_51' title='bbox 426 619 599 685; x_wconf 85' lang='grc' dir='ltr'>Κύριος</span> <span class='ocrx_word' id='word_1_52' title='bbox 626 622 651 670; x_wconf 84' lang='grc' dir='ltr'>ὁ</span> <span class='ocrx_word' id='word_1_53' title='bbox 679 621 800 675; x_wconf 86' lang='grc' dir='ltr'>Θεὸς</span> <span class='ocrx_word' id='word_1_54' title='bbox 835 627 929 673; x_wconf 82' lang='grc' dir='ltr'>τῶν</span> <span class='ocrx_word' id='word_1_55' title='bbox 952 625 1167 691; x_wconf 83' lang='grc' dir='ltr'>πατέρων</span> <span class='ocrx_word' id='word_1_56' title='bbox 1194 628 1322 690; x_wconf 82' lang='grc' dir='ltr'>ὑμῶν</span> <span class='ocrx_word' id='word_1_57' title='bbox 1347 631 1579 694; x_wconf 83' lang='grc' dir='ltr'>προσθείη</span> <span class='ocrx_word' id='word_1_58' title='bbox 1618 632 1725 695; x_wconf 87' lang='grc' dir='ltr'>ὑμῖν</span> 
     </span>
     <span class='ocr_line' id='line_1_7' title="bbox 138 698 1721 773; baseline 0.011 -27"><span class='ocrx_word' id='word_1_59' title='bbox 138 702 164 724; x_wconf 86' lang='grc'><strong>“</strong></span> <span class='ocrx_word' id='word_1_60' title='bbox 192 698 253 750; x_wconf 87' lang='grc' dir='ltr'>ὡς</span> <span class='ocrx_word' id='word_1_61' title='bbox 291 698 397 749; x_wconf 76' lang='grc' dir='ltr'>ε’στέ</span> <span class='ocrx_word' id='word_1_62' title='bbox 433 703 826 767; x_wconf 83' lang='grc' dir='ltr'>χιλιοπλασίως.”</span> <span class='ocrx_word' id='word_1_63' title='bbox 881 707 991 756; x_wconf 84' lang='grc' dir='ltr'>ἀλλ’</span> <span class='ocrx_word' id='word_1_64' title='bbox 1021 706 1147 773; x_wconf 74' lang='grc' dir='ltr'>ε’ίπερ</span> <span class='ocrx_word' id='word_1_65' title='bbox 1180 707 1237 771; x_wconf 80' lang='grc' dir='ltr'>ἧν</span> <span class='ocrx_word' id='word_1_66' title='bbox 1265 710 1465 765; x_wconf 84' lang='grc' dir='ltr'>κόλασις</span> <span class='ocrx_word' id='word_1_67' title='bbox 1500 717 1600 765; x_wconf 91' lang='grc' dir='ltr'>ταῖς</span> <span class='ocrx_word' id='word_1_68' title='bbox 1636 714 1721 763; x_wconf 85' lang='grc' dir='ltr'>ἀν-</span> 
     </span>
     <span class='ocr_line' id='line_1_8' title="bbox 139 778 1725 863; baseline 0.011 -35"><span class='ocrx_word' id='word_1_69' title='bbox 139 778 342 842; x_wconf 83' lang='grc' dir='ltr'>θρώπων</span> <span class='ocrx_word' id='word_1_70' title='bbox 374 785 552 850; x_wconf 79' lang='grc' dir='ltr'>ψυχαῖς</span> <span class='ocrx_word' id='word_1_71' title='bbox 589 782 640 834; x_wconf 90' lang='grc' dir='ltr'>τὸ</span> <span class='ocrx_word' id='word_1_72' title='bbox 677 783 791 835; x_wconf 75' lang='grc' dir='ltr'>εἶναι</span> <span class='ocrx_word' id='word_1_73' title='bbox 826 786 943 850; x_wconf 78' lang='grc' dir='ltr'>μετὰ</span> <span class='ocrx_word' id='word_1_74' title='bbox 978 789 1218 852; x_wconf 84' lang='grc' dir='ltr'>σωμάτων</span> <span class='ocrx_word' id='word_1_75' title='bbox 1250 793 1298 841; x_wconf 85' lang='grc' dir='ltr'>ἐν</span> <span class='ocrx_word' id='word_1_76' title='bbox 1335 791 1517 863; x_wconf 78' lang='grc' dir='ltr'>κόσμῳ,</span> <span class='ocrx_word' id='word_1_77' title='bbox 1553 795 1640 845; x_wconf 75' lang='grc' dir='ltr'>ἔδει</span> <span class='ocrx_word' id='word_1_78' title='bbox 1677 795 1725 847; x_wconf 77' lang='grc' dir='ltr'>δὲ</span> 
     </span>
     <span class='ocr_line' id='line_1_9' title="bbox 135 858 1721 939; baseline 0.012 -29"><span class='ocrx_word' id='word_1_79' title='bbox 135 858 249 911; x_wconf 74' lang='grc' dir='ltr'>εἶναι</span> <span class='ocrx_word' id='word_1_80' title='bbox 288 865 363 913; x_wconf 83' lang='grc' dir='ltr'>καὶ</span> <span class='ocrx_word' id='word_1_81' title='bbox 403 865 456 914; x_wconf 82' lang='grc' dir='ltr'>οὐ</span> <span class='ocrx_word' id='word_1_82' title='bbox 496 865 692 929; x_wconf 74' lang='grc' dir='ltr'>γυμνὰς,</span> <span class='ocrx_word' id='word_1_83' title='bbox 720 867 810 934; x_wconf 76' lang='grc' dir='ltr'>ἀρὰ</span> <span class='ocrx_word' id='word_1_84' title='bbox 846 873 1038 931; x_wconf 80' lang='grc' dir='ltr'>μᾶλλον</span> <span class='ocrx_word' id='word_1_85' title='bbox 1070 871 1137 935; x_wconf 77' lang='grc' dir='ltr'>ε’ίη</span> <span class='ocrx_word' id='word_1_86' title='bbox 1173 895 1263 939; x_wconf 90' lang='grc' dir='ltr'>περ</span> <span class='ocrx_word' id='word_1_87' title='bbox 1301 876 1503 939; x_wconf 80' lang='grc' dir='ltr'>ἀληθῶς,</span> <span class='ocrx_word' id='word_1_88' title='bbox 1537 878 1620 927; x_wconf 82' lang='grc' dir='ltr'>οὐκ</span> <span class='ocrx_word' id='word_1_89' title='bbox 1651 879 1721 929; x_wconf 84' lang='grc' dir='ltr'>ἐπ’</span> 
     </span>
     <span class='ocr_line' id='line_1_10' title="bbox 134 942 1723 1027; baseline 0.012 -36"><span class='ocrx_word' id='word_1_90' title='bbox 134 942 248 1010; x_wconf 82' lang='grc' dir='ltr'>εὐχῇ</span> <span class='ocrx_word' id='word_1_91' title='bbox 286 947 361 995; x_wconf 82' lang='grc' dir='ltr'>καὶ</span> <span class='ocrx_word' id='word_1_92' title='bbox 401 947 425 996; x_wconf 87' lang='grc' dir='ltr'>ὁ</span> <span class='ocrx_word' id='word_1_93' title='bbox 465 953 547 997; x_wconf 82' lang='grc' dir='ltr'>τοῦ</span> <span class='ocrx_word' id='word_1_94' title='bbox 591 950 837 1003; x_wconf 77' lang='grc' dir='ltr'>Μωυσέως</span> <span class='ocrx_word' id='word_1_95' title='bbox 878 952 1144 1017; x_wconf 84' lang='grc' dir='ltr'>εὑρίσκεται</span> <span class='ocrx_word' id='word_1_96' title='bbox 1187 955 1346 1020; x_wconf 83' lang='grc' dir='ltr'>λόγος.</span> <span class='ocrx_word' id='word_1_97' title='bbox 1418 956 1509 1024; x_wconf 74' lang='grc' dir='ltr'>ἔχει</span> <span class='ocrx_word' id='word_1_98' title='bbox 1549 957 1597 1008; x_wconf 79' lang='grc' dir='ltr'>δὲ</span> <span class='ocrx_word' id='word_1_99' title='bbox 1637 961 1723 1027; x_wconf 80' lang='grc' dir='ltr'>οὐχ</span> 
     </span>
     <span class='ocr_line' id='line_1_11' title="bbox 65 1027 1721 1107; baseline 0.011 -33"><span class='ocrx_word' id='word_1_100' title='bbox 65 1043 112 1067; x_wconf 94' lang='lat'>10</span> <span class='ocrx_word' id='word_1_101' title='bbox 131 1027 292 1090; x_wconf 82' lang='grc' dir='ltr'>οὕτως,</span> <span class='ocrx_word' id='word_1_102' title='bbox 319 1029 429 1078; x_wconf 82' lang='grc' dir='ltr'>ἀλλ’</span> <span class='ocrx_word' id='word_1_103' title='bbox 459 1030 507 1079; x_wconf 84' lang='grc' dir='ltr'>ἐν</span> <span class='ocrx_word' id='word_1_104' title='bbox 534 1030 754 1096; x_wconf 78' lang='grc' dir='ltr'>εὐλογίας</span> <span class='ocrx_word' id='word_1_105' title='bbox 784 1032 914 1101; x_wconf 77' lang='grc' dir='ltr'>τάξει</span> <span class='ocrx_word' id='word_1_106' title='bbox 946 1035 1210 1099; x_wconf 84' lang='grc' dir='ltr'>πεποίηται·</span> <span class='ocrx_word' id='word_1_107' title='bbox 1253 1039 1336 1088; x_wconf 85' lang='grc' dir='ltr'>οὑκ</span> <span class='ocrx_word' id='word_1_108' title='bbox 1373 1039 1464 1105; x_wconf 76' lang='grc' dir='ltr'>ἄρα</span> <span class='ocrx_word' id='word_1_109' title='bbox 1498 1042 1721 1107; x_wconf 87' lang='grc' dir='ltr'>τιμωρίας</span> 
     </span>
     <span class='ocr_line' id='line_1_12' title="bbox 128 1108 1761 1178; baseline 0.006 -20"><span class='ocrx_word' id='word_1_110' title='bbox 128 1109 280 1176; x_wconf 78' lang='grc' dir='ltr'>ἐπέχει</span> <span class='ocrx_word' id='word_1_111' title='bbox 306 1108 453 1175; x_wconf 91' lang='grc' dir='ltr'>λόγον</span> <span class='ocrx_word' id='word_1_112' title='bbox 479 1109 506 1174; x_wconf 82' lang='grc' dir='ltr'>ἡ</span> <span class='ocrx_word' id='word_1_113' title='bbox 534 1111 792 1178; x_wconf 87' lang='grc' dir='ltr'>σάρκωσις.</span> <span class='ocrx_word' id='word_1_114' title='bbox 1739 1141 1761 1167; x_wconf 83' lang='grc' dir='ltr'>ο</span> 
     </span>
     <span class='ocr_line' id='line_1_13' title="bbox 204 1196 1721 1263; baseline 0.011 -23"><span class='ocrx_word' id='word_1_115' title='bbox 204 1196 267 1252; x_wconf 82' lang='grc' dir='ltr'>ιβ.</span> <span class='ocrx_word' id='word_1_116' title='bbox 311 1213 442 1241; x_wconf 83' lang='lat' dir='ltr'>AAAO.</span> <span class='ocrx_word' id='word_1_117' title='bbox 483 1197 596 1246; x_wconf 90' lang='grc' dir='ltr'>Τοῖς</span> <span class='ocrx_word' id='word_1_118' title='bbox 636 1198 779 1246; x_wconf 78' lang='grc' dir='ltr'>αἰτεῖν</span> <span class='ocrx_word' id='word_1_119' title='bbox 817 1197 1104 1263; x_wconf 78' lang='grc' dir='ltr'>ἐπιχειροῦσι</span> <span class='ocrx_word' id='word_1_120' title='bbox 1145 1205 1295 1254; x_wconf 82' lang='grc' dir='ltr'>κακῶς</span> <span class='ocrx_word' id='word_1_121' title='bbox 1338 1203 1560 1254; x_wconf 84' lang='grc' dir='ltr'>ἐπινεύειν</span> <span class='ocrx_word' id='word_1_122' title='bbox 1599 1204 1721 1258; x_wconf 88' lang='grc' dir='ltr'>Θεὸς</span> 
     </span>
     <span class='ocr_line' id='line_1_14' title="bbox 129 1273 1722 1352; baseline 0.009 -29"><span class='ocrx_word' id='word_1_123' title='bbox 129 1273 212 1323; x_wconf 81' lang='grc' dir='ltr'>οὐκ</span> <span class='ocrx_word' id='word_1_124' title='bbox 264 1274 492 1342; x_wconf 73' lang='grc' dir='ltr'>ἀνέχεται.</span> <span class='ocrx_word' id='word_1_125' title='bbox 568 1278 643 1326; x_wconf 78' lang='grc' dir='ltr'>καὶ</span> <span class='ocrx_word' id='word_1_126' title='bbox 694 1277 862 1328; x_wconf 86' lang='grc' dir='ltr'>τούτου</span> <span class='ocrx_word' id='word_1_127' title='bbox 915 1278 1091 1346; x_wconf 83' lang='grc' dir='ltr'>μάρτυς</span> <span class='ocrx_word' id='word_1_128' title='bbox 1144 1281 1253 1344; x_wconf 83' lang='grc' dir='ltr'>ἡμῖν</span> <span class='ocrx_word' id='word_1_129' title='bbox 1302 1284 1512 1352; x_wconf 80' lang='grc' dir='ltr'>ἀψευδὴς</span> <span class='ocrx_word' id='word_1_130' title='bbox 1563 1287 1588 1337; x_wconf 84' lang='grc' dir='ltr'>ὁ</span> <span class='ocrx_word' id='word_1_131' title='bbox 1639 1293 1722 1338; x_wconf 82' lang='grc' dir='ltr'>τοῦ</span> 
     </span>
     <span class='ocr_line' id='line_1_15' title="bbox 131 1356 1713 1432; baseline 0.009 -27"><span class='ocrx_word' id='word_1_132' title='bbox 131 1358 350 1422; x_wconf 79' lang='grc' dir='ltr'>Σωτῆρος</span> <span class='ocrx_word' id='word_1_133' title='bbox 389 1356 638 1421; x_wconf 85' lang='grc' dir='ltr'>γενήσεται</span> <span class='ocrx_word' id='word_1_134' title='bbox 676 1360 892 1424; x_wconf 78' lang='grc' dir='ltr'>μαθητής</span> <span class='ocrx_word' id='word_1_135' title='bbox 921 1369 947 1390; x_wconf 73' lang='grc'><strong>“</strong></span> <span class='ocrx_word' id='word_1_136' title='bbox 968 1365 1163 1425; x_wconf 77' lang='grc' dir='ltr'>Αἰτεῖτε,</span> <span class='ocrx_word' id='word_1_137' title='bbox 1190 1364 1358 1430; x_wconf 84' lang='grc' dir='ltr'>λέγων,</span> <span class='ocrx_word' id='word_1_138' title='bbox 1388 1369 1463 1417; x_wconf 78' lang='grc' dir='ltr'>καὶ</span> <span class='ocrx_word' id='word_1_139' title='bbox 1498 1369 1551 1418; x_wconf 82' lang='grc' dir='ltr'>οὐ</span> <span class='ocrx_word' id='word_1_140' title='bbox 1590 1377 1713 1432; x_wconf 92' lang='grc' dir='ltr'>λαμ-</span> 
     </span>
     <span class='ocr_line' id='line_1_16' title="bbox 62 1437 1721 1511; baseline 0.009 -25"><span class='ocrx_word' id='word_1_141' title='bbox 62 1443 156 1486; x_wconf 84' lang='lat'>15“</span> <span class='ocrx_word' id='word_1_142' title='bbox 179 1437 360 1501; x_wconf 81' lang='grc' dir='ltr'>βάνετε,</span> <span class='ocrx_word' id='word_1_143' title='bbox 396 1438 466 1489; x_wconf 79' lang='grc' dir='ltr'>ὅτι</span> <span class='ocrx_word' id='word_1_144' title='bbox 507 1444 660 1493; x_wconf 82' lang='grc' dir='ltr'>κακῶς</span> <span class='ocrx_word' id='word_1_145' title='bbox 700 1442 950 1492; x_wconf 84' lang='grc' dir='ltr'>αἱτεῖσθε.”</span> <span class='ocrx_word' id='word_1_146' title='bbox 1004 1444 1130 1511; x_wconf 87' lang='grc' dir='ltr'>ε’ίπερ</span> <span class='ocrx_word' id='word_1_147' title='bbox 1169 1446 1249 1496; x_wconf 75' lang='grc' dir='ltr'>οὖν</span> <span class='ocrx_word' id='word_1_148' title='bbox 1286 1449 1388 1498; x_wconf 85' lang='grc' dir='ltr'>ἐστι</span> <span class='ocrx_word' id='word_1_149' title='bbox 1428 1447 1629 1504; x_wconf 90' lang='grc' dir='ltr'>κόλασις</span> <span class='ocrx_word' id='word_1_150' title='bbox 1667 1450 1721 1501; x_wconf 90' lang='grc' dir='ltr'>τὸ</span> 
     </span>
     <span class='ocr_line' id='line_1_17' title="bbox 128 1520 1721 1594; baseline 0.009 -26"><span class='ocrx_word' id='word_1_151' title='bbox 128 1524 478 1582; x_wconf 84' lang='grc' dir='ltr'>σωματωθῆναι</span> <span class='ocrx_word' id='word_1_152' title='bbox 509 1521 688 1589; x_wconf 80' lang='grc' dir='ltr'>ψυχὴν,</span> <span class='ocrx_word' id='word_1_153' title='bbox 711 1520 868 1575; x_wconf 74' lang='grc' dir='ltr'>’Ἄννα</span> <span class='ocrx_word' id='word_1_154' title='bbox 903 1531 986 1576; x_wconf 84' lang='grc' dir='ltr'>τοῦ</span> <span class='ocrx_word' id='word_1_155' title='bbox 1015 1526 1247 1578; x_wconf 83' lang='grc' dir='ltr'>Ἑλικανὰ</span> <span class='ocrx_word' id='word_1_156' title='bbox 1281 1529 1309 1592; x_wconf 81' lang='grc' dir='ltr'>ἡ</span> <span class='ocrx_word' id='word_1_157' title='bbox 1344 1529 1476 1594; x_wconf 80' lang='grc' dir='ltr'>γυνὴ,</span> <span class='ocrx_word' id='word_1_158' title='bbox 1503 1536 1603 1585; x_wconf 81' lang='grc' dir='ltr'>πῶς</span> <span class='ocrx_word' id='word_1_159' title='bbox 1639 1533 1721 1583; x_wconf 82' lang='grc' dir='ltr'>οὐκ</span> 
     </span>
     <span class='ocr_line' id='line_1_18' title="bbox 127 1599 1716 1680; baseline 0.009 -31"><span class='ocrx_word' id='word_1_160' title='bbox 127 1599 336 1666; x_wconf 80' lang='grc' dir='ltr'>εὐλόγως</span> <span class='ocrx_word' id='word_1_161' title='bbox 372 1604 468 1668; x_wconf 82' lang='grc' dir='ltr'>ἐρεῖ</span> <span class='ocrx_word' id='word_1_162' title='bbox 497 1626 580 1666; x_wconf 87' lang='grc' dir='ltr'>τις,</span> <span class='ocrx_word' id='word_1_163' title='bbox 608 1603 676 1654; x_wconf 80' lang='grc' dir='ltr'>ὅτι</span> <span class='ocrx_word' id='word_1_164' title='bbox 713 1611 796 1655; x_wconf 84' lang='grc' dir='ltr'>τοῦ</span> <span class='ocrx_word' id='word_1_165' title='bbox 830 1606 1093 1672; x_wconf 77' lang='grc' dir='ltr'>πρέποντος</span> <span class='ocrx_word' id='word_1_166' title='bbox 1129 1610 1476 1679; x_wconf 83' lang='grc' dir='ltr'>ἀπεσφάλλετο</span> <span class='ocrx_word' id='word_1_167' title='bbox 1511 1614 1716 1680; x_wconf 79' lang='grc' dir='ltr'>μακρὰν,</span> 
     </span>
     <span class='ocr_line' id='line_1_19' title="bbox 125 1683 1722 1759; baseline 0.011 -28"><span class='ocrx_word' id='word_1_168' title='bbox 125 1683 246 1732; x_wconf 78' lang='grc' dir='ltr'>οὕτω</span> <span class='ocrx_word' id='word_1_169' title='bbox 306 1683 425 1749; x_wconf 89' lang='grc' dir='ltr'>πρὸς</span> <span class='ocrx_word' id='word_1_170' title='bbox 487 1685 611 1736; x_wconf 87' lang='grc' dir='ltr'>Θεὸν</span> <span class='ocrx_word' id='word_1_171' title='bbox 666 1688 979 1740; x_wconf 78' lang='grc' dir='ltr'>ἀνατείνουσα</span> <span class='ocrx_word' id='word_1_172' title='bbox 1035 1690 1121 1754; x_wconf 87' lang='grc' dir='ltr'>τὴν</span> <span class='ocrx_word' id='word_1_173' title='bbox 1179 1690 1332 1759; x_wconf 82' lang='grc' dir='ltr'>εὐχὴν,</span> <span class='ocrx_word' id='word_1_174' title='bbox 1384 1697 1459 1745; x_wconf 74' lang='grc' dir='ltr'>καὶ</span> <span class='ocrx_word' id='word_1_175' title='bbox 1521 1700 1722 1747; x_wconf 78' lang='grc' dir='ltr'>αἰτοῦσα</span> 
     </span>
     <span class='ocr_line' id='line_1_20' title="bbox 125 1765 1938 1860; baseline 0.009 -47"><span class='ocrx_word' id='word_1_176' title='bbox 125 1771 152 1793; x_wconf 79' lang='grc'><strong>“</strong></span> <span class='ocrx_word' id='word_1_177' title='bbox 177 1765 370 1831; x_wconf 86' lang='grc' dir='ltr'>σπέρμα</span> <span class='ocrx_word' id='word_1_178' title='bbox 410 1767 576 1832; x_wconf 78' lang='grc' dir='ltr'>ἀνδρός</span> <span class='ocrx_word' id='word_1_179' title='bbox 599 1769 644 1831; x_wconf 86' lang='lat'>;&#39;&#39;</span> <span class='ocrx_word' id='word_1_180' title='bbox 702 1773 863 1837; x_wconf 80' lang='grc' dir='ltr'>ψυχῆς</span> <span class='ocrx_word' id='word_1_181' title='bbox 903 1771 994 1838; x_wconf 80' lang='grc' dir='ltr'>γὰρ</span> <span class='ocrx_word' id='word_1_182' title='bbox 1034 1771 1132 1840; x_wconf 82' lang='grc' dir='ltr'>ᾔτει</span> <span class='ocrx_word' id='word_1_183' title='bbox 1171 1774 1480 1827; x_wconf 86' lang='grc' dir='ltr'>κατάπτωσιν</span> <span class='ocrx_word' id='word_1_184' title='bbox 1519 1781 1595 1828; x_wconf 79' lang='grc' dir='ltr'>καὶ</span> <span class='ocrx_word' id='word_1_185' title='bbox 1636 1778 1721 1843; x_wconf 85' lang='grc' dir='ltr'>τὴν</span> <span class='ocrx_word' id='word_1_186' title='bbox 1786 1787 1938 1860; x_wconf 53' lang='grc' dir='ltr'>ἷῐΒθὲ-ἰ·</span> 
     </span>
     <span class='ocr_line' id='line_1_21' title="bbox 55 1848 1765 1926; baseline 0.011 -31"><span class='ocrx_word' id='word_1_187' title='bbox 55 1864 104 1888; x_wconf 85' lang='grc'>20</span> <span class='ocrx_word' id='word_1_188' title='bbox 125 1849 187 1900; x_wconf 80' lang='grc' dir='ltr'>εἶς</span> <span class='ocrx_word' id='word_1_189' title='bbox 223 1852 365 1911; x_wconf 81' lang='grc' dir='ltr'>σῶμα</span> <span class='ocrx_word' id='word_1_190' title='bbox 402 1848 618 1900; x_wconf 88' lang='grc' dir='ltr'>κάθοδον·</span> <span class='ocrx_word' id='word_1_191' title='bbox 663 1855 764 1905; x_wconf 80' lang='grc' dir='ltr'>πῶς</span> <span class='ocrx_word' id='word_1_192' title='bbox 802 1852 850 1903; x_wconf 75' lang='grc' dir='ltr'>δὲ</span> <span class='ocrx_word' id='word_1_193' title='bbox 889 1853 1013 1907; x_wconf 77' lang='grc' dir='ltr'>ὅλως</span> <span class='ocrx_word' id='word_1_194' title='bbox 1047 1858 1123 1905; x_wconf 80' lang='grc' dir='ltr'>καὶ</span> <span class='ocrx_word' id='word_1_195' title='bbox 1151 1855 1249 1907; x_wconf 80' lang='grc' dir='ltr'>υἱὸν</span> <span class='ocrx_word' id='word_1_196' title='bbox 1276 1858 1394 1926; x_wconf 80' lang='grc' dir='ltr'>αὐτῇ</span> <span class='ocrx_word' id='word_1_197' title='bbox 1420 1860 1571 1911; x_wconf 84' lang='grc' dir='ltr'>ἐδίδου</span> <span class='ocrx_word' id='word_1_198' title='bbox 1599 1861 1765 1916; x_wconf 76' lang='grc' dir='ltr'>Θεὸςᾶ</span> 
     </span>
     <span class='ocr_line' id='line_1_22' title="bbox 123 1925 1714 2011; baseline 0.01 -33"><span class='ocrx_word' id='word_1_199' title='bbox 123 1925 206 1979; x_wconf 72' lang='grc' dir='ltr'>τὸν</span> <span class='ocrx_word' id='word_1_200' title='bbox 245 1928 378 1994; x_wconf 82' lang='grc' dir='ltr'>ἅγιον</span> <span class='ocrx_word' id='word_1_201' title='bbox 415 1932 656 1996; x_wconf 78' lang='grc' dir='ltr'>Σαμουὴλ,</span> <span class='ocrx_word' id='word_1_202' title='bbox 697 1933 822 2000; x_wconf 80' lang='grc' dir='ltr'>εἴπερ</span> <span class='ocrx_word' id='word_1_203' title='bbox 864 1936 953 1986; x_wconf 74' lang='grc' dir='ltr'>ἔδει</span> <span class='ocrx_word' id='word_1_204' title='bbox 990 1936 1177 1992; x_wconf 85' lang='grc' dir='ltr'>πάντως</span> <span class='ocrx_word' id='word_1_205' title='bbox 1218 1939 1492 2004; x_wconf 82' lang='grc' dir='ltr'>ἁμαρτῆσαι</span> <span class='ocrx_word' id='word_1_206' title='bbox 1531 1943 1714 2011; x_wconf 78' lang='grc' dir='ltr'>ψυχὴν,</span> 
     </span>
     <span class='ocr_line' id='line_1_23' title="bbox 124 2009 1721 2092; baseline 0.011 -33"><span class='ocrx_word' id='word_1_207' title='bbox 124 2009 197 2060; x_wconf 84' lang='grc' dir='ltr'>ἵνα</span> <span class='ocrx_word' id='word_1_208' title='bbox 238 2010 294 2075; x_wconf 88' lang='grc' dir='ltr'>δὴ</span> <span class='ocrx_word' id='word_1_209' title='bbox 335 2014 410 2062; x_wconf 77' lang='grc' dir='ltr'>καὶ</span> <span class='ocrx_word' id='word_1_210' title='bbox 453 2015 753 2077; x_wconf 83' lang='grc' dir='ltr'>ἐμπλακεῖσα</span> <span class='ocrx_word' id='word_1_211' title='bbox 801 2017 988 2080; x_wconf 80' lang='grc' dir='ltr'>σώματι</span> <span class='ocrx_word' id='word_1_212' title='bbox 1031 2024 1088 2087; x_wconf 83' lang='grc' dir='ltr'>τῇ</span> <span class='ocrx_word' id='word_1_213' title='bbox 1131 2023 1314 2086; x_wconf 70' lang='grc' dir='ltr'>γυναικὶ</span> <span class='ocrx_word' id='word_1_214' title='bbox 1355 2024 1594 2092; x_wconf 84' lang='grc' dir='ltr'>πληρώσῃ</span> <span class='ocrx_word' id='word_1_215' title='bbox 1635 2025 1721 2089; x_wconf 88' lang='grc' dir='ltr'>τὴν</span> 
     </span>
     <span class='ocr_line' id='line_1_24' title="bbox 123 2092 1719 2171; baseline 0.011 -30"><span class='ocrx_word' id='word_1_216' title='bbox 123 2092 341 2156; x_wconf 64' lang='grc' dir='ltr'>α’ίτησιν,</span> <span class='ocrx_word' id='word_1_217' title='bbox 385 2095 518 2146; x_wconf 79' lang='grc' dir='ltr'>ἀλλὰ</span> <span class='ocrx_word' id='word_1_218' title='bbox 551 2096 646 2160; x_wconf 84' lang='grc' dir='ltr'>μὴν</span> <span class='ocrx_word' id='word_1_219' title='bbox 671 2100 744 2148; x_wconf 70' lang='grc' dir='ltr'>καὶ</span> <span class='ocrx_word' id='word_1_220' title='bbox 783 2098 904 2153; x_wconf 85' lang='grc' dir='ltr'>Θεὸς</span> <span class='ocrx_word' id='word_1_221' title='bbox 940 2102 1103 2164; x_wconf 78' lang='grc' dir='ltr'>ἐδίδου,</span> <span class='ocrx_word' id='word_1_222' title='bbox 1130 2102 1251 2166; x_wconf 88' lang='grc' dir='ltr'>μόνα</span> <span class='ocrx_word' id='word_1_223' title='bbox 1286 2104 1506 2171; x_wconf 80' lang='grc' dir='ltr'>πεφυκὼς</span> <span class='ocrx_word' id='word_1_224' title='bbox 1543 2106 1719 2158; x_wconf 86' lang='grc' dir='ltr'>διδόναι</span> 
     </span>
     <span class='ocr_line' id='line_1_25' title="bbox 122 2172 1718 2254; baseline 0.014 -32"><span class='ocrx_word' id='word_1_225' title='bbox 122 2172 181 2223; x_wconf 81' lang='grc' dir='ltr'>τὰ</span> <span class='ocrx_word' id='word_1_226' title='bbox 207 2174 378 2239; x_wconf 77' lang='grc' dir='ltr'>ἀγαθὰ,</span> <span class='ocrx_word' id='word_1_227' title='bbox 406 2179 479 2228; x_wconf 74' lang='grc' dir='ltr'>καὶ</span> <span class='ocrx_word' id='word_1_228' title='bbox 518 2180 777 2246; x_wconf 84' lang='grc' dir='ltr'>προχείρως</span> <span class='ocrx_word' id='word_1_229' title='bbox 816 2183 1063 2236; x_wconf 79' lang='grc' dir='ltr'>ἐπινεύσας</span> <span class='ocrx_word' id='word_1_230' title='bbox 1100 2186 1217 2253; x_wconf 79' lang='grc' dir='ltr'>αὐτῇ</span> <span class='ocrx_word' id='word_1_231' title='bbox 1253 2188 1491 2252; x_wconf 84' lang='grc' dir='ltr'>λοιδορίας</span> <span class='ocrx_word' id='word_1_232' title='bbox 1526 2189 1718 2254; x_wconf 82' lang='grc' dir='ltr'>ἁπάσης</span> 
     </span>
     <span class='ocr_line' id='line_1_26' title="bbox 38 2257 1713 2337; baseline 0.012 -33"><span class='ocrx_word' id='word_1_233' title='bbox 38 2267 102 2306; x_wconf 82' lang='grc'>-25</span> <span class='ocrx_word' id='word_1_234' title='bbox 122 2257 359 2321; x_wconf 86' lang='grc' dir='ltr'>ἐλευθεροῖ</span> <span class='ocrx_word' id='word_1_235' title='bbox 388 2258 473 2322; x_wconf 85' lang='grc' dir='ltr'>τὴν</span> <span class='ocrx_word' id='word_1_236' title='bbox 507 2260 711 2324; x_wconf 79' lang='grc' dir='ltr'>αἴτησιν.</span> <span class='ocrx_word' id='word_1_237' title='bbox 771 2264 853 2314; x_wconf 83' lang='grc' dir='ltr'>οὐκ</span> <span class='ocrx_word' id='word_1_238' title='bbox 895 2265 986 2330; x_wconf 79' lang='grc' dir='ltr'>ἄρα</span> <span class='ocrx_word' id='word_1_239' title='bbox 1026 2266 1082 2335; x_wconf 73' lang='grc' dir='ltr'>ἐξ</span> <span class='ocrx_word' id='word_1_240' title='bbox 1119 2268 1347 2334; x_wconf 87' lang='grc' dir='ltr'>ἁμαρτίας</span> <span class='ocrx_word' id='word_1_241' title='bbox 1385 2269 1412 2332; x_wconf 86' lang='grc' dir='ltr'>ἡ</span> <span class='ocrx_word' id='word_1_242' title='bbox 1449 2268 1713 2337; x_wconf 87' lang='grc' dir='ltr'>σάρκωσις,</span> 
     </span>
     <span class='ocr_line' id='line_1_27' title="bbox 121 2340 1152 2409; baseline 0.012 -22"><span class='ocrx_word' id='word_1_243' title='bbox 121 2340 231 2388; x_wconf 84' lang='grc' dir='ltr'>ἀλλ’</span> <span class='ocrx_word' id='word_1_244' title='bbox 261 2340 363 2390; x_wconf 75' lang='grc' dir='ltr'>οὐδὲ</span> <span class='ocrx_word' id='word_1_245' title='bbox 390 2342 635 2397; x_wconf 88' lang='grc' dir='ltr'>κολάσεως</span> <span class='ocrx_word' id='word_1_246' title='bbox 662 2344 838 2409; x_wconf 88' lang='grc' dir='ltr'>τρόπος</span> <span class='ocrx_word' id='word_1_247' title='bbox 865 2346 986 2397; x_wconf 86' lang='grc' dir='ltr'>κατά</span> <span class='ocrx_word' id='word_1_248' title='bbox 1009 2371 1152 2401; x_wconf 90' lang='grc' dir='ltr'>τινας.</span> 
     </span>
     <span class='ocr_line' id='line_1_28' title="bbox 195 2425 1750 2500; baseline 0.01 -30"><span class='ocrx_word' id='word_1_249' title='bbox 195 2443 254 2486; x_wconf 90' lang='grc' dir='ltr'>ιγ.</span> <span class='ocrx_word' id='word_1_250' title='bbox 295 2442 427 2472; x_wconf 83' lang='grc' dir='ltr'>ΑΛΛΟ.</span> <span class='ocrx_word' id='word_1_251' title='bbox 468 2428 526 2474; x_wconf 84' lang='grc' dir='ltr'>Εἰ</span> <span class='ocrx_word' id='word_1_252' title='bbox 554 2427 601 2475; x_wconf 84' lang='grc' dir='ltr'>ἐν</span> <span class='ocrx_word' id='word_1_253' title='bbox 628 2425 757 2494; x_wconf 77' lang='grc' dir='ltr'>τάξει</span> <span class='ocrx_word' id='word_1_254' title='bbox 793 2431 1018 2495; x_wconf 86' lang='grc' dir='ltr'>τιμωρίας</span> <span class='ocrx_word' id='word_1_255' title='bbox 1052 2432 1234 2482; x_wconf 82' lang='grc' dir='ltr'>δέδοται</span> <span class='ocrx_word' id='word_1_256' title='bbox 1269 2431 1323 2483; x_wconf 91' lang='grc' dir='ltr'>τὸ</span> <span class='ocrx_word' id='word_1_257' title='bbox 1358 2437 1502 2495; x_wconf 82' lang='grc' dir='ltr'>σῶμα</span> <span class='ocrx_word' id='word_1_258' title='bbox 1538 2437 1595 2500; x_wconf 83' lang='grc' dir='ltr'>τῇ</span> <span class='ocrx_word' id='word_1_259' title='bbox 1631 2440 1750 2485; x_wconf 74' lang='grc' dir='ltr'>τοῦθ</span> 
     </span>
     <span class='ocr_line' id='line_1_29' title="bbox 122 2502 1708 2582; baseline 0.011 -32"><span class='ocrx_word' id='word_1_260' title='bbox 122 2502 371 2567; x_wconf 83' lang='grc' dir='ltr'>ἀνθρώπου</span> <span class='ocrx_word' id='word_1_261' title='bbox 409 2509 559 2574; x_wconf 81' lang='grc' dir='ltr'>ψυχῇ,</span> <span class='ocrx_word' id='word_1_262' title='bbox 599 2509 648 2558; x_wconf 85' lang='grc' dir='ltr'>τί</span> <span class='ocrx_word' id='word_1_263' title='bbox 684 2508 737 2559; x_wconf 90' lang='grc' dir='ltr'>τὸ</span> <span class='ocrx_word' id='word_1_264' title='bbox 785 2510 1007 2565; x_wconf 87' lang='grc' dir='ltr'>πεπεικὸς</span> <span class='ocrx_word' id='word_1_265' title='bbox 1046 2513 1259 2579; x_wconf 73' lang='grc' dir='ltr'>Ἑζεκίαν</span> <span class='ocrx_word' id='word_1_266' title='bbox 1297 2513 1379 2564; x_wconf 88' lang='grc' dir='ltr'>τὸν</span> <span class='ocrx_word' id='word_1_267' title='bbox 1417 2518 1500 2578; x_wconf 80' lang='grc' dir='ltr'>τῆς</span> <span class='ocrx_word' id='word_1_268' title='bbox 1538 2516 1708 2582; x_wconf 89' lang='grc' dir='ltr'>Ἱερου-</span> 
     </span>
     <span class='ocr_line' id='line_1_30' title="bbox 121 2582 1891 2680; baseline 0.011 -49"><span class='ocrx_word' id='word_1_269' title='bbox 121 2582 288 2646; x_wconf 87' lang='grc' dir='ltr'>σαλὴμ</span> <span class='ocrx_word' id='word_1_270' title='bbox 314 2587 536 2651; x_wconf 76' lang='grc' dir='ltr'>βασιλέα,</span> <span class='ocrx_word' id='word_1_271' title='bbox 564 2590 713 2640; x_wconf 85' lang='grc' dir='ltr'>καίτοι</span> <span class='ocrx_word' id='word_1_272' title='bbox 741 2590 902 2660; x_wconf 88' lang='grc' dir='ltr'>σοφὸν</span> <span class='ocrx_word' id='word_1_273' title='bbox 929 2592 1043 2644; x_wconf 80' lang='grc' dir='ltr'>ὅντα</span> <span class='ocrx_word' id='word_1_274' title='bbox 1081 2598 1154 2645; x_wconf 82' lang='grc' dir='ltr'>καὶ</span> <span class='ocrx_word' id='word_1_275' title='bbox 1194 2595 1392 2660; x_wconf 81' lang='grc' dir='ltr'>ἀγαθὸν,</span> <span class='ocrx_word' id='word_1_276' title='bbox 1423 2598 1634 2662; x_wconf 85' lang='grc' dir='ltr'>δακρύων</span> <span class='ocrx_word' id='word_1_277' title='bbox 1661 2599 1714 2648; x_wconf 81' lang='grc' dir='ltr'>οὐ</span> <span class='ocrx_word' id='word_1_278' title='bbox 1772 2605 1891 2680; x_wconf 45' lang='lat' dir='ltr'>ffs&#39;zviii</span> 
     </span>
     <span class='ocr_line' id='line_1_31' title="bbox 1772 2701 1801 2732; baseline 0 -9"><span class='ocrx_word' id='word_1_279' title='bbox 1772 2701 1801 2732; x_wconf 76' lang='lat'>3·</span> 
     </span>
     <span class='ocr_line' id='line_1_32' title="bbox 174 2733 1710 2791; baseline 0.012 -26"><span class='ocrx_word' id='word_1_280' title='bbox 174 2743 205 2766; x_wconf 88' lang='lat'>2.</span> <span class='ocrx_word' id='word_1_281' title='bbox 235 2733 383 2780; x_wconf 84' lang='grc' dir='ltr'>δικαίως]</span> <span class='ocrx_word' id='word_1_282' title='bbox 404 2738 422 2770; x_wconf 88' lang='grc' dir='ltr'>ὁ</span> <span class='ocrx_word' id='word_1_283' title='bbox 441 2737 564 2774; x_wconf 83' lang='grc' dir='ltr'>δίκαιος</span> <span class='ocrx_word' id='word_1_284' title='bbox 582 2739 625 2774; x_wconf 90' lang='grc' dir='ltr'>Β.</span> <span class='ocrx_word' id='word_1_285' title='bbox 808 2755 840 2785; x_wconf 92' lang='grc'>4.</span> <span class='ocrx_word' id='word_1_286' title='bbox 866 2743 947 2777; x_wconf 78' lang='grc' dir='ltr'>ὡσεὶ</span> <span class='ocrx_word' id='word_1_287' title='bbox 968 2743 1008 2778; x_wconf 86' lang='grc' dir='ltr'>Β.</span> <span class='ocrx_word' id='word_1_288' title='bbox 1029 2745 1073 2780; x_wconf 84' lang='grc' dir='ltr'>ὡς</span> <span class='ocrx_word' id='word_1_289' title='bbox 1092 2745 1158 2780; x_wconf 85' lang='lat' dir='ltr'>Ed.</span> <span class='ocrx_word' id='word_1_290' title='bbox 1349 2745 1380 2779; x_wconf 84' lang='grc'>6.</span> <span class='ocrx_word' id='word_1_291' title='bbox 1408 2747 1487 2781; x_wconf 83' lang='grc' dir='ltr'>ε’στέ</span> <span class='ocrx_word' id='word_1_292' title='bbox 1506 2747 1548 2781; x_wconf 88' lang='grc' dir='ltr'>Β.</span> <span class='ocrx_word' id='word_1_293' title='bbox 1568 2746 1625 2791; x_wconf 76' lang='grc' dir='ltr'>ἦτε</span> <span class='ocrx_word' id='word_1_294' title='bbox 1644 2748 1710 2783; x_wconf 85' lang='lat' dir='ltr'>Ed.</span> 
     </span>
    </p>
   </div>
   <div class='ocr_carea' id='block_1_3' title="bbox 130 2778 1712 2950">
    <p class='ocr_par' dir='ltr' id='par_1_3' title="bbox 130 2778 1712 2950">
     <span class='ocr_line' id='line_1_33' title="bbox 130 2778 1712 2839; baseline 0.011 -28"><span class='ocrx_word' id='word_1_295' title='bbox 130 2778 163 2811; x_wconf 86' lang='lat'>8.</span> <span class='ocrx_word' id='word_1_296' title='bbox 191 2778 323 2825; x_wconf 78' lang='grc' dir='ltr'>εἴηπερ]</span> <span class='ocrx_word' id='word_1_297' title='bbox 343 2782 435 2826; x_wconf 71' lang='grc' dir='ltr'>εἴπερ</span> <span class='ocrx_word' id='word_1_298' title='bbox 454 2783 496 2818; x_wconf 91' lang='grc' dir='ltr'>Β.</span> <span class='ocrx_word' id='word_1_299' title='bbox 563 2786 687 2832; x_wconf 81' lang='grc' dir='ltr'>ἐπευχὴ</span> <span class='ocrx_word' id='word_1_300' title='bbox 706 2789 852 2834; x_wconf 79' lang='lat' dir='ltr'>conjecit</span> <span class='ocrx_word' id='word_1_301' title='bbox 872 2789 1001 2835; x_wconf 80' lang='lat' dir='ltr'>Heyse.</span> <span class='ocrx_word' id='word_1_302' title='bbox 1178 2803 1210 2837; x_wconf 85' lang='lat'>9.</span> <span class='ocrx_word' id='word_1_303' title='bbox 1237 2793 1425 2836; x_wconf 74' lang='grc' dir='ltr'>εὑρίσκεται</span> <span class='ocrx_word' id='word_1_304' title='bbox 1447 2793 1487 2828; x_wconf 86' lang='grc' dir='ltr'>Β.</span> <span class='ocrx_word' id='word_1_305' title='bbox 1506 2795 1712 2839; x_wconf 81' lang='grc' dir='ltr'>εὖρίσκοιται</span> 
     </span>
     <span class='ocr_line' id='line_1_34' title="bbox 131 2825 1710 2883; baseline 0.011 -25"><span class='ocrx_word' id='word_1_306' title='bbox 131 2825 210 2869; x_wconf 82' lang='lat' dir='ltr'>(sic)</span> <span class='ocrx_word' id='word_1_307' title='bbox 231 2826 271 2860; x_wconf 90' lang='lat' dir='ltr'>E.</span> <span class='ocrx_word' id='word_1_308' title='bbox 290 2828 480 2871; x_wconf 78' lang='grc' dir='ltr'>εὑρίσκοιτο</span> <span class='ocrx_word' id='word_1_309' title='bbox 498 2831 564 2865; x_wconf 89' lang='lat' dir='ltr'>Ed.</span> <span class='ocrx_word' id='word_1_310' title='bbox 768 2846 820 2870; x_wconf 89' lang='grc' dir='ltr'>ΙΙ.</span> <span class='ocrx_word' id='word_1_311' title='bbox 847 2836 960 2881; x_wconf 83' lang='grc' dir='ltr'>ε’πέχει</span> <span class='ocrx_word' id='word_1_312' title='bbox 980 2837 1022 2871; x_wconf 89' lang='grc' dir='ltr'>Β.</span> <span class='ocrx_word' id='word_1_313' title='bbox 1040 2838 1109 2883; x_wconf 78' lang='grc' dir='ltr'>ἕχει</span> <span class='ocrx_word' id='word_1_314' title='bbox 1129 2838 1194 2873; x_wconf 87' lang='lat' dir='ltr'>Ed.</span> <span class='ocrx_word' id='word_1_315' title='bbox 1395 2851 1448 2875; x_wconf 86' lang='lat'>12.</span> <span class='ocrx_word' id='word_1_316' title='bbox 1476 2841 1647 2876; x_wconf 80' lang='grc' dir='ltr'>ἐπίνευσιν</span> <span class='ocrx_word' id='word_1_317' title='bbox 1669 2842 1710 2877; x_wconf 84' lang='grc' dir='ltr'>Β.</span> 
     </span>
     <span class='ocr_line' id='line_1_35' title="bbox 134 2889 1710 2950; baseline 0.012 -30"><span class='ocrx_word' id='word_1_318' title='bbox 134 2899 186 2930; x_wconf 86' lang='lat'>14.</span> <span class='ocrx_word' id='word_1_319' title='bbox 212 2889 338 2935; x_wconf 76' lang='grc' dir='ltr'>λέγων]</span> <span class='ocrx_word' id='word_1_320' title='bbox 358 2894 440 2935; x_wconf 81' lang='grc' dir='ltr'>γοῦν</span> <span class='ocrx_word' id='word_1_321' title='bbox 459 2892 500 2926; x_wconf 88' lang='grc' dir='ltr'>Β.</span> <span class='ocrx_word' id='word_1_322' title='bbox 565 2896 773 2939; x_wconf 77' lang='grc' dir='ltr'>λαμβάνεται</span> <span class='ocrx_word' id='word_1_323' title='bbox 792 2898 838 2933; x_wconf 89' lang='lat' dir='ltr'>D.</span> <span class='ocrx_word' id='word_1_324' title='bbox 1017 2901 1068 2934; x_wconf 87' lang='lat'>16.</span> <span class='ocrx_word' id='word_1_325' title='bbox 1094 2901 1252 2935; x_wconf 61' lang='grc' dir='ltr'>ιΕλικανὰ</span> <span class='ocrx_word' id='word_1_326' title='bbox 1273 2895 1460 2948; x_wconf 70' lang='grc' dir='ltr'>[Ἐλῆκανὰ</span> <span class='ocrx_word' id='word_1_327' title='bbox 1477 2902 1571 2949; x_wconf 69' lang='lat' dir='ltr'>cod]</span> <span class='ocrx_word' id='word_1_328' title='bbox 1592 2904 1610 2948; x_wconf 84' lang='grc' dir='ltr'><em>ἦ</em></span> <span class='ocrx_word' id='word_1_329' title='bbox 1628 2906 1710 2950; x_wconf 84' lang='grc' dir='ltr'>γυνὴ</span> 
     </span>
    </p>
   </div>
   <div class='ocr_carea' id='block_1_4' title="bbox 130 2934 1710 3039">
    <p class='ocr_par' dir='ltr' id='par_1_4' title="bbox 130 2934 1710 3039">
     <span class='ocr_line' id='line_1_36' title="bbox 130 2934 1710 2997; baseline 0.012 -30"><span class='ocrx_word' id='word_1_330' title='bbox 130 2934 173 2968; x_wconf 94' lang='grc' dir='ltr'>Β.</span> <span class='ocrx_word' id='word_1_331' title='bbox 193 2937 346 2980; x_wconf 86' lang='grc' dir='ltr'>Φανουὴλ</span> <span class='ocrx_word' id='word_1_332' title='bbox 365 2937 384 2981; x_wconf 88' lang='grc' dir='ltr'>ἡ</span> <span class='ocrx_word' id='word_1_333' title='bbox 402 2938 550 2985; x_wconf 85' lang='grc' dir='ltr'>θυγάτηρ</span> <span class='ocrx_word' id='word_1_334' title='bbox 570 2941 635 2976; x_wconf 87' lang='lat' dir='ltr'>Ed.</span> <span class='ocrx_word' id='word_1_335' title='bbox 656 2947 678 2961; x_wconf 83' lang='lat'><strong>“</strong></span> <span class='ocrx_word' id='word_1_336' title='bbox 691 2944 878 2979; x_wconf 77' lang='lat' dir='ltr'>Phanuelis</span> <span class='ocrx_word' id='word_1_337' title='bbox 897 2946 992 2980; x_wconf 82' lang='lat' dir='ltr'>filia’&#39;</span> <span class='ocrx_word' id='word_1_338' title='bbox 1011 2947 1184 2993; x_wconf 75' lang='lat' dir='ltr'>Georgius</span> <span class='ocrx_word' id='word_1_339' title='bbox 1201 2949 1346 2993; x_wconf 84' lang='lat' dir='ltr'><strong>Trapez.</strong></span> <span class='ocrx_word' id='word_1_340' title='bbox 1471 2961 1522 2995; x_wconf 88' lang='lat'>17.</span> <span class='ocrx_word' id='word_1_341' title='bbox 1550 2952 1710 2997; x_wconf 85' lang='grc' dir='ltr'>ἀπεσφά-</span> 
     </span>
     <span class='ocr_line' id='line_1_37' title="bbox 130 2982 1412 3039; baseline 0.013 -25"><span class='ocrx_word' id='word_1_342' title='bbox 130 2982 210 3015; x_wconf 83' lang='grc' dir='ltr'>λετο</span> <span class='ocrx_word' id='word_1_343' title='bbox 228 2982 271 3016; x_wconf 88' lang='grc' dir='ltr'>Β.</span> <span class='ocrx_word' id='word_1_344' title='bbox 418 2996 472 3020; x_wconf 82' lang='lat'>20.</span> <span class='ocrx_word' id='word_1_345' title='bbox 499 2986 603 3032; x_wconf 82' lang='grc' dir='ltr'>ὅλως]</span> <span class='ocrx_word' id='word_1_346' title='bbox 624 2989 708 3025; x_wconf 74' lang='grc' dir='ltr'>ὁδῶς</span> <span class='ocrx_word' id='word_1_347' title='bbox 726 2990 768 3025; x_wconf 80' lang='grc' dir='ltr'>Β.</span> <span class='ocrx_word' id='word_1_348' title='bbox 914 3002 968 3037; x_wconf 88' lang='lat'>27.</span> <span class='ocrx_word' id='word_1_349' title='bbox 995 2996 1054 3027; x_wconf 73' lang='grc' dir='ltr'>τοῦ</span> <span class='ocrx_word' id='word_1_350' title='bbox 1072 3001 1292 3039; x_wconf 76' lang='lat' dir='ltr'>assumptum</span> <span class='ocrx_word' id='word_1_351' title='bbox 1310 3008 1349 3030; x_wconf 81' lang='lat' dir='ltr'>ex</span> <span class='ocrx_word' id='word_1_352' title='bbox 1372 2996 1412 3031; x_wconf 93' lang='grc' dir='ltr'>Β.</span> 
     </span>
    </p>
   </div>
   <div class='ocr_carea' id='block_1_5' title="bbox 181 3048 941 3085">
    <p class='ocr_par' dir='ltr' id='par_1_5' title="bbox 181 3048 941 3085">
     <span class='ocr_line' id='line_1_38' title="bbox 181 3048 941 3085; baseline 0.012 -9"><span class='ocrx_word' id='word_1_353' title='bbox 181 3048 272 3077; x_wconf 72' lang='lat' dir='ltr'>VOL.</span> <span class='ocrx_word' id='word_1_354' title='bbox 298 3051 325 3077; x_wconf 85' lang='grc' dir='ltr'>Ι.</span> <span class='ocrx_word' id='word_1_355' title='bbox 918 3060 941 3085; x_wconf 82' lang='lat' dir='ltr'>R</span> 
     </span>
    </p>
   </div>
  </div>
 </body>
</html>
