2084 3317
125 1569 234 1609 Supra

126 1624 190 1643 ver.
211 1624 239 1652 q.

359 160 441 200 128
761 161 1114 202 B.CYRHssss
1156 161 1535 202 ALEXANDRM
1830 160 1941 201 LIQ

360 269 643 331 βασιλεύσει
671 271 718 321 δέ
746 272 813 321 ἐπ’
836 271 980 334 αὐτὴν
1003 273 1026 321 ὁ
1048 271 1175 333 Υἱὸς,
1193 270 1335 334 μόνος
1363 271 1482 338 ε”χων
1508 270 1627 334 μετὰ
1652 276 1734 321 τοῦ
1754 270 1945 336 Πατρὸς

318 351 413 402 orb
450 352 681 402 δύνασθαι
720 357 795 403 καὶ
831 355 892 405 ὡς
927 352 1041 403 ὄντα
1077 352 1135 403 τὰ
1167 352 1232 416 μὴ
1260 352 1374 403 ὄντα
1400 357 1574 415 καλεῖν,
1602 356 1677 403 καὶ
1712 351 1765 403 τὸ
1801 352 1944 417 μήπω

360 432 573 500 ὑπάρχον
625 433 811 502 άῤῥήτῳ
863 434 1054 496 δυνάμει
1105 434 1334 500 παράγειν
1386 440 1448 488 εἷς
1497 434 1701 499 γε’νεσιν.
1775 434 1844 485 ὅτι
1895 433 1945 485 δὲ

358 515 583 582 ὑπάρχων
621 516 740 565 κατὰ
781 514 931 585 φύσιν
971 516 1094 570 Θεὸς
1139 518 1164 566 ὁ
1207 517 1334 579 Υἱὸς,
1375 517 1526 582 ἕτερος
1569 516 1718 580 δήπου
1757 515 1945 570 πάντως

358 598 461 647 ἐστὶ
485 596 614 663 παρὰ
639 596 725 660 τὴν
753 598 921 659 κτίσιν,
948 599 1212 664 ἀρκούντως
1239 598 1327 662 ἤδη
1355 597 1647 664 διειληφότες
1675 599 1723 648 ἐν
1749 602 1814 666 τῷ
1839 601 1943 664 περὶ

357 681 439 740 τῆς
472 679 607 743 ἁγίας
631 678 836 744 Τριάδος
872 679 1019 749 λόγῳ,
1045 679 1263 746 περιττὸν
1290 681 1338 730 ἐν
1364 679 1545 733 τούτοις
1576 682 1767 745 ἐροῦμεν
1794 679 1942 730 οὐδέν·

355 759 486 823 πλὴν
537 762 679 811 ἐκεῖνο
730 762 977 827 χρησίμως
1029 762 1388 828 προσθήσομεν,
1439 761 1509 812 ὅτι
1558 762 1613 811 δι’
1666 762 1808 812 αὐτοῦ
1862 760 1944 812 τὸν

356 841 541 905 κόσμον
581 845 871 906 πεποιῆσθαι
911 842 1080 908 λέγων,
1120 848 1181 897 εἷς
1220 843 1400 894 ε”ννοιαν
1438 844 1556 907 ἡμᾶς
1596 843 1817 911 ἀναφέρει
1859 843 1945 907 τὴν

355 928 460 989 περὶ
498 923 705 990 Πατρὸς,
742 926 817 975 καὶ
852 925 1153 993 συνεισφέρει
1187 929 1254 994 τῷ
1288 927 1342 976 δι’
1371 925 1425 976 οὗ
1459 924 1542 975 τὸν
1572 925 1629 993 ἐξ
1661 925 1731 975 οὗ.
1787 924 1944 977 πάντα

358 1007 450 1073 γὰρ
477 1005 607 1073 παρὰ
635 1005 827 1072 Πατρὸς
854 1008 908 1057 δι’
938 1011 1056 1058 Υὶοῦ
1083 1010 1130 1058 ἐν
1156 1007 1306 1076 ‘Ayc'cp
1338 1007 1588 1070 Πνεύματι.

307 1096 333 1136 d

763 1189 837 1231 Καὶ
876 1191 897 1234 ὁ
937 1191 1094 1239 κόσμος
1132 1190 1261 1232 αὐτὸν
1301 1190 1375 1231 οὐκ
1413 1190 1537 1238 &svam

429 1320 589 1390 Νήφει
615 1320 763 1372 πάλιν
790 1323 814 1372 ὁ
840 1320 1244 1390 πνευματοφόρος,
1272 1324 1345 1372 καὶ
1374 1321 1571 1390 φθάνειν
1597 1323 1826 1388 ἐπείγεται
1860 1322 1943 1376 τὰς

355 1402 486 1470 παρά
521 1427 661 1454 τινων
692 1404 1034 1469 εὑρεσιλογίας·
1081 1403 1340 1467 θαυμάσεις
1381 1403 1429 1454 δὲ
1467 1403 1614 1455 πάλιν
1648 1404 1731 1455 τὸν
1765 1406 1813 1455 ἐν
1848 1409 1944 1459 τοῖς

357 1485 630 1551 θεωρήμασι
670 1485 926 1551 λογισμόν.
983 1489 1087 1554 φῶς
1127 1484 1354 1550 ἀληθινὸν
1389 1485 1656 1537 ἀπεκάλεσε
1694 1485 1778 1536 τὸν
1803 1487 1939 1550 Υἱὸν,

353 1566 686 1635 διισχυρίσατό
721 1591 770 1618 τε
807 1567 1023 1636 φωτίζειν
1050 1566 1192 1618 αὐτὸν
1219 1567 1375 1619 πάντα
1410 1568 1659 1634 ἄνθρωπον
1692 1560 1944 1635 ἐρχόμενον

351 1654 413 1703 εἷς
439 1648 521 1700 τὸν
548 1649 745 1709 κόσμον·
786 1649 904 1716 πρὸς
931 1649 986 1699 δέ
1004 1673 1058 1715 γε
1085 1648 1251 1720 τούτῳ,
1279 1650 1349 1701 ὅτι
1376 1653 1451 1701 καὶ
1480 1658 1506 1679 “
1527 1648 1584 1714 ἦν
1610 1651 1657 1701 ἐν
1683 1655 1749 1719 τῷ
1776 1649 1943 1722 κόσμῳ

352 1740 377 1762 “
410 1734 562 1800 φησὶν
588 1734 663 1782 καὶ
695 1733 720 1782 ὁ
761 1730 941 1795 κόσμος
968 1733 1022 1783 δι’
1054 1732 1196 1782 αὐτοῦ
1223 1731 1447 1797 ἐγένετο.”
1500 1732 1611 1782 ἀλλ’
1641 1730 1766 1783 εἶπεν
1792 1733 1849 1783 ὂίν
1875 1757 1944 1787 τις

311 1813 488 1867 θεύθὺς
530 1814 639 1878 ἡμῖν
671 1818 766 1864 τῶν
799 1815 852 1864 δι’
889 1814 1097 1867 ἐναντίας
1137 1818 1195 1864 Εἰ
1235 1818 1337 1883 φῶς
1376 1813 1433 1878 ἧν
1465 1815 1489 1864 ὁ
1521 1813 1692 1880 Λόγος,
1728 1812 1764 1864 ὦ
1802 1815 1942 1876 οὗτοι,

354 1899 431 1947 καὶ
471 1900 507 1946 εἰ
550 1895 737 1963 φωτίζει
778 1894 955 1949 παντὸς
1001 1896 1251 1961 ἀνθρώπου
1296 1897 1505 1961 καρδίαν,
1544 1900 1606 1949 εἷς
1652 1897 1944 1961 θεογνωσίαν

356 1977 577 2043 δηλονότι
609 1980 684 2028 καὶ
715 1981 777 2030 εἰς
807 1976 1005 2028 σύνεσιν
1031 1979 1424 2044 ἀνθρωποπρεπῆ,
1453 1979 1528 2028 καὶ
1555 1978 1683 2044 ε’ίπερ
1712 1977 1770 2043 ἧν
1797 1981 1866 2029 ἀεὶ
1897 1981 1944 2029 ἐν

357 2065 422 2130 τῷ
463 2060 643 2130 κόσμῳ,
677 2061 750 2110 καὶ
789 2058 928 2112 αὐτὸς
966 2058 1024 2123 ἧν
1058 2057 1258 2126 ἐργάτης
1298 2060 1454 2122 αὐτοῦ,
1488 2064 1586 2114 πῶς
1620 2059 1830 2126 ἠγνοήθη
1870 2064 1945 2112 καὶ

357 2148 418 2197 εἷς
458 2141 654 2210 χρόνους
693 2142 813 2192 οὕτω
852 2141 1074 2208 μακρούς·
1123 2142 1290 2192 οὐκοῦν
1321 2143 1403 2192 οὐκ
1439 2142 1672 2210 ἐφώτιζεν,
1701 2141 1812 2192 ἀλλ’
1841 2143 1945 2194 οὐδὲ

358 2224 481 2278 ὅλως
509 2226 687 2291 ὑπῆρχε
715 2222 768 2274 τὸ
796 2226 898 2292 φῶς
927 2222 1079 2275 αὐτός.
1133 2221 1252 2289 πρὸς
1279 2222 1334 2286 δὴ
1361 2222 1420 2273 τὰ
1446 2230 1637 2274 τοιαῦτα
1664 2225 1945 2291 θερμότερον

358 2309 382 2358 ὁ
410 2307 635 2372 θεολόγος
668 2304 932 2371 ὑπαντιάζει
968 2304 1123 2370 λέγων
1149 2306 1207 2356 ‘O
1238 2308 1404 2373 κόσμος
1433 2308 1557 2356 αὐτὸν
1583 2310 1658 2356 οὐκ
1695 2306 1818 2371 ἔγνω·
1861 2308 1945 2358 οὐκ

358 2388 497 2443 αὐτὸς
524 2390 578 2439 δι’
607 2387 771 2439 ἑαυτὸν
797 2387 1023 2453 ἠγνοήθη,
1050 2388 1215 2455 φησίν·
1268 2387 1498 2438 αἰτιάσθω
1527 2386 1575 2438 δὲ
1601 2389 1626 2438 ὁ
1653 2387 1834 2451 κόσμος
1859 2387 1945 2453 τὴν

135 2487 192 2521 88
210 2486 259 2521 Α.
317 2471 529 2522 ειοὶκείαν
556 2470 817 2521 ἀσθένειαν.
873 2469 1059 2538 φωτίζει
1094 2468 1177 2532 μὲν
1213 2468 1306 2535 γὰρ
1343 2470 1367 2519 ὁ
1403 2468 1530 2531 Υἱὸς,
1558 2469 1859 2533 ἀπαμβλύνει
1897 2470 1945 2521 δὲ

358 2552 444 2617 τὴν
484 2552 622 2620 χάριν
665 2552 692 2616 ἡ
734 2551 902 2605 κτίσις.
969 2549 1218 2616 ἐδανείζετο
1263 2550 1317 2600 τὸ
1361 2551 1558 2611 βλέπειν
1595 2552 1670 2602 ἵνα
1708 2551 1791 2603 τὸν
1826 2552 1946 2604 κατὰ

358 2633 509 2703 φύσιν
536 2634 687 2701 νοήσῃ
714 2632 851 2695 Θεὸν,
879 2634 952 2683 καὶ
980 2633 1297 2696 δεδαπάνηκεν
1323 2633 1521 2686 ἀσώτως
1547 2632 1600 2684 τὸ
1634 2634 1782 2696 δοθὲν,
1808 2634 1945 2701 με’χρι

356 2721 451 2766 τῶν
476 2714 749 2780 ποιημάτων
776 2715 952 2778 ε”στησε
979 2717 1060 2778 τῆς
1087 2715 1278 2780 θεωρίας
1305 2712 1358 2764 τὸ
1384 2716 1568 2781 με’τρον·
1609 2714 1836 2781 ἐνάρκησε
1862 2715 1945 2767 τὸν

408 2879 436 2902 Ι.
462 2865 641 2908 βασιλεύει
660 2866 703 2900 Β.
867 2876 919 2899 12.
947 2866 999 2899 καὶ
1017 2871 1237 2909 assumptum
1258 2877 1298 2899 ex
1320 2865 1359 2899 Β.
1523 2877 1575 2911 13.
1599 2867 1704 2901 πάλιν
1723 2865 1764 2900 Β.
1781 2866 1859 2900 λίαν
1876 2866 1943 2901 Ed.

361 2913 414 2947 16.
441 2913 572 2948 τούτοις
592 2913 632 2946 Β.
814 2923 869 2947 20.
896 2911 990 2958 εἴπερ
1008 2911 1047 2955 ἧν
1064 2912 1115 2946 ἀεὶ
1133 2912 1167 2945 ἐν
1184 2914 1244 2957 τῷ]
1264 2912 1403 2956 ηπαρεὶν
1420 2912 1459 2956 ἢν
1476 2927 1526 2946 aa
1544 2914 1582 2947 τὸ
1604 2912 1644 2946 Β.
1711 2912 1745 2946 id
1764 2912 1857 2958 quod
1877 2912 1943 2947 Ed.

357 2959 488 2994 habent
506 2971 535 2993 a.
556 2960 662 2994 Cord.
808 2969 863 3004 27.
891 2959 1088 2993 ἐδανείσατο
1108 2958 1150 2993 Β.
1203 2959 1328 2992 Statim
1346 2960 1383 2992 τὸ
1403 2970 1472 2992 om.
1491 2958 1532 2992 B.

1964 608 1986 647 5

1968 1027 2016 1052 10

1967 1590 2014 1628 15

1967 1998 2015 2023 20

2064 0 2072 66 (—-‹
