2084 3317
168 165 293 210 v·35·
415 155 490 196 IN
533 155 574 197 s,
609 153 944 196 JOANNEM.
1006 151 1251 193 LIB.111.
1314 150 1448 191 CAP.
1473 148 1509 189 1.
1677 149 1756 187 371

167 262 394 314 τευόντων
421 263 666 330 ἐπιλογήν.
722 262 944 331 ἀναβήσῃ
981 260 1028 311 δὲ
1063 259 1211 312 πάλιν
1238 259 1353 310 ὅλον
1380 262 1462 308 τοῦ
1498 256 1761 323 κεφαλαίου

165 342 249 395 τὸν
273 345 422 410 λόγον
448 345 822 410 ἀναμασώμενος
857 348 920 398 εἰς
951 341 1170 406 τοιαύτην
1195 340 1300 392 τινὰ
1327 339 1537 405 θεωρίαν,
1565 339 1642 388 καὶ
1676 336 1759 386 οὐκ

165 425 402 494 ἄκομψον,
430 425 493 480 ὥς
532 449 586 492 γε
624 450 703 491 μοι
742 429 879 477 δοκεῖ·
923 427 997 476 ἐπὶ
1031 422 1157 475 τέλει
1192 425 1274 486 τῆς
1307 424 1487 486 σκηνῆς
1521 420 1549 484 ἡ
1584 420 1658 470 ἐπὶ
1694 420 1761 488 τῳ

164 506 325 576 λύχνῳ
366 507 575 577 διάταξις
617 508 943 572 εἰσενήνεκται,
984 507 1088 571 μεθ’
1128 504 1186 570 ἢν
1227 503 1361 557 εὐθὺς
1402 503 1430 567 ἡ
1467 506 1562 553 τῶν
1604 500 1759 566 ἱερέων

121 603 142 641 5
163 588 385 655 προβολή
425 612 474 641 τε
513 593 588 641 καὶ
626 593 814 658 χρῆσις.
871 591 944 641 ἐπὶ
979 588 1073 655 γὰρ
1099 586 1223 638 τέλει
1258 592 1342 637 τοῦ
1378 583 1523 647 νόμου
1553 585 1627 634 καὶ
1663 586 1759 633 τῶν

163 674 438 738 προφητῶν,
464 673 492 736 ἡ
526 678 610 723 τοῦ
643 671 1009 739 προβαδίζοντος
1043 669 1288 738 ἐξέλαμψε
1320 675 1347 697 “
1371 665 1512 730 Φωνὴ
1547 669 1758 727 βοῶντος

163 759 190 780 “
217 753 266 803 ἐν
291 756 349 820 τῇ
372 752 542 823 ἐρήμῳ,
570 753 691 804 καθὰ
716 752 991 819 γέγραπται,
1012 750 1292 815 ἑτοιμάσατε
1319 749 1404 814 τὴν
1432 747 1542 799 ὁδὸν
1566 748 1758 814 Κυρίου,

164 840 191 862 “
217 835 392 888 εὐθείας
417 841 588 886 ποιεῖτε
615 834 698 888 τὰς
725 835 917 901 τρίβους
942 839 1025 884 τοῦ
1048 837 1174 884 Θεοῦ
1201 832 1379 896 ἡμῶν,”
1407 831 1514 895 μεθ’
1545 829 1598 881 ’ὸν
1624 829 1758 883 εὐθὺς

162 915 190 978 ἦ
235 920 330 966 τῶν
374 917 524 982 ἁγίων
568 915 858 968 ἀποστόλων
903 914 979 966 διὰ
1021 919 1238 982 Χριστοῦ
1289 912 1550 981 χειροτονία
1590 934 1640 962 τε
1682 912 1758 962 καὶ

93 1023 141 1048 10
161 997 407 1066 ἀνάδειξις·
449 998 702 1067 ἐξελέξατο
735 997 829 1064 γὰρ
865 998 890 1048 ὁ
920 995 1094 1064 Κύριος
1121 1003 1148 1026 “
1171 995 1367 1057 δώδεκα,
1398 993 1476 1048 οῦς
1515 995 1590 1044 καὶ
1631 994 1750 1044 ἀπο-

160 1085 187 1108 “
212 1079 419 1134 στόλους
446 1078 739 1143 ὠνόμασεν.”

238 1163 333 1212 Καὶ
359 1163 407 1212 ἐν
433 1161 614 1216 τούτοις
639 1161 749 1226 ἡμῖν
775 1164 858 1225 τῆς
894 1162 968 1212 ἐπὶ
1003 1164 1070 1229 τῷ
1106 1159 1268 1228 λύχνῳ
1295 1158 1492 1224 θεωρίας
1517 1180 1761 1221 συμπεπε-

161 1242 419 1309 ρασμένης,
450 1243 620 1307 ἰ’δωμεν
650 1242 798 1294 πάλιν
832 1242 917 1307 τὴν
952 1247 1036 1293 τοῦ
1064 1244 1285 1308 Σωτῆρος
1313 1238 1478 1308 φωνήν
1504 1242 1691 1294 Ἐκεῖνος
1719 1234 1761 1298 ἧν

164 1331 182 1377 ὁ
222 1324 384 1388 λύχνος
423 1327 574 1395 φησὶν
609 1331 627 1377 ὁ
670 1324 901 1395 καιόμενος
943 1328 1020 1376 καὶ
1062 1325 1241 1393 φαίνων,
1272 1326 1396 1391 ὑμεῖς
1437 1319 1481 1373 δὲ
1521 1320 1760 1382 ἠθελήσατε

95 1425 140 1461 15
163 1406 505 1473 ἀγαλλιαθῆναι
546 1409 653 1475 πρὸς
694 1405 804 1476 ὥραν
840 1409 877 1459 ἐν
913 1412 973 1477 τῷ
1012 1409 1126 1475 φωτὶ
1169 1406 1313 1457 αὐτοῦ.
1357 1403 1454 1472 ἕξιν
1489 1405 1647 1466 ἀμαθῆ
1684 1405 1759 1453 καὶ

163 1489 448 1555 δυσάγωγον
491 1493 553 1542 εἰς
595 1489 805 1553 ὑπακοὴν
845 1493 941 1542 τοῖς
981 1487 1260 1554 Φαρισαίοις
1301 1488 1503 1551 ἐγκαλεῖ,
1546 1487 1621 1536 καὶ
1662 1487 1756 1535 διε-

163 1570 324 1638 λέγχει
351 1571 520 1634 πάλιν,
551 1573 614 1625 ὡς
640 1571 931 1637 ἀσύγκριτον
959 1575 1159 1621 νοσοῦσι
1191 1566 1277 1632 τὴν
1304 1567 1626 1629 ἀπαιδευσίαν,
1655 1567 1757 1618 οὐδὲ

163 1651 282 1719 ἅπερ
313 1653 478 1704 εἰδέναι
510 1652 961 1719 κατεπαγγέλλοντο
988 1656 1108 1703 νοεῖν
1136 1650 1394 1718 ἰσχύοντες,
1421 1652 1496 1700 καὶ
1522 1648 1650 1701 πολὺ
1674 1648 1760 1713 μὲν

162 1735 271 1785 λίαν
306 1738 388 1798 τῆς
428 1736 652 1802 ἀκριβοῦς
691 1735 1002 1798 νομομαθείας
1041 1731 1359 1802 ἐξῳκισμένοι,
1396 1733 1673 1797 ἀγνοοῦντες
1711 1729 1760 1781 δὲ

93 1845 142 1868 20
162 1815 281 1867 κατὰ
319 1815 373 1867 τὸ
405 1815 649 1879 παντελὲς,
677 1814 796 1882 ἅπερ
824 1818 886 1869 ὡς
923 1818 971 1866 ἐν
1004 1813 1255 1882 σχήμασιν
1289 1815 1314 1864 ὁ
1355 1812 1607 1877 νομοθέτης
1645 1835 1761 1878 προ-

162 1899 393 1950 ανετύπου
436 1898 510 1948 διὰ
561 1898 821 1951 Μωυσέως.
883 1896 960 1948 διὰ
1008 1895 1096 1959 μὲν
1144 1895 1237 1962 γὰρ
1280 1901 1362 1946 τοῦ
1408 1895 1578 1960 λε’γειν,
1623 1894 1693 1945 ὅτι
1741 1903 1759 1947 ὀ

161 1979 322 2043 λύχνος
358 1976 400 2040 ἧν
435 1981 589 2035 ἐκεῖνος
630 1987 648 2032 ὁ
691 1979 919 2048 καιόμενος
962 1983 1038 2030 καὶ
1081 1980 1260 2047 φαίνων,
1296 1979 1511 2028 δυσωπεῖ
1544 1975 1665 2027 κατὰ
1705 1975 1760 2026 τὸ

160 2060 278 2115 εἰκὸς
304 2063 366 2115 ὡς
393 2062 523 2113 οὔπω
552 2061 829 2126 νενοηκότας
854 2059 908 2111 τὸ
934 2062 983 2111 ἐν
1005 2064 1208 2124 νομικοῖς
1235 2059 1482 2124 αἰνίγμασι
1510 2060 1586 2108 καὶ
1608 2056 1759 2109 πάλαι

159 2142 620 2212 σκιαγραφούμενον·
677 2141 752 2194 διὰ
804 2143 852 2194 δὲ
902 2148 986 2193 τοῦ
1038 2145 1179 2193 εἰπεῖν
1222 2139 1372 2209 ζ’ΥΙιιέἷς
1422 2138 1466 2192 δὲ
1518 2138 1759 2200 ἠθελήσατε

92 2243 140 2282 25
160 2224 501 2291 ἀγαλλιαθῆναι
530 2224 636 2292 πρὶς
663 2223 771 2293 ὥραν
798 2225 836 2276 ἐν
861 2222 920 2293 τῷ
948 2229 1062 2292 φωτὶ
1100 2224 1243 2285 αὐτοῦ,
1270 2224 1353 2286 τῆς
1379 2221 1559 2273 ἄνωθεν
1585 2220 1757 2290 ψήφου

160 2305 216 2357 τὸ
260 2310 426 2357 οἰκεῖον
469 2308 539 2357 ἀεὶ
589 2305 942 2373 προτάττοντας
988 2304 1175 2370 θέλημα
1221 2302 1369 2355 πάλιν
1413 2303 1636 2372 εἰσφέρει,
1682 2305 1757 2353 καὶ

162 2387 331 2454 οἷσπερ
377 2386 434 2438 ἂν
477 2387 747 2449 βούλωνται
791 2387 951 2452 μόνοις
992 2388 1270 2438 ἀκολουθεῖν
1315 2385 1621 2449 εἰθισμένους.
1675 2389 1759 2434 τοῦ

163 2468 256 2535 γὰρ
295 2468 561 2532 νομοθέτου,
596 2472 740 2538 φησί,
780 2468 855 2521 διὰ
891 2467 1070 2522 παντὸς
1112 2469 1296 2537 φαίνειν
1336 2489 1385 2518 τε
1427 2466 1504 2516 καὶ
1542 2465 1759 2516 καίεσθαι

161 2549 244 2601 τὸν
286 2550 464 2618 λύχνον
508 2549 854 2619 διατεταχότος,
895 2551 978 2602 οὐκ
1017 2554 1079 2604 εἰς
1121 2551 1188 2600 ἀεὶ
1231 2549 1414 2617 φαίνειν
1454 2544 1596 2598 αὐτὸν
1635 2549 1758 2614 ὑμεῖς

211 2729 244 2752 2.
270 2717 533 2761 ἀναμασώμενος
551 2717 593 2752 Β.
612 2717 902 2761 ἀναμασσώμενος
921 2717 988 2751 Ed.
1132 2727 1166 2761 3.
1192 2716 1302 2749 δοκεῖν
1322 2714 1362 2748 Β.
1512 2712 1545 2747 8.
1572 2714 1631 2746 τοῦ
1649 2711 1755 2757 Θεοῦ]

163 2764 266 2798 αὐτοῦ
284 2764 399 2808 κυρίου
416 2766 476 2797 τοῦ
494 2766 582 2798 Θεοῦ
598 2764 640 2798 Β.
659 2764 704 2798 cf.
724 2775 831 2809 supra
849 2775 915 2807 249
930 2764 965 2798 b.
1066 2773 1118 2797 10.
1142 2762 1208 2807 γὰρ
1227 2761 1338 2806 κύριος
1355 2762 1373 2793 ὁ
1392 2758 1467 2794 θεὸς
1479 2758 1521 2793 Β.
1621 2769 1672 2792 12.
1693 2760 1757 2792 Καὶ

165 2816 388 2855 assumptum
406 2822 447 2844 ex
468 2810 510 2844 B.
670 2821 722 2853 14.
748 2811 858 2855 φησὶν
875 2822 944 2845 om.
968 2809 1009 2844 Β.
1179 2817 1232 2850 15.
1257 2806 1504 2853 ἀγαλλιαθῆναι
1525 2805 1572 2839 D.
1590 2804 1756 2850 ἀγαλλια-

165 2857 288 2901 σθῆναι
307 2856 374 2891 Ed.
522 2856 575 2891 18.
602 2856 921 2902 κατεπαγγέλλοντο
942 2856 982 2890 Β.
1002 2854 1334 2900 κατεπαγγέλλονται
1353 2852 1419 2886 Ed.
1581 2862 1636 2885 22.
1663 2851 1758 2885 ἐστιν

165 2915 229 2948 pro
248 2902 287 2946 ἧν
297 2903 428 2984 1ἐκεῖνος
447 2903 490 2938 Β.
635 2911 691 2948 25.
717 2903 963 2948 ἀγαλλιαθῆναι
983 2902 1029 2937 D.
1048 2900 1320 2947 ἀγαλλιασθῆναι
1340 2898 1405 2933 Ed.
1542 2906 1596 2943 27.
1623 2896 1754 2943 μόνοις]

165 2964 278 2993 νομοις
333 2976 339 2984 .

904 3018 1021 3059 3132

1821 675 1874 706 Es.
1891 674 1934 705 xl.
1951 684 1980 713 3.

1778 918 1805 958 d

1818 1003 1850 1052 S:
1866 1003 1946 1035 Luc.

1819 1058 1862 1077 Vl.
1880 1056 1929 1087 13.

1778 1591 1799 1617 θ

1775 2242 1797 2266 a
1831 2232 1916 2266 252
1932 2231 1984 2269 A.
