2084 3317
116 146 285 204 i.9,10.
362 148 436 189 IN
477 149 520 190 S.
552 149 886 190 JOANNEM.
948 150 1073 192 LIB.
1107 151 1142 190 I.
1205 151 1340 192 CAP.
1372 151 1452 192 IX.
1617 153 1699 192 119

115 261 198 323 τῆς
231 257 474 313 κολάσεως
508 258 713 325 τρόπον;
763 259 874 310 ἀλλ’
903 260 1083 326 ὁρῶμεν
1110 258 1181 310 ὅτι
1213 264 1446 310 τοσοῦτον
1477 258 1692 327 ἀφεστή-

114 363 227 392 κασι
266 346 349 391 τοῦ
394 339 633 404 σωμάτων
670 339 1067 392 ἀπαλλάττεσθαι
1107 341 1260 392 θέλειν
1299 344 1340 391 οἱ
1381 340 1695 402 πιστεύοντες,
1716 347 1744 388 (1

114 425 175 476 ὡς
224 427 325 476 ταῖς
376 426 438 477 εἷς
488 421 706 489 Χριστὸν
757 424 1032 488 ὁμολογίαις
1089 422 1558 491 συνεπιφθέγγεσθαι
1614 425 1697 485 τῆς

111 503 289 571 σαρκὸς
327 503 412 569 τὴν
450 505 731 556 ἀνάστασιν.
800 506 883 555 οὐκ
925 505 1015 571 ἄρα
1056 504 1300 558 κολάσεως
1339 505 1472 555 ἔσται
1511 503 1696 570 τρόπος,

70 585 164 639 5τὸ
214 590 290 637 καὶ
339 586 544 642 πίστεως
595 588 830 656 ὁμολογίᾳ
878 588 1194 652 τετιμημένον,
1240 589 1301 640 ὡς
1353 591 1411 654 τῇ
1463 587 1564 655 θείᾳ
1614 592 1697 637 τοῦ

111 671 330 735 Σωτῆρος
364 668 552 732 δυνάμει
587 669 640 720 τὸ
674 669 830 720 πάντα
866 668 1099 720 δύνασθαι
1133 669 1303 738 ῥᾳδίως
1338 670 1695 734 ἐπιμαρτυροῦν,

110 748 186 800 διὰ
209 756 291 802 τοῦ
316 753 700 817 παλινδρομῆσαι
726 750 844 818 πρὸς
870 750 1004 850 ζωήν.

182 855 227 887 ς.
270 853 402 883 ΑΛΛο.
441 837 500 884 Ei
537 838 756 898 προοῦσα
794 834 894 884 κατ’
932 833 1133 887 ἐκείνους
1172 832 1433 902 ἐξήμαρτεν
1471 833 1499 896 ή
1544 832 1696 901 ψυχὴ,

108 914 184 964 διά
229 937 278 965 τε
315 921 453 965 τοῦτο
493 913 770 979 συνεπλάκη
810 916 968 981 σαρκὶ,
1010 913 1085 965 δια
1123 914 1262 966 ποίαν
1302 914 1452 965 αἰτίαν
1492 916 1516 964 ὁ
1556 914 1695 977 νόμος

40 1015 88 1040 10
107 1018 165 1046 τα
207 1019 291 1058 μεν
330 1001 425 1047 τῶν
464 995 774 1063 ἐγκλημάτων
818 997 1055 1063 βαρύτερα
1100 1000 1328 1059 τιμᾶσθαι
1370 995 1570 1064 θανάτῳ,
1612 1017 1736 1046 τονο

105 1076 154 1128 δὲ
198 1076 330 1129 οὐδὲν
373 1079 674 1145 ἡμαρτηκότα
719 1078 882 1144 διαζῆν
926 1078 1187 1145 ἐπιτρέπεις
1243 1080 1363 1145 χρῆν
1405 1076 1498 1144 γὰρ
1545 1077 1695 1141 δήπου

103 1164 308 1223 μᾶλλον,
341 1159 447 1214 τοὺς
484 1160 569 1225 μὲν
599 1162 673 1212 ἐπὶ
707 1165 803 1215 τοῖς
842 1162 1110 1228 αἰσχίστοις
1150 1160 1355 1214 ἁλόντας
1394 1164 1549 1213 κακοῖς
1589 1163 1689 1211 ε’πι-

103 1241 286 1308 τρέπειν
313 1241 594 1309 ἐγχρονίζειν
619 1242 857 1306 σώμασιν,
879 1243 954 1294 ἵνα
980 1242 1037 1307 δὴ
1064 1245 1138 1294 καὶ
1165 1241 1383 1309 μειζόνως
1407 1242 1694 1309 κολάζοιντο,

102 1322 210 1378 τοὺς
237 1323 283 1375 δὲ
310 1323 442 1375 οὐδὲν
467 1324 792 1390 ἡμαρτηκότας
818 1323 1056 1388 σωμάτων
1083 1326 1311 1387 ἀνεῖσθαι,
1340 1324 1465 1390 ε’ίπερ
1492 1326 1539 1375 ἐν
1566 1324 1696 1394 τάξει

37 1407 324 1472 Ι5τιμωριάς
362 1407 390 1471 ἡ
429 1405 785 1471 ε’νσωμάτωσις.
853 1407 964 1458 ἀλλ’
1006 1409 1056 1458 ἐκ
1098 1411 1193 1457 τῶν
1232 1408 1467 1468 ἐναντίων,
1508 1407 1695 1476 θανάτῳ

102 1486 188 1550 μὲν
214 1489 238 1538 ὁ
265 1487 492 1556 φονευτὴς
517 1489 885 1556 καταδικάζεται,
910 1488 1090 1557 πάσχει
1125 1489 1176 1540 δὲ
1212 1488 1343 1539 οὐδὲν
1368 1490 1392 1539 ὃ
1427 1490 1601 1543 δίκαιος
1634 1493 1697 1543 εἷς

101 1568 155 1620 τὸ
182 1575 342 1634 σῶμά
384 1572 466 1622 οὐκ
492 1571 583 1638 ἄρα
608 1573 829 1637 τιμωρίας
855 1571 1027 1638 τρόπος
1054 1572 1081 1635 ἡ
1107 1570 1369 1637 σάρκωσις.

175 1652 214 1719 ζ.
256 1651 397 1704 ΑΛΑο.μ
430 1657 488 1704 Εὶ
519 1655 569 1704 εἰ(
603 1653 940 1719 πρεσβυτέρων
967 1652 1318 1718 ἁμαρτημάτων
1345 1652 1734 1719 ἐσαρκώθησανιι
1795 1669 1845 1702 81
1865 1668 1917 1703 A.

100 1737 147 1784 αἱ
198 1738 371 1803 ψυχαὶ,
426 1738 500 1786 καὶ
552 1734 725 1801 τρόπος
776 1737 936 1790 αὐταῖς
984 1736 1207 1800 τιμωρίας
1259 1735 1286 1798 ἡ
1338 1741 1421 1785 τοῦ
1471 1734 1695 1797 σώματος

31 1836 80 1860 20
99 1817 324 1881 ἐπενοήθη
350 1816 510 1885 φύσις,
527 1822 625 1870 πῶς
653 1819 772 1881 ἡμᾶς
799 1817 1024 1885 ὠφέλησε
1053 1817 1360 1883 καταργήσας
1387 1816 1470 1868 τὸν
1491 1816 1695 1868 θάνατον

99 1900 124 1949 ὁ
153 1898 350 1965 Σωτήρ;
385 1903 485 1952 πῶς
513 1898 560 1949 δὲ
585 1900 686 1966 οὐχὶ
714 1905 903 1962 μᾶλλον
930 1899 1135 1964 ἠλέησεν
1160 1899 1188 1963 ἡ
1216 1898 1389 1967 φθορὰ,
1413 1898 1466 1949 τὸ
1494 1899 1695 1965 κολάῷν

97 1980 218 2044 ἡμᾶς
242 1981 550 2048 ἀφανίζουσα,
579 1984 652 2032 καὶ
680 1981 824 2047 πέρας
859 1983 1118 2033 ἐπιτιθεῖσα
1152 1984 1211 2049 τῇ
1242 1982 1352 2032 καθ’
1381 1982 1513 2045 ἡμῶν
1540 1982 1692 2049 ὀργῇς

97 2061 167 2113 διὸ
207 2061 262 2127 δὴ
302 2065 376 2114 καὶ
413 2068 605 2126 μᾶλλον
637 2063 755 2114 ε’ίποι
794 2087 862 2117 τις
902 2063 959 2114 ἂν
991 2064 1287 2131 εὐχαριστεῖν
1319 2062 1694 2128 ἀκολουθότερον

97 2149 154 2211 τῇ
196 2148 356 2214 φθορᾷ
386 2145 506 2212 ἤπερ
539 2147 588 2196 ἐκ
620 2150 714 2196 τῶν
739 2145 958 2196 ἐναντίων
985 2150 1050 2215 τῷ
1082 2144 1284 2210 διηνεκὲς
1309 2145 1419 2209 ἡμῖν
1446 2145 1695 2195 ἐπιτιθέντι

30 2238 77 2278 25
96 2225 150 2277 τὸ
185 2226 519 2293 κολαστήριον,
547 2227 622 2278 διὰ
657 2231 740 2291 τῆς
775 2229 825 2278 ἐκ
863 2232 1037 2293 νεκρῶν
1065 2227 1390 2281 ἀναστάσεως·
1432 2226 1565 2277 ἀλλὰ
1599 2226 1692 2290 μὴν
1710 2239 1737 2279 b

96 2309 475 2376 εὐχαριστοῦμεν,
516 2312 578 2363 ὡς
616 2309 980 2376 ἀπηλλαγμένοι
1023 2308 1227 2361 θανάτου
1269 2311 1344 2360 καὶ
1387 2313 1570 2378 φθορᾶς
1618 2307 1694 2358 διὰ

95 2394 325 2457 Χριστοῦ·
387 2393 468 2443 οὐκ
515 2392 607 2458 ἄρα
651 2393 875 2459 τιμωρίας
920 2390 1095 2458 τρόπος
1140 2391 1168 2455 ἡ
1215 2390 1463 2458 σάρκωσις
1507 2394 1565 2458 τῇ
1611 2396 1694 2441 τοῦ

96 2472 344 2539 ἀνθρώπου
382 2477 534 2542 ψυχῇ.

170 2577 212 2618 η.
254 2575 373 2604 AAAO
400 2575 455 2604 ΩΣ
481 2576 541 2605 ΕΚ
566 2576 651 2605 ΤΟΥ
677 2576 821 2605 ΑΥΤΟΥ
848 2576 1169 2605 ΘΕΩΡΗΜΑΤΟΣ.
1209 2558 1268 2605 Εἰ
1311 2552 1693 2621 προγενεστέρων

27 2659 78 2695 30
97 2635 444 2702 ἁμαρτημάτων
479 2637 815 2700 ἀπαιτούμεναι
855 2638 985 2691 δίκας
1025 2641 1071 2688 αἱ
1110 2641 1205 2688 τῶν
1239 2635 1504 2700 ἀνθρώπων
1536 2636 1693 2703 ψυχαὶ

95 2722 190 2771 τοῖς
234 2717 327 2769 ἀπὸ
371 2721 452 2782 τῆς
495 2722 581 2785 γῆς
625 2717 956 2784 ἐνεπλάκησαν
996 2720 1206 2782 σώμασι,
1245 2718 1400 2780 ποίαν,
1441 2716 1544 2768 εἶπέ
1585 2739 1687 2779 μοι,

144 2867 176 2891 2.
193 2856 271 2901 τοῦ]
289 2858 359 2892 τοῖς
378 2857 420 2890 Ε.
517 2869 550 2903 3.
570 2858 910 2904 συνεπιφθέγγεσθαι
932 2858 970 2893 B.
992 2857 1334 2902 σινεπισφίγγεσθαι
1353 2855 1421 2891 Ed.
1519 2868 1551 2900 9.
1576 2871 1628 2891 τοι
1648 2856 1689 2890 Β.

96 2902 216 2983 σαρΙιΞὶ]
237 2906 277 2948 τῇ
298 2904 400 2949 σαρκὶ
418 2903 460 2938 Ε.
647 2916 700 2939 10.
727 2907 862 2949 τιμᾶται
883 2906 924 2939 B.
1110 2916 1165 2949 27.
1192 2919 1252 2938 του
1270 2904 1449 2948 ἀνθρώπου
1467 2910 1691 2949 assumptum

97 2961 139 2983 ex
193 2976 201 2985 .
