2084 3317
150 159 204 200 vi.
224 172 291 215 35.
364 160 438 200 IN
480 159 523 201 S.
557 159 894 200 JOANNEM.
957 158 1082 199 LIB.
1117 158 1203 198 ΙΙΙ.
1267 158 1400 199 CAP.
1426 158 1504 198 VI.
1653 159 1733 198 471

147 268 413 337 ἐξυφαίνειν
451 268 734 335 διηγήματα.
795 270 850 320 οὑ
887 267 981 335 γὰρ
1020 266 1418 318 ἀκατακάλυπτον
1457 269 1738 332 προκεῖσθαι

145 355 242 404 τοῖς
279 349 526 402 ἐθέλουσιν
566 352 734 405 ἁπλῶς
770 349 1000 415 βεβήλοις
1040 372 1088 401 τε
1128 350 1204 400 καὶ
1244 348 1452 402 ἀνοσίοις
1489 352 1552 401 εἰς
1588 369 1735 397 κατα-

145 429 341 496 πάτημα
377 431 458 483 τὸν
493 433 615 484 οὕτω
648 433 828 484 σεπτὸν
864 433 1028 501 ἐφίησι
1061 431 1223 497 λόγον,
1255 431 1521 498 ἐπικρύψας
1558 428 1612 480 δέ
1638 452 1740 480 πως

145 518 247 567 ταῖς
275 515 329 564 δι’
359 513 648 580 αἰνιγμάτων
674 516 921 575 ἐπιβολαῖς
948 515 1031 565 οὐκ
1062 515 1325 580 ἀσυμφανῆ
1352 511 1438 577 μὲν
1463 516 1559 564 τοῖς
1594 533 1736 561 συνε-

104 607 126 645 5
146 600 242 649 τοῖς
269 595 521 662 ἐργάζεται·
562 596 680 648 ἐπὰν
707 597 760 648 δέ
785 620 914 650 τινας
940 601 1034 646 τῶν
1060 595 1369 661 ἀκροωμένων
1396 593 1741 657 ἀμαθαίνοντας

147 678 324 746 βλέπῃ,
367 681 443 730 καὶ
484 685 705 733 νοοῦντας
746 677 800 730 τὸ
839 677 1067 744 παράπαν
1105 682 1199 728 τῶν
1238 676 1549 740 λαλουμένων
1588 673 1737 736 οὐδὲν,

147 760 471 812 ἀπολευκαίνει
520 765 707 829 σαφῶς,
753 761 868 826 ὅπερ
917 759 974 811 ἂν
1019 759 1172 811 ἐθέλοι
1218 762 1409 823 δηλοῦν,
1455 759 1530 808 καὶ
1574 760 1778 808 πᾶσανο

147 840 309 908 ὥσπερ
354 844 510 910 ἀχλῦν
552 842 636 906 τὴν
677 845 725 893 ἐν
770 847 836 911 τῷ
882 841 1014 911 λόγῳ
1059 839 1305 907 περιελὼν,
1348 838 1531 906 γυμνήν
1571 862 1620 890 τε
1666 841 1741 889 καὶ

146 922 436 975 εὐσύνοπτον
468 925 760 991 παρατίθησι
797 929 881 974 τοῦ
917 924 1180 990 μυστηρίου
1219 921 1305 987 τὴν
1335 926 1531 988 γνῶσιν,
1565 923 1742 972 ἀναπο-

79 1025 126 1050 10
147 1005 356 1071 λόγητον
382 1007 538 1060 αὐτοῖς
573 1008 648 1057 καὶ
685 1005 760 1057 διὰ
795 1005 964 1057 τούτου
999 1005 1084 1069 τὴν
1111 1005 1338 1056 ἀπιστίαν
1365 1006 1628 1055 ἀποτελῶν.
1672 1003 1743 1054 ὅτι

146 1086 194 1138 δὲ
232 1085 291 1151 ἧν
325 1087 527 1153 σύνηθες
566 1089 705 1157 αὐτῷ,
736 1087 949 1155 καθάπερ
983 1086 1242 1154 εἰρήκαμεν,
1270 1086 1629 1155 ἐπεσκιασμένερ
1666 1088 1741 1136 καὶ

147 1168 371 1234 λεληθότι
396 1170 613 1234 μάλιστα
640 1173 902 1238 κεχρῆσθαι
926 1173 992 1239 τῷ
1020 1169 1167 1239 λόγῳ,
1188 1171 1263 1220 καὶ
1291 1167 1428 1222 αὐτὸς
1453 1167 1538 1232 μὲν
1565 1167 1741 1237 διδάξει

1803 1252 1857 1283 Ps.

1802 1296 1916 1327 lxxvii.
1936 1306 1963 1327 2.

147 1252 305 1316 λέγων
330 1253 378 1303 ἐν
398 1254 561 1322 βίβλῳ
588 1256 802 1322 ψαλμῶν
823 1259 849 1281 “
867 1251 1071 1321 Ἀνοίξω
1097 1253 1145 1302 ἐν
1171 1256 1475 1319 παραβολαῖς
1501 1249 1555 1302 τό
1581 1251 1740 1314 στόμα

149 1339 175 1361 “
201 1333 336 1394 μου.”
402 1334 662 1396 βεβαιώσει
708 1334 756 1385 δὲ
800 1333 931 1386 οὐδὲν
974 1335 1116 1399 ἧττον
1157 1334 1244 1398 τὴν
1288 1335 1363 1385 ἐπὶ
1406 1334 1587 1387 τούτοις
1631 1333 1741 1397 ἡμῖν

82 1435 127 1470 15
147 1414 391 1483 ἐξήγησιν,
417 1418 492 1467 καὶ
519 1417 875 1485 διεσφαλμένην
902 1417 1118 1480 οὐδαμῶς
1154 1415 1387 1484 ἀποδείξει
1420 1418 1495 1466 καὶ
1528 1417 1552 1466 ὁ
1583 1414 1738 1478 μακά·
1761 1424 1786 1464 d

146 1519 244 1562 ριος
269 1497 518 1566 προφήτης
543 1497 755 1553 εΗσαίας
781 1501 1001 1561 ἀναβοῶν
1028 1505 1056 1528 “
1075 1497 1200 1549 Ἰδοὺ
1227 1497 1284 1562 δὴ
1311 1496 1542 1558 βασιλεὺς
1568 1500 1742 1551 δίκαιος
1804 1500 1966 1574 ξῖΧΧΧῑῑ·

149 1585 176 1607 “
202 1579 501 1643 βασιλεύσει,
530 1582 605 1631 καὶ
632 1581 857 1648 ἄρχοντες
881 1578 1000 1645 μετὰ
1027 1580 1225 1647 κρίσεως
1252 1579 1472 1648 ἄρξουσι,
1503 1581 1577 1630 καὶ
1607 1578 1742 1630 ἔσται
1825 1578 1830 1582 ’

1260 1660 1328 1677 Λῖὶ

149 1667 176 1690 “
203 1660 451 1727 ἅνθρωπος
495 1662 716 1729 κρύπτων
760 1661 868 1717 τοὺς
912 1661 1088 1729 λόγους
1138 1662 1295 1713 αὐτου.
1395 1660 1606 1722 βασιλέα
1650 1660 1744 1728 γὰρ

149 1743 326 1794 δίκαιον
358 1744 430 1811 ἐφ’
465 1744 585 1808 ἡμᾶς
623 1744 1015 1805 βεβασιλευκέναι
1054 1745 1178 1812 φησὶ
1216 1741 1299 1795 τὸν
1331 1742 1534 1809 λέγοντα
1561 1750 1588 1772 “
1613 1742 1744 1809 Ἐγὼ
1806 1749 1907 1832 {³⁸³³-
1928 1748 1959 1785 6,

80 1854 130 1879 20
146 1831 177 1854 ‘⁶
204 1823 252 1876 δὲ
276 1824 574 1890 κατεστάθην
599 1823 831 1888 βασιλεὺς
859 1827 935 1877 ὑπ’
964 1826 1107 1876 αὐτοῦ
1134 1826 1208 1876 ἐπὶ
1238 1824 1362 1876 Σιὼν
1388 1824 1496 1892 ὅρος
1523 1825 1576 1876 τὸ
1609 1823 1745 1891 ἅγιον
1830 1816 1836 1823 .

150 1913 177 1936 “
201 1907 362 1971 αὐτοῦ,
409 1906 714 1974 διαγγέλλων
758 1907 812 1959 τὸ
858 1906 1155 1975 πρόσταγμα
1183 1908 1405 1974 Κυρίου.”
1478 1908 1630 1974 κρίσει
1676 1906 1741 1970 δὲ,

147 1989 393 2041 τουτέστιν
424 1990 644 2057 ὀρθότητι
677 1994 735 2059 τῇ
771 1989 890 2041 κατὰ
925 1994 1021 2041 πᾶν
1053 1989 1456 2054 συμβιοτεύοντας
1491 1990 1740 2058 ἄρχοντας,

147 2073 224 2122 καὶ
262 2071 370 2126 τοὺς
410 2073 570 2139 ἁγίους
609 2075 733 2141 φησὶ
772 2071 1002 2137 μαθητὰς,
1034 2071 1077 2123 οἳ
1112 2074 1188 2123 καὶ
1223 2075 1290 2141 τῷ
1322 2075 1510 2138 Σωτῆρι
1540 2076 1782 2142 Χριστῴθ

146 2153 400 2220 κρύπτοντι
425 2155 663 2209 πολλάκις
688 2153 796 2210 τοὺς
833 2153 1005 2221 λόγους
1041 2156 1184 2206 αὐτοῦ
1213 2154 1497 2223 προσῄεσαν
1524 2154 1743 2220 λε’γοντες

1803 2234 1967 2266 SMatth.

1803 2288 1856 2308 xv.
1877 2287 1925 2317 15.

939 2325 958 2333 Α
983 2318 1008 2335 9,
1051 2322 1061 2336 2
1140 2318 1150 2334 Ι

149 2326 176 2350 “
201 2318 365 2386 ὄχλοις
401 2325 565 2373 λαλεῖς
600 2321 649 2371 ἐν
674 2325 977 2387 παραβολαις
1035 2342 1244 2373 ακουσας
1270 2318 1398 2382 ποτὲ,
1425 2317 1742 2387 σαφεστάτην
1804 2321 1936 2353 Πλώ-

148 2235 311 2287 ‘esp'
444 2237 615 2253 ‘⁶‘
920 2236 1077 2265 ’θ’θ’
1215 2235 1451 2267 x’'cc
1604 2236 1725 2255 Ἀ

78 2261 127 2300 25
249 2259 404 2303 ρασον
429 2260 539 2301 ημιν
565 2261 650 2302 την
675 2242 963 2302 παραβολην
1053 2260 1128 2288 οτε
1155 2259 1230 2288 και
1258 2260 1395 2292 αυτος
1471 2241 1612 2287 Διατι
1647 2259 1742 2290 τοις

1807 2373 1845 2396 ῙΟ

149 2403 301 2453 αἰτίαν
326 2403 588 2468 εὑρίσκεται
623 2401 812 2454 διειπών
839 2409 866 2432 “
884 2400 1000 2453 “Orc
1035 2401 1312 2465 βλέποντες,
1341 2403 1507 2471 φησὶν,
1535 2401 1588 2452 οὐ
1619 2400 1734 2462 βλέ-
1803 2408 1923 2449 Ib-13-

150 2490 178 2513 “
200 2506 347 2535 πουσι
387 2486 462 2535 καὶ
501 2483 748 2539 ἀκούοντες
786 2485 870 2536 οὐκ
908 2485 1163 2536 ἀκούουσιν
1201 2482 1306 2535 οὐδὲ
1345 2483 1635 2535 συνιοῦσιν.”
1688 2483 1741 2534 οὐ

148 2565 242 2633 γὰρ
276 2565 403 2631 ἦσαν
432 2566 557 2636 ἄξιοι
588 2565 776 2621 πάντως
811 2567 962 2632 δήπου
1000 2565 1121 2618 κατὰ
1158 2565 1212 2618 τὸ
1252 2564 1384 2628 εἰκὸς,
1419 2564 1639 2629 τοιαύτην
1670 2565 1738 2616 ἐπ’

79 2673 130 2710 30
149 2649 306 2703 αὐτοῖς
332 2648 616 2714 ὁρισαμένου
641 2647 728 2712 τὴν
753 2651 926 2718 ψῆφον
951 2654 1035 2700 τοῦ
1061 2647 1121 2700 τὰ
1148 2649 1303 2700 δίκαια
1329 2648 1567 2715 κρίνοντος
1594 2650 1734 2698 Θεοῦ.
1759 2670 1781 2694 a
1814 2661 1899 2695 322
1914 2661 1966 2697 A.

201 2839 230 2862 1.
254 2827 484 2870 προσκεῖσθαι
504 2827 545 2861 Β.
722 2829 755 2863 8.
782 2843 817 2863 τε
835 2834 1061 2873 assumptum
1078 2839 1119 2861 ex
1139 2827 1182 2860 Β.
1361 2835 1415 2871 17.
1441 2824 1555 2870 ἔσται]
1579 2829 1615 2866 -1-
1638 2827 1656 2859 ὁ
1675 2825 1741 2859 Ed.

149 2875 260 2909 invito
280 2874 321 2908 B.
343 2874 413 2918 (48.
433 2873 492 2918 al.)
771 2886 826 2920 23.
853 2875 908 2909 καὶ
926 2876 1024 2920 prius
1042 2880 1266 2918 assumptum
1285 2884 1325 2907 ex
1346 2872 1388 2906 B.
1477 2870 1644 2918 μαθητὰς]
1664 2873 1744 2908 τοὺς

149 2921 300 2965 μαθητὰς
321 2921 360 2955 Β.
507 2920 562 2955 26.
587 2919 699 2966 ποτέ,]
720 2948 729 2962 ‚
748 2923 825 2957 τότε
845 2921 888 2956 Β.
1023 2921 1078 2956 28.
1105 2921 1164 2955 οὐκ
1182 2919 1378 2955 ἀκούσωσιν
1396 2918 1439 2954 Β.
1502 2921 1680 2955 συνιοῦσιν
1700 2919 1742 2954 Β,

151 2971 315 3003 συνιῶσιν
333 2967 400 3002 Ed.
