2084 3317
161 132 216 177 iii.
240 138 301 178 16.
412 141 485 182 IN
527 144 569 185 S.
604 144 941 190 JOANNEM.
1004 152 1130 196 LIB.
1164 156 1223 197 Π.
1289 160 1422 202 CAP.
1457 165 1491 205 I.
1664 172 1746 211 227

156 246 237 307 τῆς
277 253 358 299 τοῦ
397 250 581 316 κόσμου
620 255 756 321 ζωῆς,
787 259 958 311 ἐννοεῖν
990 264 1226 317 ἀναπείθει
1264 276 1464 336 γοργῶς,
1497 274 1653 339 πόσης
1689 278 1745 328 ἂν
1763 285 1789 325 d

153 325 363 390 γένοιντο
406 335 628 401 τιμωρίας·
673 338 838 406 ἔνοχοι,
880 344 990 407 παρ’
1034 345 1166 397 οὐδὲν
1208 349 1266 417 ἐξ
1304 353 1527 409 ἀπονοίας
1571 361 1613 408 οὶ
1658 358 1744 423 τὴν

150 409 297 464 οὕτως
323 413 620 481 ἀξιάγαστον
646 425 731 470 τοῦ
758 425 883 473 Θεοῦ
919 427 993 476 καὶ
1023 428 1214 494 Πατρὸς
1240 435 1550 498 ποιησάμενοι
1581 438 1736 506 χάριν.

149 488 254 541 οὕτω
291 493 382 563 γάρ
425 501 577 565 φησιν
613 502 843 566 ἠγάπησεν
876 512 894 557 ὁ
937 507 1050 564 Θεῖνς
1091 511 1158 562 τὶν
1199 514 1363 583 κόσμον
1401 517 1511 570 ὥστε
1551 520 1619 573 τὶν
1660 523 1741 575 osma

103 587 125 626 5
146 575 277 624 αὐτοῦ
307 576 374 627 τὶν
403 581 614 653 μονογενῇ
641 580 807 637 ἔδωκεν.

219 654 452 710 Ἀκουέτω
503 661 652 714 πάλιν
698 667 722 716 ὁ
772 670 1099 740 χριστομάχος
1151 678 1390 743 αἱρετικὸς,
1436 685 1513 732 καὶ
1558 685 1738 751 λεγέτω

143 739 411 803 παρελθὼν,
438 743 488 793 τί
517 744 571 795 τὸ
605 747 729 812 μέγα
765 752 848 813 τῆς
883 752 1072 818 ἀγάπης
1107 763 1190 808 τοῦ
1218 763 1343 811 Θεοῦ
1371 766 1446 814 καὶ
1474 767 1678 833 Πατρὸς,
1706 768 1735 834 ἢ

140 823 242 873 πῶς
267 819 326 871 ἂν
346 823 491 889 αὐτὴν
513 828 700 883 εἰκότως
726 831 1168 901 ἀποθαυμάσαιμεν·
1209 843 1320 892 ἀλλ’
1348 846 1444 910 ἐρεῖ
1462 848 1518 911 δὴ
1544 849 1734 905 πάντως

137 902 220 963 τῆς
246 902 435 969 ’ἀγάπης
462 909 667 974 ὁρᾶσθαι
700 912 753 963 τὸ
790 914 1103 983 ἀξιάγαστον,
1131 923 1179 972 ἐν
1205 925 1271 993 τῷ
1298 927 1521 979 δεδόσθαι
1549 931 1613 982 τὶν
1637 936 1730 985 ‘ribv
1747 960 1769 986 e

67 1002 116 1028 10
137 981 250 1048 ὑπὲρ
276 985 419 1050 ἡμῶν,
441 992 517 1040 καὶ
545 997 683 1043 τοῦτο
707 997 939 1062 Μονογενῆ.
988 1001 1154 1052 οὐκοῦν
1180 1004 1254 1055 ἵνα
1279 1006 1395 1075 μένῃ
1422 1012 1497 1061 καὶ
1521 1012 1731 1079 σώζηται

131 1063 320 1131 μεγάλη
347 1076 430 1120 τοῦ
458 1075 586 1123 Θεοῦ
617 1077 694 1125 καὶ
722 1078 914 1144 Πατρὸς
949 1081 976 1145 ἡ
1013 1082 1271 1150 ἀγάπησις,
1297 1088 1393 1143 υἱὸς
1424 1094 1637 1158 νοείσθω,
1662 1096 1729 1161 μὴ

131 1148 327 1212 ποίημα·
372 1153 489 1204 Υἱὸν
513 1153 568 1205 δέ
588 1160 711 1224 φημι
743 1159 825 1210 τὸν
850 1162 900 1212 ἐκ
934 1166 1018 1227 τῆς
1054 1167 1219 1222 οὐσίας
1254 1176 1337 1222 τοῦ
1365 1173 1576 1241 Πατρὸς,
1608 1178 1722 1241 ὁμο-

131 1228 295 1282 ούσιον
331 1235 550 1298 δηλονότι
589 1243 656 1309 τῷ
695 1245 1009 1309 γεγεννηκότι,
1046 1251 1122 1299 καὶ
1163 1250 1286 1302 Θεὸν
1326 1253 1471 1310 ὅντως
1510 1260 1585 1308 καὶ
1623 1263 1723 1312 κατ’

130 1311 372 1375 ἀλήθειαν.
432 1321 471 1368 εὶ
509 1319 557 1370 δὲ
596 1321 717 1373 κατὰ
754 1324 837 1375 τὸν
871 1326 976 1390 σὸν,
1012 1326 1049 1379 ὦ
1091 1331 1238 1395 οὗτος,
1270 1334 1432 1400 λόγον,
1469 1337 1523 1389 τὸ
1557 1342 1606 1391 ἐκ
1642 1346 1724 1407 τῆς

62 1406 107 1443 15
129 1392 293 1448 οὐσίας
320 1395 433 1449 εἶναι
460 1407 543 1451 τοῦ
570 1406 696 1454 Θεοῦ
720 1408 795 1457 καὶ
824 1408 1015 1475 Πατρὸς
1042 1414 1125 1462 οὐκ
1150 1414 1257 1482 ἔχει,
1279 1420 1354 1468 καὶ
1379 1417 1433 1469 τὸ
1461 1419 1575 1472 εἶναι
1603 1424 1723 1475 κατὰ

127 1473 277 1542 φύσιν
302 1478 418 1534 Υἱὸς
451 1485 527 1534 καὶ
563 1484 686 1540 Θεὸς
724 1496 1069 1556 συναποβαλεῖ,
1106 1498 1182 1546 καὶ
1220 1499 1420 1564 ἀργήσει
1460 1503 1630 1556 λοιπὸν
1665 1506 1719 1557 τὸ

123 1559 418 1623 περίπυστον
456 1570 612 1630 θαῦμα
655 1571 738 1633 τῆς
778 1571 968 1637 ἀγάπης
1009 1582 1092 1627 τοῦ
1133 1579 1340 1646 Πατρός.
1405 1585 1584 1649 ποίημα
1624 1588 1756 1656 γάρη
1795 1607 1871 1641 153
1890 1608 1940 1642 A.

122 1640 398 1704 ποιημάτων
434 1647 698 1718 ἠλλάξατο,
731 1655 807 1704 καὶ
846 1655 934 1722 οὐχ
965 1657 1084 1709 Υἱὸν
1115 1661 1323 1725 ἀληθῶς·
1371 1668 1468 1730 εἰκῆ
1508 1666 1557 1718 δὲ
1596 1669 1717 1733 ἡμᾶς

122 1722 198 1771 καὶ
237 1724 262 1773 ὁ
302 1726 529 1794 μακάριος
568 1735 765 1787 Παῦλος
804 1737 1063 1802 θορυβήσει
1102 1740 1257 1808 λέγων
1293 1746 1607 1813 (θἈθετήσας
1645 1775 1714 1806 τις
1776 1769 1912 1842 ῌὸεῑικ.

53 1807 150 1839 20⁶⁶
176 1802 319 1866 νόμον
372 1811 622 1867 Μωυσέως
669 1818 813 1882 χωρὶς
862 1823 1114 1887 οἰκτιρμῶν
1163 1826 1236 1876 ἐπὶ
1288 1830 1426 1879 δυσὶν
1476 1829 1504 1894 ἢ
1555 1836 1712 1897 τρισὶν
1778 1822 1792 1843 ²
1821 1824 1896 1855 '²9'

121 1891 147 1914 “
172 1886 409 1954 μάρτυσιν
434 1894 742 1959 ἀποθνήσκει,
769 1899 909 1969 πόσῳ
946 1905 1118 1956 δοκεῖτε
1153 1908 1358 1974 χείρονος
1393 1912 1710 1980 ἀξιωθήσεται

117 1973 146 1995 “
169 1973 392 2037 τιμωρίας
428 1976 452 2025 ὁ
487 1974 571 2027 τὸν
597 1978 715 2029 Υὶὸν
745 1986 828 2032 τοῦ
856 1986 981 2035 Θεοῦ
1008 1989 1350 2054 καταπατήσας
1366 1994 1411 2055 ;'’
1453 2004 1716 2050 καταπατεῖ

111 2047 198 2111 μὲν
225 2051 318 2119 γὰρ
346 2055 737 2122 ὁμολογουμένως
775 2065 800 2114 ὁ
835 2069 1220 2134 καταφρονήσας,
1247 2076 1358 2124 ἀλλ’
1388 2078 1474 2145 οὐχ
1502 2081 1563 2132 ὡς
1591 2081 1709 2132 Υὶὸν

111 2133 351 2199 ἀληθινὸν,
378 2139 510 2190 ἀλλὰ
538 2143 785 2199 Μωυσέως
813 2147 1091 2214 ὁμόδουλον,
1118 2153 1247 2220 εἴπερ
1276 2158 1378 2208 ἐστὶ
1405 2163 1471 2228 τῷ
1502 2184 1701 2227 πεποιη-

26 2206 90 2267 '25
109 2213 234 2284 μένῳ
269 2217 323 2268 τὸ
358 2221 537 2285 ποίημα
568 2223 758 2280 πάντως
792 2230 1019 2299 ἀδελφὸν,
1048 2235 1168 2285 κατά
1199 2259 1254 2301 γε
1288 2237 1370 2290 τὸν
1397 2248 1480 2292 τοῦ
1506 2248 1698 2308 πεποιῆ-
1722 2260 1747 2299 b

108 2298 223 2347 σθαι
256 2299 418 2366 λόγον,
445 2303 533 2355 κᾶν
558 2311 658 2360 ταῖς
693 2312 756 2362 εὶς
791 2309 845 2361 τὸ
880 2312 1035 2379 μεῖζον
1060 2314 1088 2380 ἢ
1123 2317 1313 2381 ἄμεινον
1341 2323 1590 2392 ὑπεροχαῖς
1616 2327 1702 2392 τὴν

107 2377 265 2444 ἑτέρου
300 2381 446 2451 δόξαν
477 2394 751 2457 πλεονεκτῇ·
795 2394 905 2443 ἀλλ’
936 2394 1066 2448 ἔστιν
1100 2401 1282 2465 ἀληθὴς
1319 2404 1344 2453 ὁ
1379 2411 1460 2455 τοῦ
1500 2408 1702 2460 Παύλου

105 2459 268 2525 λόγος’
309 2467 646 2535 χαλεπωτέραν
673 2472 721 2522 δὲ
757 2475 975 2528 ἀποτίσει
1011 2477 1098 2543 τὴν
1131 2482 1263 2547 δίκην
1296 2486 1320 2534 ὁ
1357 2488 1699 2553 καταπατήσας

103 2539 186 2592 τὸν
212 2543 343 2608 Υὶὸν,
374 2548 462 2616 οὐχ
497 2552 559 2604 ὡς
594 2557 656 2607 εὶς
692 2556 874 2620 ποίημα
908 2566 1221 2626 πλημμελῶν,
1249 2566 1353 2617 οὐδὲ
1389 2572 1452 2622 εἰς
1488 2571 1568 2620 ἕνα
1603 2577 1698 2624 τῶν

34 2631 84 2667 30
106 2625 354 2682 Μωυσέως
402 2631 692 2693 ὁμοδούλων.
761 2639 951 2704 μεγάλη
1003 2643 1059 2707 δὴ
1113 2646 1194 2695 οὖν
1247 2649 1320 2697 καὶ
1375 2651 1615 2718 ὑπερφυὴς
1667 2656 1695 2719 ἡ

146 2811 180 2846 5.
207 2803 328 2838 ἔδωκεν
348 2804 390 2840 Β.
409 2806 552 2844 δέδωκεν
570 2810 635 2845 Ed.
652 2813 695 2847 cf.
714 2814 749 2848 in
768 2815 815 2849 xii
835 2816 964 2863 Proph.
984 2820 1053 2862 466
1072 2821 1105 2861 d,
1125 2822 1188 2866 671
1212 2823 1245 2863 b,
1266 2824 1355 2859 inter
1374 2828 1485 2862 varias
1502 2829 1689 2867 lectiones:

100 2856 233 2889 contra,
252 2851 287 2884 in
306 2852 352 2885 xii
372 2852 501 2898 Proph.
519 2866 586 2901 557
602 2870 619 2892 c
640 2859 782 2895 δέδωκεν
799 2863 918 2898 favent
937 2867 1085 2902 codices.
1397 2885 1449 2908 11.
1476 2878 1627 2912 νοεῖσθαι
1648 2879 1689 2914 Β.

103 2906 155 2937 14.
182 2896 207 2930 ὦ
225 2896 332 2938 οὗτος,
352 2900 458 2943 λόγον
474 2901 540 2937 hoc
559 2904 680 2939 ordine
701 2907 741 2942 B.
882 2912 935 2944 16.
964 2915 1219 2954 συναποβάλλει
1242 2916 1282 2951 Β.
1426 2931 1480 2966 25.
1507 2924 1545 2957 τὸ
1563 2925 1689 2969 ποίημα
1734 2958 1737 2961 .

99 2944 144 2987 τῷ
162 2944 373 2991 πεποιημένῳ
391 2946 530 2983 inverso
547 2950 668 2986 ordine
688 2953 729 2987 B.

832 3023 853 3050 G
879 3027 908 3065 g
931 3025 953 3054 2
