2084 3317
133 159 187 199 vi.
211 172 273 199 10.
390 159 464 200 IN
506 159 548 199 S.
571 158 923 200 ‘JOANNEM
986 158 1111 199 LIB.
1146 158 1233 199 ΙΙΙ.
1296 158 1430 198 CAP.
1469 158 1547 198 IV.
1639 157 1723 197 413

132 268 566 333 καταβαρυνθέντος
621 273 704 318 τοῦ
764 272 900 330 λαοῦ,
939 265 1164 318 κοινωνὸν
1214 266 1299 331 μὲν
1347 271 1587 318 ποιεῖσθαι
1643 266 1726 315 τὸν

130 348 332 415 Ἀαρὼν,
380 349 682 416 κατακρούειν
727 349 775 401 δὲ
826 353 884 418 τῇ
934 348 1098 419 ῥάβδῳ
1151 348 1237 412 τὴν
1287 348 1478 415 πέτραν,
1523 348 1599 398 ἵνα
1650 348 1767 398 nata
1793 366 1883 399 280
1900 365 1952 399 A.

133 429 315 482 ὑδάτων
340 431 626 500 ἀνομβρήσῃ
651 431 822 497 πηγάς.
875 432 985 482 ἀλλ’
1015 431 1069 482 οὐ
1096 429 1291 499 σφόδρα
1323 436 1419 483 τοῖς
1452 435 1534 481 τοῦ
1563 451 1720 495 προσ-

131 510 384 568 τάττοντος
434 514 838 578 ἀναπεπεισμένος
888 512 1063 579 λόγοις,
1109 511 1481 581 ὀλιγοψυχήσας
1533 510 1588 562 δέ
1626 533 1727 564 πως

89 595 209 649 5διὰ
252 594 307 645 τὸ
353 596 648 662 ἀνθρώπινον
695 603 723 626 “
747 595 1024 647 Ἀκούσατέ
1062 618 1168 659 μου,
1211 597 1376 662 φησὶν,
1416 596 1458 645 οἱ
1504 595 1722 647 ἀπειθεῖς·
1790 610 1951 640 Numxx.

132 683 161 705 “
185 674 250 740 μὴ
277 678 326 728 ἐκ
353 681 435 742 τῆς
460 678 635 745 πέτρας
660 677 833 742 ταύτης
858 675 1090 746 ἐξάξομεν
1112 678 1218 740 ὑμῖν
1245 678 1368 743 ὕδωρ
1391 698 1404 739 ;
1448 679 1523 726 καὶ
1550 674 1726 741 ἐπάρας
1793 663 1907 685 ῙΟ“12’

132 765 161 788 “
190 762 408 824 Μωυσῆς
446 759 532 824 τὴν
557 766 690 828 χεῖρα
727 761 871 811 αὐτοῦ
909 759 1113 828 ἐπάταξε
1146 761 1204 827 τῇ
1238 758 1403 828 ῥάβδῳ
1443 758 1529 823 τὴν
1551 758 1729 824 πέτραν

134 847 161 871 “
189 841 324 910 ἅπαξ
361 847 437 893 καὶ
482 844 563 904 δὶς,
603 845 679 893 καὶ
722 842 922 910 ἐξῆλθεν
961 843 1083 907 ὕδωρ
1121 841 1261 892 πολύ·
1308 843 1384 891 καὶ
1420 839 1517 892 εἶπε
1555 840 1728 906 Κύριος

135 931 162 954 “
186 923 305 990 πρὸς
334 927 555 988 Μωυσῆν
588 926 664 974 καὶ
690 924 882 990 Ἀαρών
899 922 1016 974 ρΌτι
1057 924 1140 973 οὐκ
1178 923 1491 974 ἐπιστεύσατε
1532 922 1730 988 ἁγιάσαι

67 1026 114 1051 10
135 1012 162 1035 “
186 1028 245 1068 με
283 1006 492 1057 ἐναντίον
530 1011 625 1057 τῶν
673 1009 784 1057 υἱῶν
821 1005 1042 1072 Ἰσραὴλ,
1086 1003 1162 1056 διὰ
1201 1011 1341 1056 τοῦτο
1389 1006 1472 1056 οὐκ
1517 1004 1776 1073 εἰσάξετεὶ)

134 1094 162 1132 “
188 1089 316 1152 ὑμεῖς
365 1087 451 1151 τὴν
495 1085 785 1155 συναγωγὴν
829 1087 1006 1153 ταύτην
1056 1091 1120 1141 εἷς
1170 1087 1256 1151 τὴν
1308 1090 1399 1153 γῆν
1442 1085 1501 1151 ἣν
1553 1087 1731 1137 δέδωκα

135 1177 162 1200 “
188 1171 388 1224 αὐτοῖς.”
440 1169 513 1238 ἆρ’
543 1171 624 1221 οὖν
650 1172 860 1221 ἐντεῦθεν
885 1170 969 1221 οὐκ
996 1169 1055 1220 ἂν
1080 1169 1264 1235 γε’νοιτο
1290 1171 1437 1221 παντί
1468 1192 1534 1239 τῳ
1562 1168 1730 1238 σαφὲς,

135 1251 261 1306 ὅπως
288 1254 389 1304 ἐστὶ
416 1252 607 1321 χαλεπὰ
631 1255 714 1316 τῆς
740 1253 966 1307 ἀπιστίας
993 1251 1052 1303 τὰ
1079 1251 1297 1321 ὀψώνιας
1339 1255 1414 1304 καὶ
1441 1256 1477 1303 εἰ
1504 1258 1733 1306 τοσοῦτος

134 1333 358 1402 ὑπάρχων
389 1335 644 1400 ἐπετιμήθη
678 1338 912 1398 Μωυσῆς,
947 1336 1072 1389 τίνος
1111 1334 1177 1386 ε”τι
1217 1335 1432 1402 φείσεται
1472 1332 1606 1398 Θεός,
1643 1336 1732 1385 τίνι

68 1431 114 1470 15
135 1415 184 1468 δὲ
228 1418 312 1468 οὐκ
352 1418 531 1469 ἐποίσει
575 1416 658 1468 τὸν
703 1418 775 1486 ἐφ’
821 1416 887 1470 οἷς
930 1416 987 1467 ἂν
1031 1415 1281 1485 ἀπιστήσῃ
1323 1416 1473 1481 θυμὸν
1514 1418 1538 1467 ὁ
1586 1418 1731 1470 οὕτως

134 1499 599 1566 ἀπροσωπόληπτος,
653 1501 714 1553 ὡς
766 1499 883 1564 μηδὲ
935 1497 1076 1550 αὐτὸν
1127 1500 1352 1562 ἐθελῆσαι
1404 1502 1732 1550 δυσωπεῖσθαι

137 1583 367 1645 Μωυσέα,
393 1582 512 1649 πρὸς
547 1581 600 1633 ὃν
631 1581 807 1648 εἴρηται
834 1582 943 1648 παρ’
973 1581 1116 1632 αὐτοῦ
1145 1587 1172 1610 “
1190 1579 1316 1632 Οἶδά
1353 1604 1412 1633 σε
1446 1580 1578 1647 παρὰ
1602 1581 1725 1633 πάν·
1793 1601 1900 1651 Emgl:

966 1664 1017 1682 l„
1792 1655 1910 1676 XXXIII·

136 1671 163 1695 “
189 1687 286 1728 τας,
314 1666 390 1715 καὶ
416 1664 555 1732 χάριν
581 1665 706 1732 εὗρες
731 1665 841 1730 παρ’
871 1666 988 1727 ἐμοι.
1795 1698 1845 1720 12,

136 1808 354 1850 Ποιήσατε
390 1809 489 1850 τοὺς
528 1807 786 1865 ἀνθρώπους
830 1805 1073 1850 ἀναπεσεῖν·
1127 1804 1178 1849 ἦν
1216 1807 1263 1849 δὲ
1307 1809 1458 1865 χόρτος
1502 1807 1636 1849 Πολὺς
1685 1782 1771 1849 ἐνΟ

66 1908 116 1932 20
202 1893 265 1946 τῷ
313 1892 446 1947 τόπῳ·
509 1892 721 1935 ἀνέπεσον
766 1889 839 1933 οὖν
883 1891 1037 1949 ἄνδρες
1081 1891 1155 1934 τὸν
1199 1891 1380 1949 ἀριθμὸν
1425 1892 1485 1932 ὡς
1535 1906 1734 1933 Πεντακι-

204 1975 369 2031 σχίλιοι.

213 2071 472 2141 Πρᾳότητα
508 2071 593 2136 μὲν
633 2071 720 2136 τὴν
760 2071 946 2137 συνήθη
987 2073 1230 2137 τετίμηκεν
1269 2074 1294 2123 ὁ
1335 2070 1523 2139 Σωτὴρ,
1565 2073 1642 2123 καὶ
1681 2072 1735 2122 τὸ

137 2155 222 2218 μὲν
248 2153 386 2221 δριμὺ
417 2159 512 2206 τῶν
537 2155 749 2223 ἐλέγχων
773 2155 1053 2224 ἀφίστησιν
1107 2155 1191 2206 οὐκ
1228 2156 1417 2223 ἐπιτιμᾷ
1450 2153 1544 2220 γὰρ
1580 2158 1735 2218 δηκτι-

139 2241 243 2300 κῶς,
277 2237 426 2288 καίτοι
465 2239 540 2288 καὶ
579 2237 688 2287 λιάν
725 2236 1012 2303 νυστάῷυσι
1051 2241 1149 2291 τοῖς
1188 2241 1432 2301 μαθηταῖς,
1470 2236 1588 2287 ὅσον
1627 2236 1736 2301 ἧκεν

69 2334 117 2374 25
139 2324 201 2374 εἰς
226 2318 280 2370 τὸ
306 2320 377 2370 ἐπ’
405 2320 531 2389 αὐτῷ
563 2318 864 2388 μικρόψυχόν
889 2343 939 2370 τε
966 2321 1042 2370 καὶ
1069 2318 1399 2386 ὁλιγόπιστον·
1442 2321 1741 2383 παιδαγωγεῖ

140 2401 189 2453 δὲ
226 2406 418 2465 μᾶλλον
456 2400 531 2452 διὰ
568 2401 865 2467 πραγμάτων
900 2402 1054 2453 αὐτῶν
1093 2405 1156 2456 εἰς
1195 2401 1471 2469 κατάληψιν
1506 2398 1571 2450 ὧν
1606 2401 1735 2450 οὔπω

138 2482 434 2536 πιστεύουσι.
484 2483 538 2534 τὸ
576 2484 669 2550 γάρ
709 2485 928 2545 Ποιήσατε
971 2483 1066 2539 τοὶς
1109 2482 1350 2553 ἀνθρώπους
1391 2485 1642 2540 ἀναπεσεῖν,
1683 2483 1782 2535 οὑᾶ

140 2565 333 2632 μετρίαν
370 2565 462 2633 ε”χει
509 2564 594 2629 τὴν
631 2565 856 2634 ἔμφασιν,
895 2566 1041 2630 μόνον
1080 2565 1128 2617 δὲ
1171 2567 1273 2632 οὐχὶ
1319 2567 1395 2615 καὶ
1436 2562 1648 2615 τοιοῦτόν
1692 2587 1736 2615 τι

191 2694 223 2717 2.
249 2682 464 2728 κατακρούειν
484 2683 526 2717 Β.
545 2683 813 2729 κατακρούεσθαι
832 2684 899 2718 Ed.
1088 2684 1211 2729 13—18.
1237 2684 1291 2717 καὶ
1309 2682 1462 2726 εἷ--ἔμοί
1479 2682 1561 2716 citat
1579 2681 1735 2727 Nikeph‚

143 2729 220 2764 Cat.
238 2730 260 2764 i.
282 2741 383 2774 1301.
592 2742 644 2776 13.
671 2729 716 2776 εἷ]
745 2736 778 2771 -Ι-
800 2733 818 2764 ὁ
836 2731 920 2765 Nik.
1136 2740 1188 2775 17.
1217 2731 1369 2773 Μωυσῆν
1387 2730 1472 2763 Nik.
1537 2728 1614 2773 παρ’
1634 2730 1737 2763 αὐτοῦ

143 2783 367 2821 assumptum
385 2788 426 2810 ex
448 2776 489 2810 Β.
510 2776 593 2811 Nik.
775 2778 828 2812 18.
855 2775 947 2822 ἐμοί]
968 2777 1050 2821 ἐμοῦ
1072 2777 1110 2811 Β.
1132 2776 1212 2822 (53)
1231 2776 1275 2811 cf.
1294 2777 1385 2810 infra
1403 2776 1471 2820 653
1490 2788 1519 2810 a.
1540 2775 1614 2819 ἐμοί
1630 2776 1739 2810 habet

145 2823 230 2858 Nik.
248 2823 291 2857 cf.
310 2835 415 2868 supra
436 2834 496 2858 101
518 2835 548 2857 a.
738 2835 792 2859 20.
818 2825 862 2860 ὡς
883 2825 923 2859 Β.
944 2825 1027 2859 ὡσεὶ
1046 2824 1112 2858 Ed.
1305 2834 1359 2865 24.
1387 2823 1493 2856 καίτοι
1510 2834 1579 2857 om.
1600 2823 1735 2867 Migne.

147 2870 202 2904 26.
229 2869 300 2915 διὰ]
325 2874 362 2911 -}-
383 2873 449 2903 τῶν
466 2881 495 2904 a.
516 2870 625 2904 invito
641 2871 748 2905 Cord.
846 2882 900 2916 27.
918 2870 1188 2905 πεπιστεύκασιν
1207 2870 1249 2904 Β.
1268 2869 1385 2903 invitis
1405 2869 1497 2903 Catt.
1586 2870 1641 2904 28.
1661 2868 1738 2915 οὐχὶ

145 2917 181 2952 δέ
199 2917 338 2951 inverso
356 2916 478 2950 ordine
497 2915 589 2951 Catt.
640 2917 765 2952 Statim
782 2919 835 2952 καὶ
853 2930 922 2953 om.
940 2918 1032 2952 Catt.
1094 2918 1146 2951 καὶ
1163 2918 1317 2951 τοιοῦτόν
1333 2915 1382 2961 τι]
1403 2917 1509 2951 καίτοι
1527 2918 1680 2951 τοιοῦτον
1694 2916 1736 2950 B.

145 2964 298 2998 τοιοῦτόν
316 2978 346 2997 τι
364 2963 495 2997 habent
514 2963 605 2998 Catt.
