2084 3317
336 156 420 195 594
740 156 789 195 B.
823 154 1100 195 CYRILLI
1142 153 1523 195 ALEXANDR.
1765 151 1836 193 vii.
1860 164 1923 192 11.

274 339 315 364 11
363 331 413 374 Οἱ
452 331 525 375 οὖν
556 332 759 376 Ἰουδαῖοι
796 334 968 392 ἐζήτουν
1008 333 1138 376 αὐτὸν
1175 333 1220 375 ὲν
1260 338 1308 390 τῷ
1347 334 1477 390 ἓορτῆι
1517 333 1586 373 καί
1621 333 1771 380 ἔλεΓον
1808 332 1896 372 Ποῦ

966 426 1079 467 ἐστιν
1118 422 1308 476 ἐκεῖνοο;

411 544 700 610 Ἐρευνῶσιν
719 546 936 596 Ἰουδαῖοι
961 543 1045 595 τὸν
1063 545 1270 608 Ἰησοῦν,
1289 544 1376 610 οὐχ
1399 543 1475 594 ἵνα
1501 542 1711 609 εὑρόντες
1736 540 1928 593 πιστεύ-

338 647 489 677 σειαν·
532 625 561 690 ἢ
594 625 687 693 γὰρ
719 626 776 677 ἂν
801 629 876 677 καὶ
910 625 964 677 τὸ
1001 625 1240 692 ζητεῖσθαι
1274 624 1469 694 φθάσας
1500 623 1664 675 ἑαυτὸν
1689 621 1926 690 προσεκό-

117 713 277 743 Εθ-ῙΧν-Ι·
338 708 437 774 μιζέ
477 707 596 759 κατὰ
634 707 688 759 τὸ
726 709 835 774 παρ’
871 708 1014 758 αὑτοῦ
1049 704 1308 773 λεγόμενον
1335 713 1362 735 ‘⁶
1381 706 1594 773 Εὑρέθην
1619 709 1715 759 τοῖς
1749 704 1827 769 ἐμὲ
1860 703 1968 769 μὴ5

116 1369 166 1401 lb.
175 1369 233 1401 lix.
247 1377 276 1409 5.

337 796 365 818 “
392 790 625 856 ζητοῦσιν,
671 788 884 859 ἐμφανὴς
927 789 1154 856 ἐγενόμην
1196 793 1292 842 τοῖς
1342 786 1421 852 ἐμὲ
1471 785 1536 851 μὴ
1587 786 1925 852 ἐπερωτῶσιν·”

338 872 448 922 ἀλλ’
488 872 537 922 ἐκ
581 875 770 936 πολλῆς
811 872 935 937 ἄγαν
977 874 1060 935 τῆς
1105 870 1399 937 παρανομίας
1444 872 1507 924 εἰς
1551 868 1637 934 τὴν
1673 868 1928 933 ζΕλλήνων

299 969 321 996 e
339 955 651 1005 εἶκαιοπονιάν
677 954 1134 1015 κατολισθαίνοντες,
1162 954 1238 1004 καὶ
1264 951 1323 1003 τὰ
1349 952 1534 1005 ἐκείνοις
1560 949 1745 1016 συνήθη
1778 948 1928 1016 ζηλώ-

337 1058 510 1089 σαντες
551 1040 760 1101 μᾶλλον,
800 1036 920 1102 ἥπερ
957 1035 1016 1086 τὰ
1056 1035 1111 1085 δι’
1152 1033 1217 1085 ὧν
1255 1033 1374 1088 εἰκὸς
1412 1031 1470 1097 ἧν
1509 1032 1586 1084 διὰ
1626 1035 1709 1097 τῆς
1750 1032 1929 1083 ἄνωθεν

338 1117 824 1184 καταλαμπρύνεσθαι
850 1116 1055 1185 χάριτος.
1106 1115 1361 1181 Ἑλλήνων
1387 1114 1472 1178 μὲν
1498 1115 1591 1182 γὰρ
1617 1118 1657 1166 οἱ
1686 1117 1928 1168 δοκοῦντες

338 1195 452 1249 εἶναι
496 1202 697 1262 συνετοὶ,
740 1200 817 1250 καὶ
861 1202 943 1263 τῆς
987 1201 1218 1262 κοσμικῆς
1260 1199 1335 1249 καὶ
1375 1196 1706 1261 δαιμονιώδους
1751 1196 1929 1264 σοφίας

338 1281 770 1345 ἀναπεπλησμένοι,
795 1280 1004 1347 μακροὺς
1040 1281 1116 1331 καὶ
1147 1277 1342 1346 πικροὺς
1367 1279 1705 1332 ἀναλίσκοντες
1729 1276 1925 1343 λόγους,

339 1364 414 1413 καὶ
449 1362 653 1416 κύκλους
689 1361 1007 1429 θεωρημάτων
1040 1362 1222 1413 εἶκαίων
1249 1362 1524 1423 ἑλίττοντες,
1552 1359 1687 1412 ἱστόν
1717 1383 1767 1411 τε
1805 1357 1925 1425 ἀρά-

338 1468 454 1512 χνης
492 1444 612 1496 κατὰ
650 1444 704 1496 τὸ
743 1445 1073 1512 γεγραμμένον
1108 1445 1398 1514 ὑφαίνοντες,
1434 1442 1519 1508 τὴν
1553 1441 1794 1507 ἀλήθειαν,
1825 1441 1929 1506 ἤτοι

338 1526 392 1578 τὸ
419 1527 615 1593 ἀγαθὸν,
639 1526 668 1593 ἢ
703 1526 757 1579 τὸ
793 1529 971 1579 δίκαιον
997 1526 1022 1578 ὅ
1059 1549 1103 1578 τι
1128 1525 1242 1578 ποτὲ
1270 1524 1390 1577 κατὰ
1417 1524 1569 1594 φύσιν
1593 1526 1738 1587 ἐστὶν,
1764 1545 1924 1590 προσ-

116 1623 206 1658 406
221 1622 270 1657 A.
302 1615 579 1662 avrocosmrac
630 1609 792 1676 ζητεῖν,
844 1612 921 1661 καὶ
973 1609 1123 1674 μόνην
1174 1606 1338 1674 ὥσπερ
1393 1607 1535 1659 σκιὰν
1586 1610 1669 1671 τῆς
1722 1607 1929 1671 ἀληθοῦς

337 1692 563 1757 γνώσεως
589 1693 768 1746 ἑαυτοῖς
801 1691 1197 1753 ἀναπλάττοντες,
1225 1691 1449 1757 ἄγευστοι
1485 1693 1731 1743 παντελῶς
1764 1690 1847 1752 τῆς
1881 1689 1930 1738 ἐν

337 1773 490 1840 ἔργοις
533 1777 836 1825 διατελοῦσιν
877 1775 1059 1840 ἀρετῆς,
1101 1775 1177 1824 καὶ
1221 1776 1305 1837 τῆς
1349 1771 1529 1823 ἄνωθέν
1572 1795 1621 1824 τε
1665 1772 1739 1822 καὶ
1784 1769 1930 1824 ὅντως

338 1855 515 1923 σοφίας
554 1855 715 1921 ἔρημοι
755 1856 1063 1920 διαμένοντες,
1103 1856 1174 1907 ἐπ’
1216 1856 1365 1906 οὐδενὶ
1403 1858 1497 1905 τῶν
1534 1852 1785 1922 χρησίμων
1821 1850 1927 1902 ἔσθ’

339 1936 415 1987 ὅτε
453 1935 514 1988 τὰ
550 1936 688 2004 μέχρι
727 1936 889 2003 λόγων
926 1943 1168 1989 ποιοῦνται
1213 1935 1552 2002 γυμνάσματα.
1621 1936 1836 1986 Ἰουδαῖοι
1882 1930 1931 1983 δὲ

337 2018 500 2081 πάλιν,
535 2022 578 2069 οἱ
616 2021 701 2083 τῆς
739 2019 924 2070 ἐκείνων
962 2020 1164 2083 ἀμαθίας
1203 2020 1405 2086 ἀδελφοὶ
1444 2019 1521 2068 καὶ
1558 2017 1775 2083 γείτονες,
1810 2016 1928 2066 ἀνα-

340 2100 532 2168 ζητοῦσι
570 2101 653 2152 τὸν
691 2102 896 2166 Ἰησοῦν,
935 2101 1022 2167 οὐχ
1066 2101 1121 2151 ἵν’
1164 2100 1375 2167 εὑρόντες
1412 2099 1756 2161 πιστεύσωσιν,
1796 2099 1859 2151 ὡς
1903 2096 1932 2161 ἦ

339 2187 435 2234 τῶν
484 2182 780 2249 πραγμάτων
830 2182 975 2252 ἔδειξε
1027 2181 1191 2252 φύσις,
1246 2181 1357 2233 ἀλλ’
1409 2181 1486 2232 ἵνα
1531 2184 1740 2234 πολλαῖς
1790 2177 1934 2230 αὑτὸν

296 2271 323 2312 b
341 2265 596 2331 λοιδορίαις
623 2264 1042 2332 κατακοντίζοντες,
1067 2263 1153 2329 τὴν
1181 2264 1430 2326 ἄσβεστον
1455 2268 1556 2317 ταῖς
1581 2263 1759 2314 ἑαυτῶν
1786 2265 1933 2330 κεφα-

342 2352 449 2400 λαῖς
488 2347 725 2398 ἐποίσειαν
758 2347 938 2417 φλόγα.
1000 2348 1076 2397 καὶ
1114 2347 1226 2397 καθ’
1260 2346 1417 2412 ἕτερον
1450 2345 1498 2396 δὲ
1536 2343 1727 2411 τρόπον,
1758 2347 1926 2394 εἰκαιο-

341 2428 489 2492 τάτην
537 2428 706 2484 αὐτοὺς
760 2433 1000 2481 ποιεῖσθαι
1055 2427 1141 2493 τὴν
1193 2427 1389 2494 ζήτησιν
1449 2426 1710 2491 οἰησόμεθα
1762 2425 1928 2477 πάλιν.

342 2511 487 2576 μόνον
512 2511 606 2578 γὰρ
642 2512 713 2563 ὅτι
746 2511 812 2576 μὴ
846 2511 1052 2578 πάρεστι
1086 2516 1460 2577 προσποιοῦνται
1499 2510 1664 2576 ζητεῖν.
1719 2512 1933 2575 παρεῖναι

342 2593 436 2660 γὰρ
475 2594 578 2656 ἔδει,
618 2596 758 2662 φασὶ,
799 2598 896 2648 τοῖς
936 2592 1209 2659 ἑορτάζουσι
1248 2591 1331 2643 τὸν
1372 2589 1749 2657 θαυματουργὸν,
1787 2588 1842 2641 τὸ
1885 2591 1935 2640 ἐν

342 2677 507 2745 τέρψει
541 2681 733 2740 μᾶλλον
760 2675 858 2740 ἡδὺ,
884 2677 961 2726 καὶ
995 2675 1100 2742 οὐχὶ
1134 2673 1324 2729 πάντως
1362 2672 1447 2738 τὴν
1481 2675 1529 2724 ἐκ
1564 2678 1648 2724 τοῦ
1684 2670 1935 2738 θαυμάζειν

343 2757 579 2826 ὠφέλειαν
624 2758 900 2825 θηρώμενοι·
955 2756 1268 2821 νομομαθείας
1313 2755 1363 2808 δὲ
1405 2755 1553 2825 δόξαν
1596 2754 1929 2824 ἠμφιεσμένοι,

390 2920 423 2953 3.
449 2907 685 2944 πιστεύσωσιν
707 2909 747 2943 Β.
909 2918 940 2954 7.
968 2906 1071 2955 ἄγαν]
1091 2907 1223 2953 ἀγάπης
1243 2907 1283 2942 Β.
1443 2917 1496 2953 17.
1523 2908 1653 2943 ἑαυτοῖς
1673 2907 1715 2941 Β.
1733 2905 1846 2941 αὐτοῖς
1866 2904 1931 2940 Ed.

345 2955 400 2989 28.
427 2956 518 3001 φασὶ
539 2955 632 2990 B.D.
651 2956 743 3001 φησι
762 2955 827 2990 Ed.

1949 1135 1998 1161 10

1952 1957 2003 1982 20

1954 2788 2005 2824 30
