2084 3317
340 195 426 236 256
744 197 794 238 Β.
827 198 1105 239 CYRILLI
1147 198 1524 240 ALEXANDR.
1782 197 1840 238 iii.
1860 208 1927 253 35.

340 306 436 354 τῶν
467 309 676 369 γενητῶν
710 305 904 376 ἐξουσίᾳ
943 309 1128 359 τιθέντα
1167 307 1249 359 τὸν
1285 309 1416 371 Υὶὸν,
1448 308 1522 359 ἵνα
1560 306 1708 359 πάλιν
1741 311 1848 374 νοῇς
1886 329 1930 358 τι

340 391 564 438 τοιοῦτον.

302 541 325 569 0
389 534 439 576 ‘O
474 537 609 588 Πατὴρ
640 537 773 592 ἀγαπᾷ
805 538 872 579 τὸν
891 539 989 580 Ύὶὸν
1021 540 1082 580 καὶ
1114 540 1242 582 πάντα
1273 540 1441 581 δέδωκεν
1472 541 1514 581 ἐν
1545 542 1589 596 τῇ
1620 541 1721 594 χειρὶ
1753 539 1882 580 αὐτοῦ.

417 646 504 712 Μὴ
543 649 948 716 ἀπαυθαδιζέσθω,
980 655 1146 722 φησὶν,
1179 655 1204 705 ὁ
1243 652 1490 717 δυσήκοος,
1525 653 1776 719 ἄνθρωπον
1811 654 1933 719 ὁρῶν

340 727 423 779 τὸν
449 729 671 782 ἁπάντων
694 732 886 800 Κύριον,
907 734 1023 799 μηδὲ
1051 735 1269 801 νομιζέτω
1295 734 1561 804 ψεύδεσθαι
1587 734 1671 799 τὴν
1694 735 1933 799 ἀλήθειαν,
1953 752 1975 790 5

341 811 396 861 τὸ
431 814 600 878 χρῆναι
635 815 875 866 πιστεύειν
901 819 962 871 ὡς
990 821 1101 887 Θεῷ
1136 817 1212 868 διὰ
1247 817 1333 882 τὴν
1359 816 1518 883 σάρκα
1545 815 1930 882 παραιτούμενος.

117 892 224 932 supra
343 892 553 961 δεχέσθω
604 895 691 959 τὴν
733 899 995 964 μαρτυρίαν
1040 900 1198 957 αὐτοῦ,
1246 898 1671 968 κατασφραγιζέτω
1717 897 1765 949 δὲ
1813 921 1932 964 προ-

117 945 184 967 ves·
245 958 251 965 .

200 943 240 974 33
343 975 515 1039 θύμως,
543 975 614 1027 ὅτι
651 979 674 1029 ὁ
715 977 837 1033 Θεὸς
876 980 1059 1046 ἀληθής
1096 983 1241 1043 ἐστιν,
1267 982 1341 1032 ἵνα
1377 979 1441 1044 μὴ
1478 984 1607 1048 λυπῇ
1643 979 1725 1031 τὸν
1758 981 1807 1031 ἐν
1839 984 1935 1033 τοῖς

341 1058 553 1123 οὐρανοῖς
593 1060 802 1126 Πατέρα.
856 1067 1036 1134 ἀγαπᾷ
1076 1062 1168 1130 γὰρ
1208 1063 1273 1115 τόν
1312 1064 1428 1114 ἰ’διον
1462 1064 1568 1125 Τίον,
1608 1062 1847 1130 ἀπόδειξις
1886 1060 1934 1113 δὲ

298 1141 424 1203 ᾶτῆς
462 1144 523 1194 εἷς
558 1140 700 1192 αὑτὸν
726 1142 929 1208 ἀγάπης,
958 1144 1011 1195 τὸ
1046 1144 1237 1196 πάντων
1264 1147 1389 1214 αὐτῷ
1426 1143 1649 1196 δεδόσθαι
1684 1144 1770 1209 τὴν
1795 1144 1929 1213 ἐξου·
1959 1168 2005 1193 10

117 1228 279 1313 Ξέὒξῖῐῖῐὶ·
342 1221 469 1272 σίαν.
525 1221 550 1273 ὃ
579 1221 636 1287 δὴ
664 1227 738 1275 καὶ
768 1224 906 1280 αὐτὸς
932 1225 1142 1295 ἔφασκεν
1169 1228 1193 1278 ὁ
1222 1226 1390 1292 Σωτήρ
1417 1234 1444 1256 “
1468 1226 1638 1277 Πάντα
1670 1249 1749 1290 μοι
1782 1249 1931 1292 παρε-

119 1338 171 1368 lb·
343 1309 371 1332 ‘⁶
397 1303 512 1368 δόθη
541 1303 630 1355 ὑπὸ
657 1311 740 1356 τοῦ
768 1306 959 1373 Πατρός
984 1309 1116 1372 μου.”
1170 1312 1247 1360 καὶ
1273 1308 1421 1360 πάλιν
1448 1316 1475 1338 “
1493 1308 1668 1372 Ἐδόθη
1695 1331 1773 1371 μοι
1798 1312 1936 1359 πᾶσα

117 1381 233 1457 {gf-iii.
343 1391 371 1414 “
397 1384 590 1454 ἐξουσία
617 1387 665 1438 ε”ν
689 1410 737 1438 τε
769 1389 951 1458 οὐρανῷ
982 1393 1056 1441 καὶ
1091 1393 1164 1442 ἐπὶ
1198 1394 1281 1455 τῆς
1316 1391 1445 1456 γῆς.”
1500 1392 1574 1441 καὶ
1601 1391 1655 1441 οὐ
1682 1389 1833 1455 δήπου
1860 1389 1936 1440 διὰ

341 1465 395 1517 τὸ
435 1467 570 1536 δόξαι
609 1473 778 1529 λαβεῖν
816 1472 840 1521 ὁ
876 1471 1003 1534 Υἱὸς,
1040 1473 1250 1538 εὐλόγως
1288 1471 1345 1524 ἂν
1383 1475 1445 1527 ὡς
1483 1471 1693 1523 ἐλάττων
1725 1471 1815 1524 ὑπό
1853 1495 1936 1523 του

341 1555 664 1616 κατηγοροῖτο,
711 1554 785 1602 καὶ
831 1554 990 1616 διατί,
1050 1554 1286 1618 λαμβάνει
1334 1554 1441 1621 γὰρ,
1489 1554 1564 1605 ὅτε
1615 1554 1807 1621 γε’γονεν
1851 1554 1932 1605 ἄν·
1961 1578 2007 1616 15

341 1634 542 1698 θρωπος,
571 1632 647 1684 ὅτε
680 1635 1012 1687 τεταπείνωκεν
1039 1636 1203 1688 ἑαυτὸν
1230 1638 1285 1689 δι’
1314 1637 1449 1702 ἡμᾶς,
1477 1636 1553 1688 ὅτε
1588 1640 1758 1692 δοῦλος
1792 1639 1930 1706 ε’χρη-

342 1712 543 1776 μάτισεν
582 1715 607 1765 ὁ
647 1715 916 1781 Δεσπότης,
957 1718 1034 1769 ὅτε
1071 1719 1266 1785 γε’γονεν
1305 1722 1353 1771 ἐν
1391 1720 1588 1774 οἰκέταις
1626 1720 1651 1770 ὁ
1693 1717 1938 1785 ἐλεύθερος

344 1794 475 1849 Υἱός.
529 1798 624 1848 ἐπεὶ
652 1796 772 1849 κατὰ
797 1800 901 1850 τίνα
927 1801 1104 1867 τρόπον
1131 1804 1466 1854 τεταπείνωκεν
1491 1801 1669 1865 ἑαυτὸν,
1697 1800 1726 1867 ἢ
1752 1806 1853 1855 πῶς
1886 1802 1943 1870 ἐξ

305 1906 327 1932 e
347 1875 565 1942 ἰσότητος
598 1882 696 1944 τῆς
738 1880 857 1947 πρὸς
901 1882 984 1933 τὸν
1028 1883 1153 1935 Θεὸν
1201 1887 1275 1935 καὶ
1324 1884 1517 1951 Πατέρα
1567 1883 1939 1948 καταβεβηκέναι

345 1957 563 2025 λε’γεταις
625 1960 654 2026 ἢ
706 1961 800 2029 γὰρ
851 1964 939 2032 οὐχ
991 1966 1099 2034 ὁρᾷς
1152 1968 1200 2017 ἐν
1251 1966 1430 2020 τούτοις
1481 1965 1564 2017 τὸν
1615 1966 1701 2030 μὲν
1751 1965 1938 2017 διδόντα
1962 1993 2010 2018 20

345 2045 637 2109 θεοπρεπῶς,
668 2044 751 2096 τὸν
783 2045 831 2096 δὲ
867 2048 1171 2113 ἀνθρωπίνως
1209 2071 1258 2099 τε
1295 2050 1369 2099 καὶ
1405 2052 1637 2102 οἶκετικῶς
1675 2047 1940 2112 λαμβάνειν

344 2123 618 2190 λεγόμενον,
644 2123 763 2193 ἅπερ
790 2125 911 2195 εἶχεν
937 2130 999 2183 ὡς
1027 2130 1149 2184 Θεός
1172 2152 1182 2191 ;
1228 2131 1282 2181 οὐ
1309 2129 1441 2184 δόσις
1472 2129 1521 2181 δὲ
1558 2132 1725 2197 κυρίως
1755 2131 1885 2181 ἐστὶν
1912 2131 1939 2194 ἡ

344 2206 475 2272 παρὰ
503 2207 695 2273 Πατρὸς
721 2213 783 2262 εἷς
809 2209 959 2277 ἀρχὴν
985 2214 1173 2262 τεθεῖσα
1198 2214 1281 2275 τῆς
1307 2210 1426 2263 κατὰ
1451 2211 1644 2263 πάντων
1670 2212 1939 2279 κυριότητος

343 2286 428 2339 τὸν
453 2288 586 2340 Υὶόν·
629 2291 930 2358 ἐπαναδρομὴ
968 2293 1015 2343 δὲ
1049 2297 1241 2356 μᾶλλον
1265 2296 1340 2345 καὶ
1376 2292 1678 2363 ἐπανάληψις
1713 2298 1788 2345 καὶ
1823 2294 1941 2356 μετὰ

344 2369 524 2436 σαρκὸς
559 2376 621 2425 εἰς
653 2372 739 2436 τὴν
769 2372 863 2439 πρὸ
902 2373 1083 2440 σαρκὸς
1120 2376 1359 2445 ἐξουσίαν·
1409 2378 1462 2427 οὐ
1499 2375 1593 2443 γὰρ
1632 2375 1708 2427 ὅτε
1747 2376 1941 2443 γε’γονεν
1962 2404 2010 2442 25

345 2451 606 2518 ἄνθρωπος,
632 2453 736 2505 τότε
762 2458 844 2518 τῆς
871 2457 1069 2511 κτίσεως
1094 2458 1287 2525 ἄρχεται
1314 2463 1511 2525 κρατεῖν.

120 2550 199 2587 172
216 2549 268 2585 A.
305 2561 327 2585 a
418 2533 553 2586 Ἐπεὶ
597 2536 717 2602 πρὸς
758 2538 898 2588 ποίαν
939 2539 1033 2604 ἐρεῖ
1070 2562 1139 2592 τις
1184 2540 1325 2590 αὐτὸν
1371 2540 1742 2604 καταβεβηκέναι
1782 2540 1941 2591 ταπεί-

345 2639 516 2680 νωσιν,
571 2618 699 2686 εἴπερ
751 2619 827 2672 ὅτε
877 2621 1073 2687 γε’γονεν
1123 2622 1386 2688 ἅνθρωπος,
1430 2623 1537 2674 τότε
1583 2629 1666 2674 τοῦ
1718 2622 1941 2690 κυριεύειν

393 2782 427 2819 5·
453 2777 520 2808 τῶν
538 2787 600 2819 pro
618 2776 677 2810 τὸν
696 2775 738 2810 Β.
882 2788 915 2822 9.
940 2777 1006 2823 γὰρ
1025 2789 1088 2822 pro
1106 2778 1142 2812 δὲ
1163 2778 1204 2813 ss.
1368 2791 1422 2814 10.
1449 2761 1612 2815 δὲδόσθηι
1634 2779 1674 2814 B.
1695 2778 1854 2814 δίδοσθαι
1873 2777 1940 2813 Ed.

350 2831 404 2854 12.
430 2822 523 2866 παρὰ
540 2833 602 2866 pro
620 2823 685 2857 ὑπὸ
705 2823 749 2858 Β.
928 2835 981 2869 13.
1007 2839 1042 2859 τε
1062 2826 1195 2879 ⁰¹¹¹·.B·
1215 2825 1274 2860 sed
1294 2826 1338 2861 cf.
1357 2827 1392 2860 in
1413 2826 1449 2861 S.
1470 2827 1556 2861 Luc.
1578 2826 1685 2860 Hom.
1705 2838 1762 2872 49.
1781 2838 1815 2871 p.
1836 2826 1904 2871 236
1921 2838 1940 2860 a

346 2899 467 2934 Tisch.
487 2901 545 2935 cit.
709 2912 762 2948 17.
790 2905 807 2937 ὁ
825 2903 1004 2949 ἐλεύθερος
1022 2904 1115 2951 Υἱὸς]
1138 2882 1328 2950 οέλεύθερος
1347 2908 1364 2940 ὁ
1383 2908 1451 2942 υἱός
1471 2907 1512 2941 Β.
1672 2916 1727 2939 21.
1752 2919 1788 2939 τε
1806 2918 1875 2940 om.
1897 2906 1939 2940 B.

346 2947 564 2990 λαμβάνοντα
582 2949 768 2994 λεγόμενον
787 2951 866 2993 (sie)
890 2951 931 2987 B.
1171 2964 1225 2997 23.
1253 2954 1389 2987 τεθεῖσα
1412 2955 1452 2988 Β.
1470 2954 1601 2988 τιθεῖσα
1621 2952 1688 2987 Ed.
1768 2956 1875 2988 πάντα
1897 2953 1937 2987 Β.

349 3003 404 3037 27.
431 3008 480 3029 τις
498 2995 568 3038 ε’ρεῖ
584 3010 634 3031 τις
651 2997 732 3040 (sic)
754 2997 794 3031 B.
