2084 3317
135 165 281 221 iii.31.
384 166 458 206 IN
501 165 542 205 S.
577 163 914 205 JOANNEM.
977 163 1101 204 LIB.
1136 163 1197 203 ΙΙ.
1260 163 1395 204 CAP.
1430 163 1491 203 Π.
1643 164 1725 202 245

186 332 240 374 ‘O
278 331 339 373 ὢν
377 332 424 373 ὲκ
461 336 535 373 τῆς
574 336 646 379 Γιῖιε
683 331 731 373 ὲκ
767 336 842 373 τιῖιε
880 336 953 378 τῆς
990 331 1080 373 ἐστι
1119 330 1187 372 καὶ
1225 330 1272 371 ἐκ
1309 334 1384 371 τῆς
1423 334 1495 377 sfic
1534 325 1671 369 λαλεῖ.

211 452 317 502 Οὐκ
343 450 603 517 ἱσομέτρως
624 450 880 518 ἐνεργήσει,
898 452 1063 519 φησὶν,
1080 453 1141 503 εἰς
1168 449 1222 501 τὸ
1249 450 1482 501 δύνασθαι
1507 447 1682 501 πείθειν
1704 449 1729 498 ὁ

135 531 338 599 γηγενὴς
381 537 449 603 τῷ
486 535 560 585 ἐπὶ
600 532 781 587 πάντας
823 532 921 584 ὄντι
963 536 1086 602 Θεῷ.
1154 531 1362 596 λαλήσει
1403 531 1488 596 μὲν
1528 529 1622 597 γὰρ
1667 532 1730 583 ὡς

136 615 384 682 ἄνθρωπος
423 621 441 668 ὂ
481 617 574 667 οὶπὶ
615 615 688 676 τ’ἦς
726 615 829 683 γῆς,
863 617 939 666 καὶ
974 617 1022 666 ἐν
1051 614 1172 683 μόνῃ
1206 612 1491 676 συμβούλου
1526 613 1730 664 κείσεται

95 719 116 755 5
137 697 280 766 τάξει,
307 697 424 752 ὅλας
449 698 708 767 ἐπιτρέψας
734 703 831 751 τοῖς
857 697 1205 761 παιδευομένοις
1231 695 1316 750 τὰς
1346 700 1430 747 τοῦ
1461 695 1728 757 βούλεσθαι

136 779 374 831 πιστεύειν
402 780 545 844 ἡνίας·
597 782 622 831 ὁ
659 779 708 831 δὲ
743 780 922 831 ἄνωθεν
949 778 1214 847 ἐρχόμενος,
1245 780 1307 832 ὡς
1344 776 1480 840 Θεὸς,
1507 778 1606 846 θείᾳ
1639 779 1729 828 τινὶ

137 862 213 912 καὶ
252 861 438 932 ἀῤῥήτῳ
476 860 633 929 χάριτι
671 861 978 929 καταχρήσας
1012 859 1095 912 τὸν
1126 859 1276 926 λόγον
1306 864 1406 913 ταῖς
1440 863 1536 911 τῶν
1565 882 1722 925 προσ·
1748 865 1776 906 d

138 942 302 995 ιόντων
340 945 518 1008 ἐνίησιν
556 945 730 997 ἀκοαῖς.
789 943 892 1013 ὅσῳ
931 942 980 994 δὲ
1019 942 1219 1006 ἀμείνων
1257 943 1361 993 ἐστὶ
1399 940 1520 992 κατὰ
1559 941 1726 1010 φύσιν,

136 1025 351 1096 τοσούτῳ
395 1025 452 1090 δὴ
497 1024 686 1080 πάντως
731 1024 973 1092 ἐνεργήσει
1018 1025 1317 1092 γοργότερον.
1384 1025 1631 1091 χρησίμως
1683 1024 1731 1076 δὲ

70 1134 117 1159 10
137 1109 246 1160 λίαν
281 1109 306 1159 ὁ
344 1108 572 1176 μακάριος
606 1107 877 1173 βαπτιστὴς
911 1106 1030 1175 πρὸς
1068 1105 1175 1161 τοὺς
1214 1108 1379 1158 ἑαυτοῦ
1418 1106 1632 1171 μαθητὰς
1671 1107 1731 1158 τὰ

135 1190 328 1242 τοιαῦτά
363 1195 531 1260 φησιν.
597 1189 754 1255 ἐπειδὴ
787 1189 880 1257 γὰρ
917 1190 1059 1241 αὐτὸν
1092 1192 1173 1254 τῆς
1208 1195 1291 1240 τοῦ
1327 1192 1549 1256 Σωτῆρος
1588 1188 1731 1258 δόξης

136 1274 363 1341 ἐθεώρουν
390 1273 720 1338 ἡττώμενον,’
698 1274 777 1324 επί
799 1296 847 1324 τε
875 1272 1027 1324 τούτω
1054 1271 1224 1324 λοιπὸν
1251 1273 1305 1323 οὐ
1330 1272 1528 1338 μετρίως
1555 1273 1725 1322 ἐσκαν-

137 1354 396 1422 δαλίζοντο,
427 1354 496 1406 διὸ
536 1354 593 1420 δὴ
632 1379 706 1406 και
745 1353 1028 1423 προσῄεσαν
1060 1353 1279 1420 λεγοντες
1312 1361 1340 1384 “
1359 1353 1604 1431 Ραββι,
1586 1362 1636 1408 ὃς
1671 1353 1729 1419 ἧν

137 1437 309 1502 “μετὰ
347 1444 439 1489 σοῦ
477 1461 625 1504 περαν
661 1443 744 1489 τοῦ
780 1435 1033 1505 Ἰορδάνου,
1069 1435 1107 1507 ᾧ
1145 1436 1209 1488 σὺ
1247 1436 1622 1534 μεμαρτύρηκας,
1661 1436 1769 1488 ίδεθ

71 1528 148 1583 15
152 1521 325 1575 6οὗτος
361 1519 585 1586 βαπτίζει,
619 1521 695 1571 καὶ
730 1521 902 1574 πάντες
940 1543 1156 1588 ερχονται
1189 1542 1309 1586 προς
1344 1517 1515 1569 αὐτόν’
1576 1521 1726 1585 ἀναγ-

137 1604 276 1657 καίως
304 1605 328 1654 ὁ
360 1602 751 1671 πνευματοφόρος
786 1602 840 1654 τὸ
876 1608 960 1655 τοῦ
995 1600 1271 1653 σκανδάλου
1296 1601 1446 1655 πάθος
1475 1600 1730 1665 ὑποτεμνό-

136 1709 287 1749 μενος,
316 1687 425 1752 ὑγιᾶ
460 1708 509 1736 τε
544 1690 639 1739 τοῖς
676 1686 841 1736 ἑαυτοῦ
876 1689 1107 1749 μαθηταῖς
1144 1684 1230 1749 τὴν
1257 1686 1331 1736 ἐπὶ
1357 1689 1452 1737 τοῖς
1479 1685 1730 1750 ἀναγκαιο-

136 1769 293 1822 τάτοις
339 1767 571 1837 διάληψιν
609 1769 812 1829 ἐντιθεὶς,
852 1767 1085 1836 ἐξηγεῖται
1127 1765 1212 1830 μὲν
1250 1772 1333 1818 τοῦ
1380 1769 1600 1832 Σωτῆρος
1644 1766 1731 1830 τὴν

137 1849 256 1901 κατὰ
290 1849 482 1902 πάντων
511 1849 758 1917 ὑπεροχὴν,
788 1848 998 1900 διδάσκει
1036 1848 1083 1900 δὲ
1119 1847 1251 1900 οὐδὲν
1276 1848 1418 1913 ἧττον
1441 1847 1528 1908 τὴν
1555 1849 1726 1911 αἰτίαν,

70 1961 118 1986 20
137 1932 193 1984 δι’
233 1932 291 1998 ἣν
329 1932 420 1997 ἤδη
458 1931 630 1986 πάντες
669 1933 737 1983 ἐπ’
778 1933 950 1983 ἐκεῖνον
988 1930 1214 1998 ἐβάδιζον,
1255 1933 1331 1982 καὶ
1369 1930 1423 1982 τὸ
1465 1932 1519 1982 δι’
1562 1932 1731 1983 ὕδατος

135 2015 281 2078 μόνου
306 2014 681 2082 παρατρέχοντες
707 2012 978 2077 βάπτισμα,
1007 2017 1074 2084 τῷ
1101 2013 1316 2083 θειοτερῳ
1350 2015 1425 2064 καὶ
1457 2012 1730 2083 τελειοτέρῳ

135 2098 430 2167 προσῄεσαν,
458 2101 523 2167 τῷ
549 2096 624 2148 διὰ
654 2097 933 2161 Πνεύματος
958 2097 1126 2162 εΑγίου
1153 2096 1351 2160 δηλαδή.

269 2273 324 2315 ‘O
363 2273 410 2314 ὲκ
447 2276 521 2314 τοῦ
561 2273 746 2329 οὐρανοῦ
785 2272 1017 2329 ἐρχόμενος
1056 2272 1206 2313 ἐπάνω
1243 2270 1420 2312 Πάντων
1459 2268 1587 2311 ἐστίν.

211 2397 366 2444 Τοῦτο
410 2396 638 2458 μαρτυρεῖ
673 2390 743 2443 ὅτι
788 2392 1010 2456 πλείστη,
1051 2393 1216 2460 φησὶν,
1256 2392 1332 2442 καὶ
1373 2388 1660 2454 ἀσύγκριτος
1702 2387 1729 2450 ἡ

69 2498 116 2537 25
136 2473 342 2544 διαφορὰ
376 2479 472 2528 τοῖς
508 2472 602 2525 ἀπὸ
638 2476 720 2538 τῆς
755 2476 844 2539 γῆς
880 2472 1000 2540 πρὸς
1035 2474 1117 2525 τὸν
1143 2473 1324 2524 ἄνωθεν
1350 2471 1425 2522 καὶ
1451 2471 1508 2539 ἐξ
1530 2470 1730 2536 οὐρανοῦ

135 2557 482 2619 καταβαίνοντα
508 2554 632 2607 Θεὸν
658 2554 833 2622 Λόγον.
881 2560 919 2607 εἰ
954 2555 1020 2620 μὴ
1059 2555 1299 2607 διδάσκειν
1329 2553 1586 2622 ἀξιόχρεως
1623 2551 1728 2617 ἐγὼ,

186 2721 217 2744 2.
235 2706 439 2753 ἶσομετρως]
457 2711 494 2748 -4-
511 2706 569 2741 οὐν
585 2719 615 2741 a.
666 2706 828 2741 Statim
811 2721 929 2753 ενεργη
911 2707 986 2751 ἡσει
1006 2706 1048 2741 Β.
1053 2719 1082 2741 a.
1100 2706 1206 2741 Cord.
1223 2705 1281 2740 Cr.
1299 2705 1481 2750 ενεργῆσαι
1499 2702 1566 2738 Ed.
1660 2715 1692 2745 4.
1711 2704 1729 2736 ὀ

137 2761 362 2800 assumptum
380 2766 421 2788 ex
442 2754 483 2788 Β.
503 2753 623 2788 deest
616 2765 651 2787 m
671 2753 828 2789 Catenis.
892 2755 1073 2798 συμβόλου
1092 2754 1139 2789 D.
1157 2753 1276 2787 invitis
1297 2751 1451 2786 Catenis.
1595 2759 1628 2795 5.
1656 2749 1728 2784 ἐπι-

136 2803 270 2859 τρέψας
289 2800 523 2846 [ἐπιστρέψας
541 2800 647 2835 Cord.
652 2799 667 2845 ]
687 2802 757 2835 τοῖς
773 2800 1025 2845 παιδευομένοις
1042 2801 1109 2834 hoc
1126 2799 1248 2834 ordine
1268 2799 1309 2833 B.
1313 2810 1342 2832 a.
1364 2797 1470 2832 Cord
1616 2796 1649 2831 6.
1673 2811 1729 2830 πι-

139 2849 272 2885 στεύειν
291 2849 332 2882 Β.
336 2860 366 2882 a.
387 2847 494 2882 Cord.
512 2846 712 2882 πιστεύσειν
730 2847 798 2882 Ed.
1002 2857 1032 2893 7.
1059 2845 1277 2892 καταχρήσεις
1296 2844 1644 2888 Co1·d.xa·ra><pd›cms
1663 2842 1730 2878 Ed.

139 2897 342 2932 Lectionem
360 2906 432 2928 var.
450 2893 485 2928 in
504 2906 535 2928 a.
553 2894 685 2928 nullam
704 2893 865 2930 indicavi.
967 2906 1019 2971 Ῑ4ὲ.
1021 2894 1152 2966 νπέραν
1172 2893 1212 2927 Β.
1233 2893 1267 2927 ἐν
1283 2894 1330 2940 τῷ
1347 2891 1454 2936 πέραν
1472 2890 1539 2925 Ed.
1602 2890 1646 2926 ὡς
1666 2901 1730 2936 pro

139 2975 165 3024 ᾧ
184 2977 225 3011 Β.
386 2988 437 3022 17.
466 2975 520 3009 ε’πὶ
538 2973 668 3010 τούτοις
688 2975 729 3010 Β.
888 2976 940 3009 18.
968 2951 1045 3019 ἡμεῖνν
1066 2973 1105 3008 Β.

1790 1354 1896 1395 Supra

1792 1409 1858 1429 ver.
1873 1397 1921 1429 26.

1749 2211 1771 2234 a
1804 2201 1884 2236 165
1901 2200 1953 2236 A.
