2084 3317
148 418 224 450 Joel
242 418 275 450 ii.

147 676 299 712 472A-
332 687 354 710 a
370 664 488 726 μετὰ
514 665 694 732 σαρκὸς
720 670 792 718 ἐπὶ
820 671 903 732 τῆς
929 672 1018 734 γῆς
1041 668 1124 719 τὸν
1143 672 1411 735 Μονογενῆ,
1433 669 1688 731 τουτέστιν,
1711 669 1961 735 ἄνθρωπον

147 755 310 793 Gal.iv.4.

146 909 254 950 Supra
266 909 286 940 i.

150 961 200 992 32.

148 2070 176 2100 P
179 2081 203 2101 ⁵³-
223 2068 254 2099 ii·
277 2077 305 2110 7·
331 2080 354 2107 0
374 2062 566 2130 Πατρὸς
589 2063 710 2129 πρὸς
733 2064 875 2116 αὐτὸν
902 2064 978 2115 ὅτε
1004 2065 1197 2131 γέγονεν
1223 2065 1472 2132 ἅνθρωπος
1499 2074 1526 2095 “
1546 2064 1661 2120 Υἱός
1687 2088 1778 2130 μου
1810 2064 1851 2116 εἶ
1876 2064 1961 2129 σὺ,

326 1404 479 1467 Ιῡὴμῖν
513 1406 854 1471 ἐπεισκρίνεται
892 1406 952 1457 τὰ
989 1406 1120 1473 παρὰ
1160 1411 1286 1458 Θεοῦ
1324 1408 1691 1475 χορηγούμενον,
1723 1408 1834 1458 ἀλλ’
1863 1409 1962 1458 ε’νυ-
1984 1430 2032 1469 15

370 1822 454 1867 τοῦ
480 1820 606 1868 Θεοῦ
632 1820 706 1867 καὶ
736 1817 941 1885 Πατρὸς,
966 1822 1041 1870 καὶ
1068 1821 1118 1870 ἐκ
1144 1822 1227 1883 τῆς
1253 1821 1417 1874 οὐσίας
1442 1821 1585 1871 αὐτοῦ
1611 1819 1961 1885 γεγεννημένος,
1984 1840 2035 1867 20

370 149 453 189 692
772 150 822 191 B.
857 151 1131 192 CYRILLI
1172 151 1551 193 ALEXANDR.
1803 149 1873 191 vii.
1893 162 1961 205 39.

370 258 564 320 ἀγαθῶν
607 260 906 326 ἀναδραμεῖν.
983 261 1119 327 ὁρίζει
1161 267 1413 327 τοιγαροῦν
1459 264 1541 324 τῆς
1592 259 1665 329 ἐφ’
1712 260 1834 324 ἡμᾶς
1877 265 1961 310 τοῦ

373 338 650 402 Πνεύματος
695 341 898 392 καθόδου
944 341 1028 393 τὸν
1073 343 1248 408 καιρὸν,
1291 346 1365 393 καὶ
1415 340 1766 408 ἐπαγγέλλεται
1805 341 1961 406 λέγων

373 426 399 448 “
425 421 512 471 Ἐν
539 426 640 475 ταῖς
665 423 859 488 ἡμέραις
884 423 1090 478 ἐκείναις·
1118 429 1218 476 ταῖς
1245 430 1328 474 τοῦ
1358 426 1578 489 Σωτῆρος
1603 425 1736 487 ἡμῶν
1762 423 1959 488 δηλαδή·

1932 505 1958 521 2.

372 509 399 531 “
425 501 582 569 ἐκχέω·
611 503 706 554 ἀπὸ
723 510 807 555 τοῦ
831 504 1109 569 Πνεύματός
1129 529 1234 568 μου,
1253 505 1451 570 δηλαδή·
1478 507 1551 556 ἐπὶ
1572 510 1738 556 πᾶσαν
1757 503 1930 571 σάρκα.

370 583 526 647 ἐπειδὴ
566 584 615 635 δὲ
653 588 736 649 τῆς
775 587 1048 655 φιλοτιμίας
1090 588 1115 637 ὃ
1156 587 1326 654 χρόνος
1366 586 1671 654 παρεκόμιζεν
1710 591 1772 640 εἷς
1811 587 2003 649 με’σονό

370 749 420 797 ἐκ
447 747 668 812 γυναικὸς
698 750 931 815 γεγονότα
968 749 1088 801 κατὰ
1123 751 1209 816 τὴν
1236 753 1376 817 ἁγίαν
1402 750 1611 820 γραφὴν,
1637 752 1788 802 ἐδίδου
1813 749 1962 801 πάλιν

370 828 424 879 τὸ
453 833 650 894 Πνεῦμα
677 832 702 882 ὁ
730 831 853 885 Θεὸς
880 835 955 883 καὶ
983 832 1167 900 Πατὴρ,
1185 834 1369 901 ἐδέχετο
1395 833 1443 884 δὲ
1468 838 1656 901 πρῶτος
1682 835 1744 887 ὡς
1769 831 1961 901 ἀπαρχὴ

370 914 453 974 τῆς
491 914 829 979 ἀνανεουμένης
869 914 1063 984 φύσεως
1101 915 1156 966 τὸ
1197 920 1394 980 Πνεῦμα
1432 916 1664 982 Χριστός.
1722 922 1748 945 “
1775 916 1958 981 Ἐμαρ-

370 1002 397 1023 “
423 993 602 1061 τύρησε
652 994 746 1062 γὰρ
796 996 1019 1061 Ἰωάννης
1064 998 1223 1063 λέγων
1268 997 1339 1049 ὅτι
1390 998 1613 1061 τεθέαμαι
1663 995 1718 1049 τὸ
1765 1001 1962 1061 Πνεῦμα
1983 1018 2033 1046 10

370 1082 712 1138 “καταβαΐνον
743 1078 799 1147 ἐξ
836 1079 1049 1144 οὐρανοῦ,
1083 1082 1159 1130 καὶ
1198 1080 1374 1144 ἔμεινεν
1405 1081 1474 1131 ἐπ’
1509 1079 1682 1130 αὐτόν)

442 1157 665 1226 Ἐδέχετο
693 1158 740 1210 δὲ
766 1164 902 1213 πῶς·
893 1201 903 1221 ,
949 1161 1324 1230 ἐπεξεργαστέον
1349 1161 1441 1227 γὰρ
1469 1162 1735 1226 ἀναγκαίως
1760 1160 1814 1212 τὸ
1840 1164 1963 1227 εἰρη-

369 1262 523 1303 μενον.
597 1243 667 1308 ἀρ’
708 1243 771 1295 ὡς
810 1243 894 1292 οὐκ
933 1243 1087 1309 έχων·
1077 1284 1088 1305 ,
1145 1245 1198 1294 οὐ
1240 1243 1378 1294 τοῦτό
1423 1249 1595 1311 φαμεν·
1650 1241 1715 1307 μὴ
1759 1265 1958 1309 γενοιτο.

370 1322 486 1371 ἰ’διον
510 1321 604 1387 γὰρ
631 1328 715 1373 τοῦ
741 1327 859 1374 Υιοῦ
893 1322 946 1375 τὸ
976 1324 1178 1388 Πνεῦμα
1205 1326 1324 1388 ἐστι,
1351 1327 1427 1376 καὶ
1463 1326 1546 1376 οὐκ
1582 1323 1835 1394 ἔξωθεν,
1797 1347 1962 1392 ωσπερ

369 1486 540 1554 πάρχει
568 1492 785 1555 φυσικῶς
820 1490 946 1558 αὐτῷ
977 1489 1191 1555 καθάπερ
1227 1491 1302 1541 καὶ
1336 1495 1402 1560 τῷ
1432 1493 1602 1556 Πατρῖ,
1630 1492 1706 1541 καὶ
1734 1490 1790 1540 δι’
1819 1490 1963 1541 αὐτοῦ

369 1569 557 1635 πρόεισι
582 1574 679 1623 τοῖς
705 1570 854 1636 ἁγίοις
880 1570 1001 1622 κατὰ
1026 1570 1081 1622 τὸ
1109 1571 1296 1641 ἑκάστῳ
1322 1571 1504 1638 πρέπον
1531 1571 1807 1636 διανεμηθὲν
1833 1569 1963 1638 παρὰ

369 1657 452 1702 τοῦ
481 1652 690 1717 Πατρός.
745 1652 990 1721 εἰληφέναι
1017 1653 1065 1705 δὲ
1091 1655 1295 1720 λέγεται,
1323 1655 1441 1706 καθὸ
1474 1654 1665 1720 γέγονεν
1690 1654 1959 1719 ἄνθρωπος,

371 1736 445 1784 καὶ
472 1732 530 1798 ἧν
551 1735 786 1804 ἀνθρώπῳ
812 1735 996 1802 πρέπον
1015 1736 1069 1787 τὸ
1097 1742 1277 1797 λαβεῖν.
1312 1739 1388 1788 καὶ
1416 1737 1579 1804 ὥσπερ
1595 1735 1710 1791 Υἱὸς
1739 1735 1966 1804 ὑπάρχων

369 1902 446 1950 καὶ
483 1899 578 1965 πρὸ
617 1903 700 1963 τῆς
742 1900 1157 1967 ε’νανθρωπήσεως,
1197 1907 1389 1965 μᾶλλον
1428 1902 1476 1953 δὲ
1518 1904 1595 1953 καὶ
1635 1900 1730 1969 πρὸ
1772 1900 1965 1953 πάντων

371 1981 565 2044 αἰώνων,
598 1983 697 2032 κατ’
729 1982 862 2033 οὐδὲν
896 1983 1021 2037 ὅλως
1060 1984 1301 2052 ἀσχάλλει
1341 1984 1565 2050 λέγοντος
1602 1989 1686 2035 τοῦ
1723 1987 1849 2035 Θεοῦ
1887 1985 1966 2034 καὶ

373 2154 400 2176 “
425 2144 518 2213 ἐγὼ
556 2145 767 2212 σήμερον
805 2145 1063 2212 γεγέννηκά
1101 2148 1205 2198 σε.”
1260 2148 1342 2199 τὸν
1372 2147 1466 2215 γὰρ
1503 2147 1597 2215 πρὸ
1637 2148 1818 2199 αἰώνων
1849 2148 1964 2199 ὄντα

374 2228 512 2291 Θεὸν,
539 2228 596 2298 ἐξ
631 2230 773 2280 αὑτοῦ
811 2228 1160 2295 γεγεννημένον,
1194 2231 1405 2297 σήμερον
1437 2232 1755 2297 γεγεννῆσθαί
1789 2235 1958 2295 φησιν·
1984 2251 2033 2290 25

372 2312 429 2362 ἵν’
456 2311 578 2375 ἡμᾶς
604 2313 653 2361 ἐν
679 2312 805 2379 αὐτῷ
833 2312 1144 2380 καταδέξηται
1170 2312 1288 2379 πρὸς
1314 2314 1568 2376 υἱοθεσίαν,
1595 2313 1686 2377 ὅλη
1721 2312 1815 2380 γὰρ
1849 2311 1908 2377 ἦν
1934 2313 1962 2377 ἡ

372 2392 682 2459 ἀνθρωπότης
707 2395 756 2444 ἐν
782 2397 994 2463 Χριστῷ,
1024 2394 1231 2459 καθάπερ
1258 2393 1315 2459 ἧν
1341 2395 1608 2462 ἄνθρωπος·
1652 2397 1774 2446 οὕτω
1807 2400 1881 2446 καὶ
1908 2395 1963 2447 τὸ

375 2476 490 2526 ἰ’διον
526 2476 680 2543 ε”χοντι
719 2480 930 2539 Πνεῦμα,
959 2475 1133 2526 διδόναι
1173 2477 1321 2527 πάλιν
1357 2476 1470 2527 αὐτὸ
1510 2477 1699 2543 λέγεται
1738 2481 1804 2546 τῷ
1837 2481 1959 2547 Υἱῷ,

425 2640 454 2662 1.
473 2630 534 2662 τοῦ
551 2627 748 2672 Πνεὺματος
767 2635 848 2673 post
866 2628 1011 2662 καθόδου
1029 2628 1196 2662 exhibent
1213 2640 1275 2663 3.c.
1293 2628 1413 2672 Cord„
1428 2636 1461 2663 et
1479 2637 1558 2663 ante
1576 2632 1610 2663 et
1627 2637 1719 2674 post,
1734 2629 1775 2663 Β.
1827 2641 1858 2663 2.
1879 2629 1963 2663 Post

374 2676 490 2719 καιρὸν
508 2674 613 2708 verba
631 2676 689 2709 τὸν
705 2677 764 2719 τῆς
788 2675 964 2719 ἐπιδημίας
987 2678 1046 2710 τοῦ
1063 2677 1216 2720 Χριστοῦ
1233 2687 1250 2709 e
1271 2675 1346 2710 Cat.
1370 2676 1470 2710 Harl.
1489 2675 1622 2711 addidit
1639 2676 1733 2710 Aub.
1753 2683 1786 2710 et
1808 2676 1858 2710 sic
1881 2688 1911 2710 c.
1929 2683 1964 2710 et

377 2723 559 2767 (omittens
577 2721 650 2766 τὸν)
673 2721 779 2756 Cord.
798 2722 950 2756 desunt
944 2734 979 2755 in
997 2734 1027 2756 a.
1315 2731 1345 2768 7.
1371 2725 1476 2757 πάλιν
1492 2725 1530 2757 τὸ
1549 2725 1688 2765 Πνεῦμα
1705 2722 1772 2758 hoc
1790 2723 1912 2757 ordine
1930 2734 1961 2757 a.

375 2781 408 2813 9.
434 2768 678 2812 ἀνανοουμενης
698 2769 739 2803 Β.
757 2768 998 2812 ἀνανεουμενης
1016 2768 1214 2803 emendavit
1234 2768 1351 2804 Holst.
1370 2776 1403 2804 et
1422 2771 1470 2804 sic
1489 2782 1519 2804 c.
1588 2767 1755 2814 Χριστός]
1776 2771 1794 2803 ὁ
1812 2771 1963 2814 Χριστός

375 2815 443 2850 Ed.
462 2815 580 2849 invitis
602 2815 678 2849 Β.3.
802 2826 855 2849 10.
882 2815 966 2860 γὰρ]
990 2820 1027 2854 4-
1049 2818 1067 2849 ὁ
1085 2827 1292 2860 a.13.
1319 2817 1400 2862 ἔχον
1419 2817 1461 2851 Β.
1514 2816 1640 2850 Statim
1657 2817 1697 2850 οὐ
1714 2817 1816 2850 τοῦτό
1834 2829 1864 2850 a.
1884 2815 1961 2850 Cat.

377 2862 476 2896 Harl.
495 2862 598 2895 αὐτοῦ
615 2877 654 2896 το
674 2862 716 2896 Β.
736 2863 817 2896 αὐτὸ
834 2864 934 2896 τοῦτο
952 2862 1149 2896 emendavit
1169 2862 1234 2896 Ht.
1251 2863 1347 2897 unde
1364 2863 1459 2898 Aub.
1603 2873 1654 2908 15.
1680 2864 1721 2896 τὰ
1739 2869 1959 2908 assumptum

375 2920 414 2942 ex
436 2909 465 2942 B
484 2920 659 2954 suprascr.
806 2920 860 2951 24.
888 2909 954 2954 ἐγὼ
972 2915 1195 2954 assumptum
1213 2921 1254 2942 ex
1273 2922 1303 2943 a.
1454 2910 1507 2944 26.
1537 2909 1575 2953 ἦν
1593 2910 1610 2953 ἡ
1629 2910 1881 2953 ἀνθρωπότης’
1865 2924 1900 2943 εν
1920 2909 1962 2943 Β.

375 2955 612 2999 ε’νηνθρὼπησε
633 2955 695 2989 Ht.
717 2955 784 2989 Ed.
931 2957 986 2990 28.
1014 2957 1127 3001 ἔχοντι
1149 2956 1222 2990 Βλὶ.
1245 2956 1321 2990 Cat.
1346 2956 1443 2991 Harl
1462 2958 1549 3002 ἔχων
1571 2957 1633 2991 Ht.
1656 2957 1720 2990 Ed.
