2084 3317
109 117 165 160 vi.
181 120 252 172 46.
351 118 425 161 IN
466 118 509 160 S.
543 118 879 160 JOANNEM.
942 117 1068 158 LIB.
1101 116 1181 157 IV.
1243 116 1377 158 CAP.
1412 117 1448 157 Ι.
1617 118 1696 156 511

108 232 291 298 χαλινῷ
324 228 584 295 περιτρέπει
622 228 740 294 πρὸς
774 226 828 279 τὸ
860 230 1029 295 χρῆναι
1065 225 1130 291 μὴ
1164 230 1364 294 παχεῖαν
1388 225 1509 292 ἔχειν
1535 226 1610 275 ἐπὶ
1638 227 1704 292 τῷ

111 315 218 380 Θεῷ
252 310 336 374 τὴν
372 309 616 378 διάληψιν,
645 310 759 374 μηδὲ
796 310 970 376 ὁρατὴν
1002 309 1203 360 ε”σεσθαί
1232 330 1347 359 ποτε
1383 307 1469 370 τὴν
1501 304 1705 372 ἀόρατον

109 391 289 443 οἴεσθαι
328 390 493 460 φύσιν·
537 393 682 446 οὐδεὶς
720 391 812 459 γὰρ
851 392 1056 454 πώποτε,
1090 392 1227 459 φησὶ,
1254 388 1466 440 τεθέαται
1503 389 1570 439 τὶν
1599 398 1702 438 Πα-

108 472 221 540 τέρα.
268 473 382 524 ε”οικε
410 473 457 525 δὲ
483 473 631 525 πάλιν
659 476 734 525 καὶ
761 473 903 525 αὑτὸν
930 472 1286 524 ὑπαινίττεσθαι
1312 470 1395 522 τὸν
1422 469 1706 539 ἱεροφάντην

67 554 341 606 5Μωυσεά.
410 554 558 625 ᾤοντο
600 556 684 619 μὲν
726 555 819 622 γὰρ
860 554 1069 620 ἀνοήτως
1113 553 1170 619 δὴ
1213 553 1409 623 σφόδρα
1451 554 1526 602 καὶ
1566 554 1753 602 τοῦτοᾶ

1303 639 1313 653 2
1410 633 1424 649 X

109 641 390 704 φρονοῦντες
430 641 471 688 οἱ
508 639 738 701 Ἰουδαῖοι,
767 637 842 688 διὰ
877 635 932 688 τὸ
969 640 1202 687 εἰσελθεῖν
1233 642 1261 664 “
1277 658 1340 689 εις
1378 657 1460 686 τον
1492 633 1703 703 γνόφον”
1766 637 1893 711 ΧΕέΟΞῙ,

110 717 265 782 αὐτὸν,
292 723 545 771 τεθεᾶσθαι
576 719 662 784 τὴν
688 721 892 787 ἄῤῥητον
919 724 1002 770 τοῦ
1028 722 1153 769 Θεοῦ
1189 717 1352 786 φύσιν,
1381 718 1455 768 καὶ
1492 720 1588 769 τοῖς
1624 721 1706 766 τοῦ

110 800 333 864 σώματος
379 802 650 869 ὀφθαλμοῖς
703 803 918 863 κατιδεῖν,
965 800 1080 866 ὅπερ
1129 801 1231 850 ἐστὶ
1285 797 1406 850 κατὰ
1457 798 1608 867 φύσιν
1652 798 1707 849 τὸ

110 883 346 949 ἀκήρατον
372 883 569 937 κάλλος.
615 885 727 934 ἀλλ’
756 884 831 934 ἵνα
861 882 927 947 μή
963 905 1006 933 τι
1041 880 1332 948 γυμνότερον
1358 881 1515 946 λέγων
1542 882 1615 932 ἐπὶ
1643 885 1710 950 τῷ

43 987 90 1013 ιο
109 965 350 1035 πανσόφῳ
379 970 595 1028 Μωυσεῖ,
623 968 737 1033 δοκῇ
771 988 874 1019 πως
910 963 1079 1018 αὐτοὺς
1114 965 1188 1015 ἐπὶ
1223 961 1278 1014 τὸ
1315 963 1518 1027 σύνηθες
1552 984 1704 1028 παρο-

109 1045 291 1113 τρύνειν
317 1046 512 1113 θράσος,
540 1049 822 1114 ἀδιορίστως
853 1069 904 1097 τε
941 1044 1039 1110 ἅμα
1074 1044 1194 1096 κατὰ
1227 1045 1421 1096 πάντων
1449 1048 1524 1095 καὶ
1550 1047 1612 1098 ὡς
1637 1043 1707 1095 ἐπ’

108 1129 266 1198 ἐκείνῳ
294 1130 448 1198 φησίν
473 1134 582 1193 Οὐχ
608 1129 669 1181 ’ὅτι
697 1130 764 1181 τὶν
794 1127 973 1196 Πατέρα
1001 1126 1171 1199 ἑώρακέ
1188 1152 1272 1182 τις.
1327 1127 1393 1192 μὴ
1426 1126 1522 1194 γὰρ
1557 1126 1615 1191 δὴ
1652 1127 1710 1177 τὰ

112 1210 227 1277 ὑπὲρ
253 1210 338 1276 τὴν
365 1211 515 1280 φύσιν
541 1214 790 1274 ἀπαιτεῖτε,
819 1214 957 1280 φησὶ,
984 1210 1100 1275 μηδὲ
1127 1214 1189 1264 εὶς
1222 1209 1274 1261 τὸ
1301 1214 1424 1261 πᾶσι
1450 1214 1546 1263 τοῖς
1570 1232 1709 1275 γεγο-
1728 1231 1749 1257 e

112 1291 247 1344 νόσιν
279 1294 546 1358 ἀνέμβατον
577 1292 872 1361 παραλόγοις
911 1294 1117 1363 φερεσθε
1155 1298 1257 1346 ταῖς
1294 1294 1477 1359 ὁρμαῖς.
1531 1292 1711 1357 ἀπέδρα

46 1394 92 1432 15
111 1397 161 1425 τε
199 1374 294 1441 γὰρ
332 1378 408 1426 καὶ
446 1374 731 1441 διαλέληθεν
764 1377 792 1440 ἡ
833 1376 934 1427 θεία
973 1378 1048 1426 καὶ
1088 1375 1391 1442 ἀπερινόητος
1432 1374 1592 1444 φύσις,
1625 1375 1712 1441 οὐχ

112 1456 239 1511 ὅπως
278 1457 387 1512 τοὺς
424 1460 472 1509 ἐν
509 1459 618 1522 ἡμῖν
650 1457 931 1527 ὀφθαλμοὺς
969 1457 1109 1511 ὄντας
1147 1456 1333 1521 μόνους,
1367 1458 1478 1507 ἀλλ’
1508 1456 1597 1520 ἤδη
1638 1460 1712 1507 καὶ

112 1537 220 1592 τοὺς
266 1538 459 1604 ἀπάσης
503 1543 586 1604 τῆς
631 1541 843 1594 κτίσεως·
907 1542 955 1590 ἐν
995 1538 1087 1606 γὰρ
1126 1542 1193 1610 τῷ
1232 1540 1414 1601 Οὐδεὶς,
1454 1538 1513 1589 τὰ
1557 1537 1714 1589 πάντα

113 1622 518 1689 περισχοινίζεται,
557 1621 721 1674 ἑαυτὸν
757 1621 806 1673 δὲ
846 1624 921 1673 καὶ
960 1621 1106 1685 μόνον
1142 1619 1262 1672 εἷναί
1296 1644 1345 1672 τε
1385 1623 1434 1672 ἐκ
1474 1624 1600 1671 Θεοῦ
1641 1620 1716 1671 καὶ

114 1707 369 1754 τεθεᾶσθαι
413 1703 497 1755 τὸν
538 1704 734 1771 Πατέρα
779 1702 1103 1771 διοριζόμενος,
1152 1703 1243 1772 ἔξω
1288 1703 1450 1767 τίθησι
1496 1702 1716 1767 δηλονότι

45 1809 96 1834 20
114 1789 210 1836 τῶν
247 1786 453 1849 πάντων,
494 1785 606 1838 καθ’
648 1785 714 1837 ὧν
753 1785 810 1837 ἂν
849 1791 1002 1837 νοοῖτο
1047 1783 1101 1836 τό
1146 1786 1315 1839 Οὐδεὶς
1359 1787 1711 1854 ἀποφαντικῶς·

114 1866 270 1932 ἐπειδὴ
298 1867 346 1918 δὲ
372 1867 464 1936 ἔξω
490 1866 683 1919 πάντων
709 1869 827 1931 ἐστὶ,
855 1871 930 1919 καὶ
963 1865 1150 1921 οὐδενὸς
1183 1867 1386 1933 ὁρῶντος
1412 1867 1479 1918 τὶν
1507 1867 1712 1936 Πατέρα,

114 1947 257 2012 μόνος
292 1948 431 2004 αὐτὸς
463 1955 547 2001 τοῦ
580 1949 779 2010 βλέπειν
805 1951 892 2017 οὐχ
925 1947 1194 2016 ἁμαρτάνει,
1221 1953 1322 2002 πῶς
1358 1949 1441 1999 οὐκ
1479 1946 1537 1999 ἂν
1564 1953 1756 2000 νοοῖτοε.
1783 1963 1871 1998 349
1889 1962 1940 1998 Α.

114 2029 286 2082 λοιπὸν
318 2032 401 2083 οὐκ
439 2033 488 2083 ἐν
518 2036 615 2086 τοῖς
653 2036 804 2083 πᾶσιν
838 2029 1077 2099 ὑπάρχων,
1111 2032 1174 2085 ὡς
1209 2030 1272 2084 εἶς
1311 2030 1368 2099 ἐξ
1402 2031 1569 2093 αὐτῶν,
1603 2032 1713 2081 ἀλλ’

115 2112 207 2181 ἔξω
253 2117 348 2164 τῶν
393 2113 599 2176 πάντων,
645 2115 706 2167 ὡς
753 2112 870 2180 ὑπὲρ
912 2112 1104 2175 πάντα;
1165 2114 1241 2164 καὶ
1284 2115 1323 2162 εὶ
1367 2111 1559 2164 πάντων
1603 2111 1716 2163 εἶναι

47 2210 96 2249 25
116 2194 388 2260 λεγομένων
412 2195 543 2262 παρὰ
568 2201 652 2246 τοῦ
680 2199 820 2258 Θεοῦ,
842 2197 918 2246 καὶ
944 2193 1142 2260 μηδενὸς
1169 2195 1374 2262 ὁρῶντος
1400 2194 1483 2245 τὸν
1502 2194 1711 2261 Πατέρα·

118 2284 145 2307 “
171 2276 231 2328 τὰ
258 2276 350 2344 γὰρ
376 2276 534 2329 πάντα
559 2279 610 2328 ἐκ
635 2283 718 2328 τοῦ
745 2276 902 2328 Θεοῦ”
932 2276 1053 2328 κατὰ
1077 2276 1164 2342 τὴν
1190 2283 1273 2328 τοῦ
1303 2276 1503 2328 Παύλου
1531 2275 1713 2345 φωνήν·
1777 2286 1886 2361 31ng-

117 2359 259 2426 μόνος
291 2361 430 2416 αὐτὸς
465 2365 633 2428 θεωρεῖ
658 2363 725 2413 τὶν
753 2361 939 2433 Πατέρα
974 2360 1051 2413 διὰ
1083 2359 1137 2412 τὸ
1174 2360 1402 2429 ὑπάρχειν
1430 2359 1559 2429 παρα
1588 2362 1712 2412 Θεοῦ·
1814 2353 1821 2360 ’
1882 2355 1888 2361 ’

118 2442 174 2495 τό
209 2442 338 2513 παρα
371 2445 443 2495 τοῦ
476 2445 588 2495 Θεοῦ
629 2441 889 2512 ληψόμεθα
928 2448 1140 2497 νοοῦντες
1179 2444 1344 2509 ὀρθῶς,
1379 2443 1447 2494 ἐπ’
1477 2443 1620 2493 αὐτοῦ
1660 2441 1716 2506 δὴ

119 2527 196 2578 καὶ
220 2525 366 2589 μόνου
390 2523 444 2576 τὸ
476 2527 526 2576 ἐκ
561 2528 644 2589 τῆς
680 2526 843 2579 οὐσίας
868 2531 952 2577 τοῦ
981 2524 1188 2592 Πατρός.
1246 2528 1283 2576 εἰ
1319 2523 1412 2591 γὰρ
1447 2522 1513 2590 μὴ
1548 2530 1718 2575 τοῦτον

51 2637 101 2674 30
121 2608 214 2677 ἕχει
252 2607 336 2659 τὸν
374 2606 565 2674 τρόπον,
596 2606 707 2658 ὅτου
746 2607 804 2672 δὴ
843 2608 995 2676 χάριν,
1033 2606 1243 2673 καθάπερ
1281 2606 1371 2671 ἤδη
1409 2606 1713 2672 προείπομεν,

173 2754 204 2777 1.
229 2744 276 2788 τῷ
295 2753 365 2776 om.
387 2741 430 2776 B.
591 2753 622 2776 2.
649 2741 795 2786 ἀόρατον
814 2742 856 2777 Β.
875 2740 1018 2777 ἀθέατον
1036 2741 1103 2776 Ed.
1260 2740 1293 2774 6.
1320 2741 1350 2774 οἱ
1368 2746 1593 2785 assumptum
1610 2752 1651 2775 ex
1673 2741 1714 2774 B.

124 2802 157 2834 9.
181 2790 389 2834 γυμνότερόν
406 2803 438 2822 τι
455 2788 594 2822 inverso
613 2788 734 2823 ordine
754 2789 795 2822 Β.
960 2800 1012 2823 ΙΙ.
1038 2789 1168 2833 θράσος
1188 2787 1229 2821 Β.
1247 2787 1356 2822 πάθος
1375 2786 1441 2821 Ed.
1604 2798 1657 2821 12.
1684 2802 1716 2821 τι

123 2848 187 2882 pro
204 2836 244 2880 δὴ
266 2836 308 2869 Β.
513 2846 568 2869 20.
594 2835 832 2879 ἀποφαντικῶς
852 2836 893 2870 B.
912 2835 1132 2880 ἇποφατικῶς
1152 2835 1216 2868 Ed.
1419 2844 1475 2867 21.
1501 2834 1635 2868 πάντων
1652 2835 1716 2879 ἕξω

123 2884 263 2917 inverso
280 2881 402 2916 ordine
423 2881 464 2916 B.
560 2893 615 2924 24.
642 2881 687 2927 εἷ]
708 2882 762 2916 ἐπὶ
783 2882 824 2918 Β,
924 2893 978 2927 27,
1000 2883 1054 2916 28.
1081 2883 1140 2915 τὸν
1156 2880 1294 2926 Πατέρα
1312 2880 1366 2914 διὰ
1383 2881 1422 2914 τὸ
1440 2880 1606 2925 ὑπάρχειν
1622 2881 1713 2926 παρὰ

125 2932 214 2964 Θεοῦ
231 2935 264 2964 et
282 2931 342 2963 τοῦ
359 2933 542 2973 assumpta
559 2940 599 2962 ex
621 2928 662 2962 B.
