2084 3317
328 179 412 218 190
730 179 779 219 Β.
813 178 1087 219 CYRILLI
1128 177 1507 218 ALEXANDR.
1802 176 1826 216 i.
1847 188 1914 230 34.

290 305 312 331 e
329 284 543 348 μάλιστα
570 288 795 351 διαγελᾶν
821 286 946 350 οἶμαι
972 286 1164 352 πρέπειν
1190 285 1298 339 τοὺς
1325 285 1548 350 ἀνοήτους
1575 282 1841 350 αἱρετικοὺς,
1862 282 1917 334 τὸ

330 370 378 417 ἐν
412 367 543 436 τάξει
582 369 779 431 σημείου
817 367 960 431 τεθὲν,
988 372 1049 420 εἰς
1089 366 1314 431 ἀλήθειαν
1349 366 1628 432 πράγματος
1667 364 1913 427 ἐκλαμβά-

331 471 510 511 νοντας,
537 453 574 499 εἰ
601 452 675 500 καὶ
701 451 895 514 γέγονεν
920 453 1232 512 οἰκονομικῶς,
1260 448 1470 514 καθάπερ
1506 449 1594 512 ἤδη
1626 447 1914 513 προείρηται,

331 529 407 580 διὰ
433 530 517 594 τὴν
541 530 624 593 τὴς
650 529 1014 596 ἀνθρωπότητος
1040 530 1216 597 χρείαν.

262 722 311 756 34
418 716 541 764 ΚάΓὼ
577 716 766 773 ἑώρακα,
806 717 874 758 καὶ
911 718 1217 773 μεμαρτύρΗκα
1256 717 1320 759 ὅτι
1358 714 1482 758 οὗτος
1519 716 1632 757 ἐστιν
1671 715 1692 757 ὁ
1730 713 1828 757 Υἷὸε
1939 722 1960 757 5

1005 813 1079 852 τοῦ
1118 811 1241 852 Θεοῦ.

404 923 664 993 Ἀσφαλὴς
715 925 740 975 ὁ
793 924 983 990 μάρτυς,
1028 924 1142 990 ὅπερ
1193 923 1339 977 ὅντως
1384 923 1609 984 τεθέαται,
1653 928 1792 973 τοῦτο
1844 925 1918 974 καὶ

106 1001 234 1084 {12⁸7
330 1010 512 1057 λαλῶν.
569 1007 651 1056 οὐκ
684 1008 844 1072 ἀγνοεῖ
875 1005 968 1071 γὰρ
1002 1006 1118 1059 ἰ’σως
1152 1006 1206 1057 τὸ
1242 1006 1567 1071 γεγραμμένον
1593 1001 1705 1054 “fo
1730 1002 1851 1054 εἶδον
1877 1009 1918 1055 οἱ

285 1096 357 1136 <1⁶⁶
384 1089 634 1156 ὀφθαλμοί
673 1111 766 1139 σου
810 1089 966 1153 λε’γε.”
1023 1086 1146 1138 εἶδον
1184 1088 1280 1150 οὖν,
1319 1089 1457 1155 φησὶ,
1496 1085 1551 1138 τὸ
1592 1091 1804 1149 σημεῖον,
1844 1089 1918 1137 καὶ

328 1172 513 1233 συνῆκα
538 1169 592 1219 τὸ
622 1169 677 1220 δι’
707 1171 848 1221 αὐτοῦ
874 1168 1239 1234 σημαινόμενον
1282 1173 1504 1235 μαρτυρῶ
1529 1169 1590 1219 ὅτι
1619 1167 1736 1222 οὗτός
1763 1170 1873 1220 ἐστιν
1899 1175 1918 1220 0‘
1945 1192 1989 1216 ιο

328 1251 426 1306 Ύὶὶς
459 1253 530 1301 τοῦ
565 1253 690 1314 Θεοῦ,
718 1252 743 1301 ὁ
781 1250 857 1301 διὰ
894 1251 1039 1314 νόμου
1076 1250 1160 1314 μὲν
1186 1256 1268 1301 τοῦ
1308 1249 1382 1300 διὰ
1421 1249 1668 1303 Μωυσέως
1706 1249 1919 1310 ἀναβοώ-

327 1355 476 1394 μενος,
517 1332 593 1382 διὰ
637 1333 685 1384 δὲ
730 1335 892 1400 φωνῆς
936 1337 1030 1384 τῶν
1069 1333 1217 1399 ἁγίων
1255 1336 1518 1400 προφητῶν
1562 1329 1917 1397 κηρυττόμενος·

327 1417 455 1464 δοκεῖ
483 1413 539 1464 δέ
568 1437 648 1477 μοι
684 1413 832 1465 πάλιν
858 1415 883 1464 ὁ
920 1413 1147 1480 μακάριος
1180 1412 1546 1479 Εὐαγγελιστὴς
1579 1412 1699 1476 μετὰ
1732 1415 1921 1476 πολλῆς

325 1518 450 1548 τινος
475 1499 557 1559 τῆς
582 1497 852 1564 ἀσφαλείας
885 1499 1028 1547 εἰπεῖν
1052 1495 1194 1550 Οὗτός
1227 1496 1339 1546 ἐστιν
1364 1502 1381 1547 ὁ
1409 1495 1506 1549 'Isos
1536 1497 1607 1546 τοῦ
1635 1497 1759 1557 Θεοῧ,
1786 1517 1921 1546 τουτ-

327 1577 472 1641 έστιν,
499 1579 524 1628 ὁ
561 1577 621 1631 εἷς
657 1579 733 1628 καὶ
767 1578 908 1641 μόνος
943 1577 1063 1629 κατὰ
1098 1578 1261 1645 φύσιν,
1296 1577 1320 1627 ὁ
1359 1580 1442 1641 τῆς
1480 1582 1563 1627 τοῦ
1601 1577 1920 1642 γεννήσαντος
1943 1596 1989 1633 15

329 1659 556 1723 ἰδιότητος
606 1658 912 1726 κληρονόμος,
957 1658 1077 1725 πρὸς
1124 1657 1177 1709 ’ὸν
1221 1661 1295 1710 καὶ
1343 1659 1472 1723 ἡμεῖς
1523 1661 1565 1708 οἱ
1616 1656 1736 1708 κατὰ
1787 1657 1921 1709 θέσιν

287 1764 309 1790 e
327 1741 639 1810 μορφούμεθα
665 1764 741 1791 και
772 1742 826 1792 δι’
856 1741 910 1791 οὗ
945 1739 1063 1807 πρὸς
1098 1740 1152 1792 τὸ
1189 1744 1273 1805 τῆς
1307 1741 1542 1793 υἱοθεσίας
1578 1740 1763 1808 ἀξίωμα
1800 1738 1920 1790 κατὰ

104 1828 250 1910 {iffi-iii·
327 1820 466 1890 χάριν
507 1821 793 1886 κεκλήμεθα.
870 1824 933 1876 ὡς
976 1822 1071 1920 γὰρ
1114 1823 1164 1873 ἐκ
1210 1826 1334 1873 Θεοῦ
1380 1844 1456 1872 και
1501 1822 1750 1888 Πατρὸς6
1753 1826 1920 1872 ίπᾶσα

149 1895 156 1902 ’
329 1903 556 1971 “πατρια
580 1903 627 1954 ἐν
653 1926 702 1955 τε
730 1905 912 1974 οὑρανῶ
937 1927 1012 1955 και
1040 1905 1114 1955 ἐπὶ
1139 1906 1227 1969 γῆς
1254 1902 1565 1969 ὀνομαζὲται,”
1595 1903 1671 1954 διὰ
1697 1902 1750 1954 τὸ
1777 1927 1920 1954 αυτον

326 1984 443 2037 εἶναι
469 2008 635 2051 κυριως
661 2008 735 2036 και
761 1991 953 2052 πρῶτον
980 1988 1055 2036 καὶ
1080 1987 1271 2049 ἀληθῶς
1300 1985 1507 2051 Πατερα,
1533 1986 1654 2035 οὕτω
1681 2008 1756 2036 και
1780 1989 1919 2035 πᾶσα
1941 2009 1990 2034 20

328 2066 481 2132 υὶότης
521 2069 571 2118 ἐκ
611 2074 694 2119 τοῦ
732 2072 865 2131 Υὶοῦ,
905 2067 980 2118 διὰ
1018 2066 1073 2118 τὸ
1115 2066 1257 2118 αὐτὸν
1295 2065 1409 2118 εἶναι
1451 2068 1618 2133 κυρίως
1659 2069 1734 2118 καὶ
1772 2066 1920 2131 μόνον

327 2152 519 2214 ἀληθῶς
545 2149 676 2212 Υὶὸν,
704 2151 757 2200 οὐ
785 2150 923 2201 νόθον
950 2149 1053 2200 οὐδὲ
1077 2149 1404 2218 ψευδώνυμον,
1431 2149 1542 2199 ἀλλ’
1570 2151 1620 2199 ἐκ
1647 2151 1730 2212 τῆς
1755 2149 1918 2202 οὐσίας

326 2237 410 2282 τοῦ
442 2236 568 2282 Θεοῦ
606 2233 681 2282 καὶ
714 2232 905 2299 Πατρὸς
943 2233 997 2282 οὐ
1036 2230 1156 2283 κατὰ
1194 2230 1454 2295 ἀποκοπὴν,
1487 2230 1515 2296 ὴ
1554 2233 1730 2298 ῥεῦσιν,
1762 2229 1790 2294 ἢ
1828 2253 1914 2293 με·

326 2313 516 2378 ρισμὸν,
542 2312 571 2378 ἢ
597 2313 762 2377 τομήν·
806 2313 992 2377 ἀπαθὴς
1020 2312 1111 2380 γὰρ
1138 2314 1165 2378 ἡ
1193 2313 1294 2365 θεία
1327 2313 1472 2381 φύσις
1498 2317 1760 2365 παντελῶς·
1804 2311 1914 2362 ἀλλ’

100 2414 182 2447 128
201 2412 251 2447 A.
287 2423 308 2447 a
329 2397 391 2449 ὡς
426 2395 506 2445 ἕνα
539 2394 597 2463 ἐξ
627 2394 741 2457 ἑνὸς,
769 2397 836 2446 ἀεὶ
872 2395 1242 2462 συνυπάρχοντα
1280 2397 1355 2446 καὶ
1391 2394 1635 2446 συναῖδιον
1660 2395 1736 2444 καὶ
1769 2395 1912 2457 ἐμπε-
1940 2418 1986 2455 25

328 2476 512 2545 φυκότα
560 2481 627 2546 τῷ
676 2476 973 2543 γεννήσαντι,
1017 2478 1066 2528 ἐν
1110 2478 1236 2546 αὐτῷ
1281 2500 1330 2528 τε
1382 2476 1509 2538 ὄντα,
1556 2478 1631 2526 καὶ
1677 2475 1734 2544 ἐξ
1774 2476 1917 2526 αὐτοῦ

327 2559 624 2625 προελθόντα
678 2560 942 2625 ἀμερίστως
993 2561 1069 2609 καὶ
1120 2557 1431 2621 ἀδιαστάτως,
1483 2559 1579 2609 ἐπεὶ
1629 2558 1745 2622 μηδὲ
1797 2557 1918 2608 κατὰ

326 2646 470 2705 σῶμα
510 2641 564 2692 τὸ
611 2646 746 2703 θεῖον,
785 2642 902 2706 μήτε
948 2639 1077 2709 τόπῳ
1122 2640 1431 2706 περιληπτὸν,
1471 2638 1499 2704 ἢ
1545 2639 1917 2704 διαστηματικᾶς

374 2795 406 2831 5.
434 2786 536 2831 Κάγὼ
556 2786 597 2821 Β.
617 2787 681 2821 Καὶ
699 2786 765 2822 Ed.
1005 2797 1057 2820 10.
1084 2786 1122 2819 τὸ
1144 2785 1184 2819 Β.
1203 2786 1261 2819 τὸν
1281 2785 1347 2819 Ed.
1428 2784 1605 2830 μαρτυρῶ]
1631 2789 1666 2826 -ὗ-
1688 2785 1723 2819 δέ
1741 2785 1851 2819 invito
1873 2785 1913 2819 B.

332 2844 383 2867 11.
410 2834 465 2867 διὰ
483 2834 542 2867 alt.
561 2845 631 2868 om.
653 2834 694 2868 B.
889 2844 942 2867 12.
969 2833 1005 2867 δέ
1024 2838 1246 2876 assumptum
1266 2844 1305 2865 ex
1329 2832 1368 2866 Β.
1563 2843 1616 2876 13.
1643 2831 1716 2875 μοι]
1740 2836 1777 2872 ÷
1799 2832 1851 2865 καὶ
1872 2831 1914 2866 Β.

332 2888 383 2923 15.
410 2879 509 2924 κατὰ]
530 2880 582 2914 καὶ
600 2881 682 2914 κατὰ
703 2881 743 2914 Β.
877 2891 930 2924 19.
956 2894 995 2913 το
1014 2880 1066 2923 (=
1085 2880 1148 2924 τῷ)
1168 2890 1230 2923 pro
1248 2894 1283 2912 τε
1306 2878 1347 2912 B.
1480 2890 1535 2913 20.
1560 2877 1711 2923 πρῶτον]
1732 2885 1765 2912 et
1780 2882 1916 2922 πρῶτον

326 2932 361 2981 etl
375 2928 514 3017 πριὼτως
532 2927 672 3007 exgibet
694 2927 737 2961 D.
758 2928 899 2971 πρώτως
918 2926 983 2961 Ed.
1004 2938 1075 2971 mg.
1095 2926 1247 2971 προσ-τὸν
1267 2925 1347 2969 (sic)
1369 2937 1431 2970 pro
1449 2929 1584 2971 πρῶτον
1602 2926 1654 2959 καὶ
1675 2925 1715 2959 Β.
1783 2936 1837 2959 21.
1857 2939 1912 2959 xv-

326 2986 405 3009 ριως
442 2987 554 3017 κυριυν
608 3000 615 3007 .
