2084 3317
114 387 168 418 Ps.

113 441 222 461 cxvm.

113 475 165 513 67.

111 801 211 831 Rom.

113 845 165 875 vii.
188 854 237 885 24.

108 1541 211 1572 Ezek.

107 1586 176 1617 xiii.
198 1595 226 1625 3.

108 2211 164 2246 79
182 2211 232 2245 A.

107 2370 206 2402 Prov.
224 2372 267 2402 ix.

108 1955 162 2011 11³5.
176 1956 265 1987 lxxv.

338 127 419 167 116
737 129 788 169 Β.
822 129 1094 170 CYRILLI
1136 130 1516 172 ALEXANDR.
1751 132 1778 173 i.
1796 146 1836 188 9,
1858 146 1922 174 10.

335 236 433 304 φῶς
472 236 517 288 τὶ
557 236 749 298 ἀληθινὶν
788 241 806 290 ὃ
849 240 1027 309 φωτίζει
1068 239 1222 291 πάντα
1261 239 1472 308 ἄνθρωπον
1512 243 1728 310 ἑρχὸμενον
1763 248 1822 298 εἷς
1860 241 1926 294 τὶν

338 319 518 387 κόσμον·
562 317 681 384 πρὸς
714 320 772 370 δέ
792 343 846 382 γε
872 320 1036 389 τούτῳ,
1064 322 1139 370 καὶ
1165 320 1298 386 ἕτερά
1324 344 1427 372 τινα
1454 327 1548 373 τῶν
1573 321 1667 374 ἀπὸ
1693 326 1775 387 τῆς
1802 324 1926 377 θείας

335 402 538 467 γραφῆς,
578 399 675 451 οἷον
713 400 768 451 τό
808 408 833 430 “
862 401 968 465 Πρὸ
1007 407 1089 452 τοῦ
1127 425 1185 465 με
1229 407 1570 467 ταπεινωθῆναι
1615 404 1706 470 ἐγὼ
1745 407 1925 468 ἐπλημ-

336 487 364 509 “
388 482 619 546 μέλησα·”
661 484 735 532 καὶ
762 481 818 545 δὴ
847 483 927 532 καί
949 487 1073 550 φασι
1097 489 1390 550 παραληρεῖν
1414 486 1495 535 οὐκ
1523 485 1783 549 αἰδούμενοι
1803 486 1926 537 Ἰδοὺ

334 562 427 628 πρὸ
453 566 536 626 τῆς
561 563 902 625 ταπεινώσεως,
930 565 1148 614 τουτέστι
1175 568 1256 628 τῆς
1282 566 1679 630 ἐνσωματώσεως,
1705 576 1925 631 πεπλημ-
1946 587 1967 625 5

334 644 583 708 μεληκέναι
636 647 788 712 φησὶν
839 646 866 708 ἡ
918 645 1068 714 ψυχὴ,
1121 646 1197 696 διά
1258 670 1307 698 τε
1365 653 1521 698 τοῦτο-
1555 652 1926 699 τεταπεινῶσθαι

292 725 522 779 (Ιδικαίως
560 727 826 777 ἐνδεθεῖσαν
866 726 1053 796 θανάτῳ
1092 729 1167 778 καὶ
1207 732 1381 797 φθορᾷ,
1417 728 1628 795 καθάπερ
1666 731 1747 781 οὖν
1785 731 1860 781 καὶ
1899 732 1924 781 ὁ

336 809 533 861 Παῦλος
565 809 710 861 οὕτως
742 808 953 875 ὀνομάζει
988 808 1042 860 τὸ
1079 815 1223 873 σῶμα
1257 810 1413 875 λέγων
1440 819 1465 841 “
1491 813 1809 878 Ταλαίπωρος
1833 811 1925 876 ἐγώ

335 895 362 918 “
387 893 478 952 εἶμι
504 890 764 956 ἄνθρωπος,
782 892 851 945 τίς
877 914 933 953 με
957 892 1153 958 ῥύσεται
1179 894 1227 943 ἐκ
1253 898 1337 943 τοῦ
1363 891 1586 955 σώματος
1612 899 1695 943 τοῦ
1722 893 1926 944 θανάτου

333 976 361 998 “
386 970 554 1021 τούτου
577 973 620 1033 ;''
661 976 696 1022 εἰ
725 970 772 1023 δὲ
800 978 1086 1037 πλημμελεῖ,
1115 976 1279 1043 φησὶν,
1306 973 1399 1040 πρὸ
1432 977 1515 1038 τῆς
1549 974 1874 1029 ταπεινώσεως
1896 975 1925 1039 ἡ
1948 1000 1996 1025 10

333 1051 483 1120 ψυχὴ,
521 1057 596 1104 καὶ
635 1053 817 1121 ἔρχεται
857 1059 918 1109 εἷς
956 1054 1039 1105 τὸν
1079 1056 1276 1118 κόσμον,
1317 1058 1378 1109 ὡς
1417 1056 1799 1124 προϋπάρχουσα
1837 1059 1922 1121 δη-

334 1134 510 1185 λονότι·
568 1139 669 1188 πῶς
710 1134 804 1202 γὰρ
844 1135 901 1186 ἂν
941 1137 1064 1191 ὅλως
1104 1137 1303 1204 ἁμάρτοι
1342 1136 1396 1189 τὸ
1435 1137 1577 1202 μήπω
1616 1137 1918 1207 ὑφεστηκός,

332 1214 515 1282 ἔρχεται
566 1217 615 1267 δὲ
666 1221 728 1270 εἷς
784 1217 867 1268 τὸν
918 1218 1101 1282 κόσμον
1151 1220 1244 1270 ἀπό
1299 1243 1438 1270 τινων
1489 1219 1709 1285 δηλονότι
1765 1219 1924 1271 τόπων

332 1296 593 1362 κινουμένη.
649 1298 842 1350 τοιαῦτά
879 1323 983 1351 τινα
1020 1306 1115 1352 τῶν
1152 1304 1235 1364 τῆς
1265 1301 1559 1366 Ἐκκλησίας
1598 1304 1920 1371 καταῤῥαψῳ-

333 1382 519 1433 δοῦντες
547 1380 811 1446 δογμάτων,
839 1385 914 1433 καὶ
950 1384 1122 1437 ὕθλους
1157 1385 1340 1434 εἰκαίων
1369 1383 1670 1450 διηγημάτων
1695 1389 1795 1437 ταῖς
1829 1388 1924 1435 τῶν
1947 1406 1992 1443 15

294 1462 676 1529 θὰπλουστέρων
738 1464 1102 1530 ε’πισωρεύοντες
1165 1468 1336 1528 ἀκοαῖς,
1393 1466 1578 1519 δικαίως
1640 1465 1924 1517 ἀκούσονται

333 1550 360 1572 “
388 1545 512 1594 Οὐαὶ
563 1550 660 1599 τοῖς
710 1547 1094 1614 προφητεύουσιν
1145 1546 1239 1598 ἀπὸ
1290 1549 1480 1615 καρδίας
1530 1548 1697 1610 αὐτῶν,
1744 1550 1819 1599 καὶ
1866 1546 1922 1599 τὸ

333 1632 360 1653 “
387 1626 598 1677 καθόλου
635 1626 700 1691 μὴ
740 1628 1057 1688 βλέπουσιν.”
1112 1629 1301 1695 ὁράσεις
1333 1629 1426 1696 γὰρ
1457 1629 1603 1683 ὅντως
1634 1632 1708 1680 καὶ
1737 1631 1922 1680 οἰωνίσ-

331 1729 459 1771 ματα
506 1711 581 1758 καὶ
630 1711 919 1778 προφητείας
968 1711 1158 1777 καρδίας
1198 1713 1352 1763 αὐτῶν
1390 1717 1486 1765 τοῖς
1526 1711 1602 1762 διὰ
1639 1717 1722 1763 τοῦ
1764 1712 1915 1763 Πνεύ-

331 1812 478 1852 ματος
518 1792 909 1857 ἀντιπαραθέντες
949 1792 1124 1858 λόγοις,
1165 1794 1248 1844 οὐκ
1294 1793 1599 1845 αἰσθάνονται
1640 1793 1759 1859 πρὸς
1799 1794 1921 1859 ὅσην
1941 1817 1991 1842 20

332 1873 488 1925 αὐτοῖς
514 1874 714 1923 ἀτοπίαν
739 1875 979 1939 δραμεῖται
1006 1874 1060 1925 τὸ
1086 1876 1376 1942 ἐπιχείρημα,
1404 1877 1626 1941 λέγοντος
1661 1881 1743 1927 τοῦ
1778 1879 1917 1945 ψαλ-

331 1957 491 2022 μῳδοῦ
517 1954 634 2021 πρὸς
662 1954 785 2005 Θεόν
812 1962 839 1984 “
860 1954 929 2006 Συ
965 1957 1171 2025 φοβερὸς
1202 1956 1253 2019 εἶ,
1281 1959 1355 2008 καὶ
1382 1958 1450 2012 τίς
1477 1957 1819 2022 ἀντιστήσεταί
1842 1982 1919 2010 σοι

332 2042 358 2064 “
385 2036 479 2086 ἀπὸ
530 2039 611 2100 τῆς
661 2038 805 2103 ὀργῆς
857 2060 950 2088 σου
973 2039 1017 2100 ;”
1071 2038 1140 2090 ὅτι
1192 2040 1240 2090 δὲ
1286 2041 1395 2090 λίαν
1440 2042 1572 2090 ἐστὶν
1615 2040 1921 2091 ἀτοπώτατον

329 2116 651 2185 προϋπάρχειν
685 2118 771 2182 μὲν
807 2120 989 2171 οἴεσθαι
1028 2120 1114 2185 τὴν
1147 2121 1331 2189 ψυχὴν,
1367 2123 1416 2172 ἐκ
1454 2121 1837 2188 προγενεστέρων
1872 2122 1920 2173 δὲ

290 2221 311 2244 a
332 2199 682 2265 ἁμαρτημάτων
709 2205 771 2254 εἷς
797 2200 856 2252 τὰ
885 2204 933 2252 ἐκ
960 2205 1047 2267 γῆς
1074 2203 1466 2267 καταπέμπεσθαι
1493 2204 1696 2265 σώματα
1723 2204 1918 2270 νομίζειν
1939 2225 1987 2263 25

331 2280 489 2345 αὐτὴν,
535 2281 609 2332 διὰ
654 2287 747 2333 τῶν
791 2283 1138 2349 ὑπεζευγμένων
1183 2288 1369 2336 ἐννοιῶν
1415 2284 1533 2336 κατὰ
1576 2285 1630 2335 τὸ
1681 2287 1919 2353 ἐγχωροῦν

330 2363 440 2427 ἡμῖν
465 2364 709 2432 ἀποδεῖξαι
735 2365 1072 2431 πειρασόμεθα,
1099 2366 1152 2416 τὸ
1180 2367 1504 2432 γεγραμμένον
1533 2365 1702 2420 εἰδότες
1729 2370 1918 2419 “Δίδου

331 2452 359 2474 “
384 2449 527 2514 σοφῷ
552 2445 787 2514 ἀφορμὴν,
823 2448 898 2497 καὶ
927 2447 1204 2516 σοφώτερος
1231 2449 1382 2498 ἔσται·
1430 2447 1620 2515 γνώριζε
1651 2447 1700 2499 δὲ
1732 2451 1913 2521 δικαίῳ,

331 2534 358 2557 “
384 2529 460 2578 καὶ
486 2528 754 2594 προσθήσει
780 2533 863 2579 τοῦ
890 2528 1152 2596 δέχεσθαιΫ

378 2680 410 2715 6.
436 2680 490 2727 τε]
510 2696 562 2716 τοι
582 2681 623 2716 Β.
824 2692 856 2728 7.
882 2683 1018 2729 φθορὰν
1037 2683 1079 2717 Β.
1285 2685 1318 2719 8.
1345 2685 1559 2730 ταλαίπωρος
1576 2686 1641 2732 ε’γώ
1659 2687 1725 2732 εἶμι
1742 2687 1917 2732 ἅνθρωπος

331 2738 512 2773 assumpta
528 2742 569 2762 ex
590 2729 630 2763 B.
820 2742 854 2774 9.
880 2730 1000 2764 τούτου
1017 2733 1076 2764 τοῦ
1095 2730 1238 2764 θανάτου
1257 2731 1393 2765 inverso
1412 2732 1533 2766 ordine
1552 2733 1594 2767 B.
1799 2746 1852 2769 12.
1876 2733 1917 2769 ἂν

331 2779 553 2819 assumptum
572 2787 614 2809 ex
634 2775 992 2833 B.l[suprascriptum
1012 2776 1072 2822 B.]
1208 2788 1262 2811 21.
1290 2778 1464 2822 δραμεῖται
1481 2781 1519 2813 τὸ
1538 2780 1755 2826 ἐπιχείρημα]
1775 2782 1793 2813 ὁ
1811 2783 1916 2827 λόγος

332 2820 504 2863 δραμειται
522 2823 559 2855 τὸ
579 2823 778 2867 ἐπιχειρημα
798 2823 839 2856 Β.
966 2835 1021 2865 24.
1048 2824 1281 2869 προϋπάρχειν
1300 2825 1341 2858 B.
1361 2826 1524 2870 ὑπάρχειν
1542 2826 1608 2861 Ed.
1733 2827 1788 2863 26.
1813 2829 1916 2872 αὐτὴν

331 2866 471 2902 B.D.E.
491 2868 557 2902 Ed.
578 2881 648 2914 mg.
667 2869 768 2904 αὐτὸν
786 2869 853 2903 Ed.
998 2870 1053 2904 28.
1080 2871 1115 2905 δέ
1134 2878 1356 2916 assumptum
1376 2883 1417 2906 ex
1437 2872 1478 2907 B.
1496 2874 1627 2918 (Alex.)
