2084 3317
107 129 249 184 vi.51.
331 129 406 170 IN
448 129 490 170 S.
525 127 862 170 JOANNEM.
924 126 1049 167 LIB.
1083 125 1162 166 IV.
1225 125 1360 166 CAP.
1395 123 1456 164 Π.
1609 123 1692 163 517

107 239 250 306 ὅνπερ
293 239 387 306 γὰρ
430 238 608 305 τρόπον
650 244 745 293 τοῖς
791 238 1089 306 ἀγριαίνουσι
1135 241 1230 288 τῶν
1270 234 1565 302 τραυμοῖτων,
1607 235 1694 300 οὐχ

107 321 208 375 ἑνὸς
245 323 317 372 δεῖ
351 319 604 388 φαρμάκου
641 323 941 387 προσβολῆς,
979 321 1257 373 πολυειδοῦς
1297 317 1346 368 δὲ
1383 322 1574 382 μᾶλλον
1612 319 1694 379 τῆς

106 401 363 468 θεραπείας,
396 405 472 454 καὶ
511 404 597 471 οὐχ
637 403 772 472 ἅπαξ
807 402 952 470 τυχὸν
983 399 1435 468 προσκομιζομένης,
1465 397 1596 449 ἀλλὰ
1635 401 1693 466 τῇ
1712 404 1739 445 b

105 485 325 553 συνεχείᾳ
363 487 447 549 τῆς
485 486 736 551 ἐπαγωγῆς
780 483 1181 551 ἐκπολιορκούσης
1228 482 1281 533 τὸ
1325 479 1492 534 πάθος·
1550 481 1697 533 οὕτως

63 577 85 616 5
106 563 233 630 οἶμαι
285 569 378 617 δεῖν
424 569 498 618 καὶ
546 566 852 635 ἀπηνεστάτῃ
903 569 1040 635 ψυχῇ
1092 567 1167 616 καὶ
1219 568 1283 634 νῷ
1334 561 1695 627 κατεσκληκότι,

106 647 287 716 συχνὰς
323 648 653 715 ἐπαρτύεσθαι,
681 650 756 700 καὶ
797 647 1205 712 ἀλλεπαλλήλους
1245 646 1356 697 ἱέναι
1394 644 1479 699 τὰς
1516 646 1566 695 ἐκ
1605 649 1699 695 τῶν

107 729 410 781 διδασκάλων
446 732 724 797 ἐπικουρίας·
780 729 1146 799 καταμαλθάξαι
1184 729 1279 795 γὰρ
1317 727 1376 779 ἀν
1411 728 1479 793 ε’ίη
1518 726 1583 791 μὴ
1623 726 1698 777 διὰ

106 816 214 875 μιᾶς
249 813 325 863 καὶ
359 811 548 879 πρώτης
580 812 882 881 ὑφηγήσεως,
912 810 1045 862 ἀλλά
1077 835 1131 878 γε
1169 811 1245 862 διὰ
1279 814 1362 875 τῆς
1396 812 1471 861 καὶ
1506 810 1698 863 ἐσαῦθις

107 893 541 960 προσκομιζομένης
567 896 707 963 αὐτῷ,
734 897 809 946 καὶ
836 898 873 945 εἰ
901 893 975 945 διὰ
1002 899 1096 945 τῶν
1123 894 1277 944 αὐτῶν
1303 893 1485 960 ἔρχοιτο
1516 890 1693 956 λόγων.

40 997 87 1022 10
106 974 343 1030 πολλάκις
376 982 626 1043 τοιγαροῦν
653 978 678 1027 ὁ
706 975 875 1043 Σωτὴρ
901 974 984 1027 τὸν
1011 975 1153 1026 αὐτὸν
1180 980 1276 1029 τοῖς
1302 974 1544 1027 Ἰουδαίοις
1578 975 1694 1023 ἀνα·
1717 991 1740 1019 c

107 1056 354 1121 κυκλήσας
378 1056 528 1124 λόγον
553 1059 846 1125 παρατίθησι
871 1058 1111 1120 ποικίλως,
1133 1056 1249 1109 ποτὲ
1274 1055 1360 1118 μὲν
1380 1054 1699 1122 αἰνιγματώδη

107 1141 184 1190 καὶ
208 1140 420 1209 ἀσαφείᾳ
446 1144 612 1208 πολλῇ
646 1140 1076 1209 κατημφιεσμένον,
1102 1139 1218 1191 ποτὲ
1255 1138 1302 1190 δὲ
1338 1137 1536 1204 διπλόης
1572 1137 1696 1189 ἀπά-

107 1244 199 1285 σης
243 1222 630 1289 ἀπηλλαγμένον,
677 1222 929 1291 ἀφειμένον
973 1246 1023 1274 τε
1068 1224 1143 1273 καὶ
1189 1222 1365 1284 ἄνετον,
1411 1222 1486 1272 ἵνα
1530 1219 1700 1271 λοιπὸν

1761 1298 1926 1330 SMatth.

108 1304 460 1370 ἀπειθήσαντες,
485 1304 681 1370 μηδενὸς
713 1306 780 1356 ἔτι
812 1306 988 1356 δέοιντο
1023 1303 1142 1372 πρὸς
1173 1303 1464 1371 κατάκρισιν,
1493 1304 1624 1355 κακοὶ
1651 1302 1699 1353 δὲ
1762 1343 1829 1374 xxi.
1846 1352 1898 1383 41·

42 1400 87 1438 15
108 1385 365 1438 ἀπόλοιντο
390 1392 555 1451 κακῶς,
584 1388 714 1439 αὐτοὶ
748 1390 832 1451 τῆς
866 1388 1042 1439 ἑαυτῶν
1070 1391 1387 1441 κατωθοῦντες
1421 1389 1584 1456 ψυχῆς
1617 1388 1700 1450 τῆς

108 1470 346 1523 ἀπωλείας
373 1468 427 1520 τὸ
454 1469 609 1539 ξίφος.

183 1550 340 1602 Οὐδὲν
384 1558 636 1619 τοιγαροῦν
677 1552 1060 1622 ἐπικρυψάμενος
1109 1551 1175 1603 ε”τι
1221 1553 1372 1620 φησὶν
1419 1551 1443 1601 ὁ
1488 1549 1702 1617 Χριστός

106 1633 233 1700 Ἐγώ
258 1639 346 1702 εἰμι
375 1640 393 1686 ὁ
421 1633 545 1705 ἄρτος
574 1641 591 1686 ὁ
626 1635 703 1705 ζῶν
730 1641 748 1687 ὁ
783 1636 833 1687 ἐκ
869 1637 940 1686 τοῦ
975 1636 1140 1704 οὐρανοῦ
1177 1633 1412 1695 καταβάς.
1465 1631 1612 1687 τύπος
1643 1632 1702 1697 ἧν

107 1716 251 1768 ἐκεῖνό
290 1722 430 1785 φησι,
465 1719 540 1768 καὶ
578 1716 693 1768 σκιὰ
732 1720 808 1768 καὶ
848 1717 995 1768 εἰκών.
1051 1717 1288 1767 ἀκούσατε
1327 1714 1579 1783 διαῤῥήδην
1610 1715 1748 1780 ἤδηᾶ

39 1821 90 1845 20
108 1801 183 1850 καὶ
225 1799 374 1850 οὐκέτι
420 1800 780 1863 κεκαλυμμένως
817 1800 942 1866 Ἐγώ
979 1805 1067 1868 εἶμι
1108 1806 1126 1852 ὁ
1166 1798 1294 1868 ἄρτος
1333 1805 1351 1851 o‘
1392 1798 1484 1869 ζῶν,
1525 1797 1596 1849 ἐάν
1634 1822 1701 1852 τις

108 1880 240 1957 φάγῃ
268 1881 318 1934 ἐκ,
353 1884 426 1933 τοῦ
457 1880 581 1952 ἑίρτσυ
606 1881 750 1933 τούτου
778 1883 957 1952 ζήσεται
986 1887 1044 1937 εἷς
1072 1879 1138 1934 τόν
1166 1882 1320 1933 algua,
1373 1884 1413 1932 οἱ
1442 1880 1499 1949 ἐξ
1532 1880 1702 1931 ἐκείνου

108 1963 343 2033 φαγόντες
370 1963 618 2016 ἀπέθανον·
649 1964 703 2014 οὐ
730 1962 824 2031 γὰρ
850 1962 909 2028 ἧν
935 1962 1174 2031 ζωοποιός·
1209 1964 1233 2014 ὁ
1262 1963 1311 2014 δὲ
1337 1969 1504 2014 τοῦτον
1529 1963 1703 2014 ἐσθίων

107 2046 190 2099 τὸν
218 2047 374 2113 ἄρτον,
401 2047 646 2098 τουτέστιν
677 2046 769 2110 ἐμὲ,
795 2046 899 2111 ἤτοι
934 2046 1020 2112 τὴν
1054 2045 1212 2114 σάρκα
1248 2045 1334 2111 τὴν
1366 2045 1494 2110 ἐμὴν,
1522 2046 1701 2116 ζήσεται

110 2135 169 2186 εἷς
213 2132 280 2182 τὶν
319 2129 472 2182 αἷῶνα.
543 2129 943 2198 παραφυλακτέον
981 2135 1231 2196 τοιγαροῦν
1270 2130 1347 2180 καὶ
1389 2127 1702 2195 παραιτητέον

42 2225 90 2265 25
109 2213 227 2277 ὁμοῦ
262 2211 317 2264 τὸ
353 2211 711 2278 σκληρύνεσθαι
745 2217 842 2266 τοῖς
877 2215 940 2266 εἷς
974 2211 1218 2274 εὐσέβειαν
1245 2211 1420 2278 λόγοις,
1449 2213 1535 2278 οὑχ
1571 2209 1707 2280 ἅπαξ

109 2294 243 2358 ἡμᾶς,
271 2294 403 2345 ἀλλὰ
442 2296 516 2345 καὶ
554 2293 789 2348 πολλάκις
827 2295 1188 2358 μεταπείθοντος
1227 2300 1310 2345 τοῦ
1345 2298 1578 2360 Χριστοῦ.
1634 2292 1702 2357 ε’ίη

108 2375 202 2443 γὰρ
228 2375 286 2428 ἂν
312 2377 395 2428 οὐκ
421 2376 710 2445 ἀμφίλογον,
737 2378 799 2430 ὡς
824 2377 977 2445 ε”νοχοι
1000 2374 1190 2431 πάντως
1222 2376 1413 2427 ἔσονται
1447 2375 1698 2443 παγχαλέ-
1720 2397 1742 2424 e

109 2482 215 2513 ποις
258 2458 572 2525 ἐγκλήμασιν,
613 2462 655 2510 οἱ
692 2458 811 2526 πρὸς
850 2459 1062 2527 ἐσχάτην
1100 2458 1412 2512 ἐκνενευκότες
1452 2458 1698 2521 ἀπόνοιαν,

110 2544 187 2593 καὶ
223 2543 277 2593 δι’
310 2540 599 2608 ὑπερμέτρου
634 2544 717 2606 τῆς
751 2542 986 2596 ἀπειθείας
1020 2543 1315 2608 ἐμπαροινεΐν
1352 2542 1405 2591 οὐ
1440 2540 1699 2607 παραιτού-

42 2647 93 2685 30
109 2647 240 2689 μενοι
278 2627 345 2693 τῷ
383 2628 477 2675 τῶν
516 2624 795 2675 καλλίστων
836 2626 1082 2693 εἰσηγητῇ.
1142 2623 1217 2674 διὰ
1256 2624 1394 2675 τοῦτό
1434 2627 1558 2693 φησι
1595 2625 1703 2691 περὶ

163 2814 194 2849 7.
221 2803 269 2848 ε’ίη
287 2802 349 2849 μὴ]
370 2803 437 2847 εἶμι
457 2803 511 2848 (τ-
531 2803 560 2836 εἷ
575 2803 636 2847 μὴ)
659 2804 699 2837 Β.
837 2805 871 2838 8.
897 2804 952 2838 διὰ
969 2803 1044 2849 τῆς]
1066 2803 1106 2838 δι’
1125 2803 1227 2847 αὐτῆς
1247 2803 1289 2838 Β.
1428 2814 1481 2838 10.
1508 2803 1702 2838 ἀνακυκλὼ-

114 2866 179 2887 σας
199 2851 240 2885 Β.
388 2860 441 2892 15.
467 2851 586 2895 ψυχῆς
603 2856 825 2895 assumptum
845 2864 886 2885 ex
907 2851 1000 2884 BD.
1150 2851 1202 2884 18.
1228 2852 1245 2883 ὁ
1264 2849 1461 2884 secundum
1479 2857 1702 2895 assumptum

114 2910 157 2932 ex
177 2898 219 2932 B.
284 2896 388 2932 τύπος
405 2896 444 2940 ἧν
461 2897 565 2930 ἐκεῖνο
587 2897 627 2930 Β.
647 2897 751 2931 ἐκεῖνο
769 2897 873 2933 τύπος
891 2897 929 2941 ἧν
948 2897 1014 2931 Ed.
1303 2908 1358 2931 20.
1385 2897 1496 2932 οὐκέτι
1515 2897 1556 2931 Β.
1577 2898 1615 2932 οὐ
1635 2898 1702 2932 Ed.

116 2956 171 2990 27.
198 2946 237 2979 ἂν
254 2957 324 2979 om.
346 2945 387 2978 B.
462 2944 659 2989 ἀμφίβολον
680 2944 721 2979 Β.
785 2945 918 2980 πάντως
939 2945 978 2978 ss.
998 2945 1118 2979 πάντες
1138 2943 1204 2978 Ed.
