2084 3317
355 159 439 198 580
756 159 807 200 Β.
841 157 1114 200 CYRILLI
1155 156 1536 198 ALEXANDR.
1816 155 1887 198 vii.
1911 169 1946 196 1.

356 264 619 318 διωκόντων
659 266 946 331 ἀνοσιότητα
983 266 1205 332 γενέσθαι
1243 264 1475 331 Χριστὸν,
1511 267 1861 333 μεταφοιτῆσαι
1900 264 1948 314 δὲ

355 347 484 413 παρὰ
509 353 605 402 τοῖς
633 350 924 406 Γαλιλαίοις,
953 352 1054 400 πῶς
1082 349 1165 398 οὐκ
1192 347 1294 397 ἔστι
1321 346 1574 413 διαῤῥήδην
1601 348 1838 398 ἐπιδοῦναι
1863 344 1949 409 τὴν

357 430 526 480 οἰκείαν
553 430 718 498 ψυχὴν
744 434 806 484 εἷς
832 434 990 496 χεῖρας
1013 430 1196 496 ἐχθρῶν
1222 429 1395 492 αὐτῆς;
1437 426 1584 496 ἐχθρὰ
1620 427 1714 494 γὰρ
1749 426 1809 478 τὰ
1840 427 1950 490 ε”θνη

317 514 589 577 θΧριστοῦ,
631 510 750 562 κατά
791 533 845 576 γε
886 508 940 561 τὸ
983 508 1222 560 δουλεύειν
1261 508 1414 578 ἑτέρῳ,
1453 511 1529 560 καὶ
1573 513 1854 575 προσκυνεῖν
1892 509 1951 576 τῇ

358 594 508 644 κτίσει
534 591 664 658 παρὰ
690 591 773 643 τὸν
799 592 1044 654 κτίσαντα,
1074 589 1150 641 διὰ
1175 588 1229 641 τὸ
1255 589 1398 654 μήπω
1425 589 1511 654 τὴν
1538 594 1600 644 εἰς
1631 589 1774 641 αὐτὸν
1799 613 1950 657 παρα-
1972 610 1994 648 5

359 674 591 743 δέξασθαι
630 675 808 725 πίστιν.
874 674 950 724 καὶ
995 677 1134 723 τοῦτο
1175 675 1350 740 σαφῶς
1394 671 1572 740 διδάξει
1617 671 1773 738 λέγων
1814 671 1953 726 αὐτός

134 752 257 784 S.Luc.

134 798 178 827 xi.
199 806 248 835 23·
360 762 386 785 ‘⁶
415 756 478 806 ‘O
504 755 569 820 μὴ
597 753 662 806 ὧν
687 756 785 819 μετ’
814 756 926 818 ἐμοῦ
958 752 1058 805 κατ’
1088 755 1200 815 ἐμοῦ
1235 754 1410 804 ἐστιν.”
1465 753 1577 804 ἀλλ’
1606 752 1732 817 οἶμαι
1769 752 1825 817 δὴ
1860 757 1954 807 πᾶς

358 860 428 892 τις
454 839 550 903 ἐρεῖ
569 837 664 904 πρὸ
691 840 774 901 τῆς
800 839 1010 901 ἀληθοῦς
1040 835 1331 902 θεογνωσιάς
1366 837 1441 886 καὶ
1479 836 1684 889 πίστεως
1719 836 1802 886 οὐκ
1839 832 1953 886 εἶναι

357 918 417 970 τὰ
455 919 564 984 ἔθνη
604 918 722 983 μετὰ
757 922 988 984 Χριστοῦ·
1040 915 1097 981 ἧν
1135 917 1216 967 οὖν
1249 916 1342 983 ἄρα
1380 918 1478 967 κατ’
1508 918 1664 979 αὐτοῦ,
1703 917 1778 967 καὶ
1816 917 1866 968 ἐν
1894 919 1954 984 τῇ

358 1006 452 1053 τῶν
479 1003 660 1069 ἐχθρῶν
680 999 812 1070 τάξει
838 998 914 1051 διὰ
939 1005 1078 1051 τοῦτο
1104 999 1303 1062 κείμενα·
1333 1000 1454 1050 οὕτω
1482 998 1530 1050 δὲ
1556 999 1747 1066 ἔχοντος
1772 998 1953 1062 τούτου,
1977 1024 2024 1049 10

360 1086 435 1135 καὶ
465 1088 638 1152 σαφῶς
670 1083 1031 1149 διεγνωσμένου,
1058 1081 1269 1145 τοσαύτη
1299 1104 1368 1135 τις
1393 1080 1525 1147 παρὰ
1549 1085 1646 1134 τοῖς
1672 1080 1729 1149 ἐξ
1750 1078 1954 1147 Ἰσραὴλ

135 1184 222 1219 396
238 1182 287 1217 A.
321 1164 633 1232 εμυσαρότης
672 1164 986 1222 ἐπολιτεύετο,
1029 1166 1091 1217 ὡς
1137 1164 1185 1213 ἐν
1222 1164 1366 1232 μοίρᾳ
1403 1166 1589 1214 κεῖσθαι
1628 1166 1685 1230 τῇ
1726 1163 1950 1226 ἀμείνονι,

359 1246 414 1299 τὸ
440 1249 549 1313 παρ’
579 1249 762 1314 ἐχθροῖς
788 1247 991 1311 ὁρᾶσθαι
1024 1248 1278 1314 φοιτῶντα,
1306 1246 1383 1295 καὶ
1409 1245 1515 1308 μεθ’
1543 1242 1608 1295 ῶν
1633 1244 1808 1309 ἥκιστα
1833 1246 1955 1311 χρῆν

359 1331 490 1394 ἥδιον
515 1333 754 1380 ποιεῖσθαι
785 1327 869 1382 τὰς
905 1325 1162 1393 διατριβὰς,
1189 1325 1217 1391 ἢ
1246 1326 1362 1393 ὅπερ
1389 1324 1447 1390 ἧν
1473 1330 1665 1390 μᾶλλον
1691 1323 1956 1377 ἀκόλουθόν

359 1434 410 1463 τε
437 1414 511 1462 καὶ
536 1409 927 1477 πρεπωδέστερον
953 1408 1084 1475 παρὰ
1109 1414 1205 1463 τοῖς
1231 1409 1490 1475 συγγενέσι
1517 1407 1638 1459 κατὰ
1663 1407 1749 1472 τὴν
1775 1406 1950 1474 σάρκα·
1979 1427 2024 1464 15

362 1495 437 1544 καὶ
483 1492 600 1544 ὅσον
640 1497 700 1545 εἷς
746 1497 885 1543 τοῦτο
931 1494 1005 1542 καὶ
1051 1493 1243 1557 ἀγαπᾶν
1285 1491 1578 1559 ὀφείλουσιν.
1650 1489 1957 1555 εὐλογώτατα

361 1575 517 1626 τοίνυν
549 1576 623 1626 ἐπὶ
661 1574 720 1624 τὰ
756 1575 864 1639 ε”θνη
900 1574 1105 1637 μεθίστη
1138 1570 1367 1639 Χριστὸς,
1402 1574 1478 1624 καὶ
1513 1572 1567 1624 δι’
1602 1573 1744 1623 αὐτοῦ
1779 1571 1957 1638 τρόπον

362 1656 466 1709 τινὰ
511 1664 594 1708 τοῦ
639 1656 921 1724 πράγματος
966 1655 1055 1721 ἤδη
1101 1655 1270 1722 λέγων,
1317 1657 1392 1718 ὡς,
1438 1659 1475 1706 εἰ
1523 1653 1588 1719 μὴ
1641 1659 1725 1706 τοῦ
1777 1654 1958 1706 διώκειν

363 1739 677 1807 ἀπόσχοιντο,
722 1741 796 1790 καὶ
839 1737 1098 1805 παραλύειν
1136 1742 1237 1791 ταῖς
1281 1737 1521 1791 ἀπονοίαις
1566 1736 1650 1788 τὸν
1688 1736 1952 1803 εὐεργέτην,

317 1820 641 1887 ὺόλοκλήρως
683 1819 848 1871 ἑαυτὸν
885 1825 980 1874 τοῖς
1022 1819 1197 1889 ἔξωθεν
1235 1825 1475 1888 χαριεῖται,
1515 1821 1590 1870 καὶ
1631 1820 1704 1870 ἐπὶ
1746 1817 1806 1869 τὰ
1848 1819 1957 1883 ε”θνη
1978 1843 2028 1868 20

363 1903 655 1968 μεταστήσει
694 1903 924 1968 Χριστός.
984 1901 1148 1968 ὥσπερ
1187 1901 1236 1953 δὲ
1274 1901 1413 1953 τοῦτό
1453 1906 1611 1970 φαμεν
1649 1901 1959 1970 ὑπεμφαίνειν

363 1986 506 2037 αὐτὸν
533 1985 608 2037 διὰ
643 1987 776 2036 τοῦδε
812 1990 895 2036 τοῦ
930 1983 1222 2050 πράγματος,
1252 1985 1374 2035 οὕτω
1404 1983 1553 2035 πάλιν
1585 1982 1849 2049 εὑρήσομεν
1882 1983 1957 2032 καὶ

365 2068 441 2120 διὰ
485 2067 735 2136 σχήματος
782 2066 1088 2134 ἀρχαιοτέρου
1130 2065 1215 2130 τὴν
1256 2068 1306 2117 ἐκ
1351 2069 1432 2130 τῆς
1472 2061 1791 2133 Ἰερουσαλὴμ
1832 2065 1954 2115 ἀπο-
2005 2087 2010 2090 ·

366 2150 547 2218 δρομὴν
585 2149 927 2214 ἀπειλήσαντα.

432 2234 554 2285 “Ore
581 2233 736 2284 τοίνυν
763 2230 870 2285 τοὺς
897 2233 1002 2297 περὶ
1031 2235 1124 2281 τῶν
1156 2234 1336 2281 θυσιῶν
1363 2230 1596 2297 διωρίζετο
1625 2230 1808 2294 νόμους,
1837 2227 1959 2280 καθὰ
1980 2252 2028 2290 25

368 2318 444 2368 καὶ
479 2318 527 2367 ἐν
558 2319 624 2385 τῷ
661 2315 840 2384 βιβλίῳ
877 2312 1140 2380 γέγραπται
1176 2317 1240 2382 τῷ
1268 2317 1509 2382 Λευιτικῴ,
1535 2311 1955 2378 προδιατυπώσας,

143 2398 263 2482 {⁴21ss
369 2402 431 2452 ὡς
466 2400 514 2449 ἐν
539 2397 678 2449 εἰκόνι
705 2401 935 2463 Χριστοῦ,
961 2393 1299 2462 προσάγεσθαι
1324 2394 1512 2462 μόσχον
1540 2398 1602 2449 εἰς
1626 2394 1680 2445 τὸ
1708 2396 1859 2460 δῶρον
1885 2394 1961 2443 καὶ

371 2479 684 2544 ὀλοκαύτωμα
717 2482 784 2548 τῷ
812 2478 986 2547 Κυρίῳ·
1027 2479 1103 2528 καὶ
1137 2476 1285 2528 πάλιν
1312 2476 1478 2543 ἑτέρως
1515 2474 1656 2527 αὐτὸν
1682 2473 1961 2543 σχηματίζει

144 2561 195 2591 Ib.
214 2569 262 2596 10,

149 2612 197 2635 H-
328 2561 525 2628 ολέγων
564 2569 590 2590 “
618 2559 737 2612 Ἐὰν
776 2559 824 2611 δὲ
863 2558 956 2610 ἀπὸ
997 2563 1091 2609 τῶν
1129 2557 1387 2624 προβάτων
1425 2557 1480 2609 τὸ
1520 2561 1672 2624 δῶρον
1710 2558 1854 2608 αὐτοῦ
1893 2559 1961 2625 τῷ

370 2651 398 2674 “
427 2645 600 2713 Κυρίῳ,
624 2641 717 2694 ἀπό
742 2665 791 2693 τε
818 2646 913 2692 τῶν
940 2642 1095 2707 ἀρνῶν
1122 2642 1196 2691 καὶ
1224 2645 1318 2691 τῶν
1342 2641 1518 2709 ἐρίφων
1544 2644 1606 2694 εἷς
1632 2638 1959 2703 ὃλοκαύτωμα,
1978 2662 2031 2698 30

419 2795 450 2819 2.
477 2784 574 2818 ἔσται
594 2783 635 2817 Β.
840 2794 872 2826 9.
901 2780 958 2815 οὖν
976 2786 1198 2825 assumptum
1218 2791 1258 2813 ex
1279 2779 1374 2814 B.D.
1584 2789 1637 2813 12.
1662 2779 1899 2823 μυσαρότητος
1917 2776 1958 2810 Β.

374 2843 427 2876 13.
454 2833 644 2876 φοιτῶντας
664 2829 704 2863 Β.
773 2828 863 2872 ἡμῶν
881 2840 945 2873 pro
963 2828 1007 2861 ὧν
1026 2826 1067 2861 Β.
1218 2837 1270 2869 14.
1297 2825 1407 2872 ἥδιον]
1428 2825 1513 2860 ἴδιον
1533 2825 1574 2860 Β.
1714 2834 1768 2869 17.
1793 2822 1957 2868 μεθίστη]

375 2883 411 2918 4-
434 2879 452 2911 ὁ
471 2877 537 2911 Ed.
556 2877 665 2911 invito
684 2876 727 2910 Β.
859 2885 912 2920 19.
937 2872 1124 2917 παραλύειν
1141 2872 1235 2907 edidi
1253 2885 1292 2907 ex
1315 2873 1369 2914 B.³
1389 2873 1449 2919 qui
1465 2873 1664 2918 παραλοίειν
1682 2871 1833 2906 exhibet.
1850 2884 1958 2913 παρα-

370 2924 492 2958 λύσειν
510 2923 577 2958 Ed.
722 2933 776 2957 22.
804 2922 843 2966 δὴ
862 2933 926 2967 pro
945 2922 999 2956 διὰ
1020 2921 1066 2956 D.
1206 2929 1260 2965 27.
1287 2919 1342 2966 τὸ]
1363 2935 1399 2954 τε
1418 2919 1460 2956 Β.
1586 2920 1640 2954 28.
1666 2917 1720 2954 καὶ
1737 2918 1958 2962 assumptum

371 2983 414 3005 ex
435 2971 475 3005 Β.
542 2971 622 3005 αὐτὸ
645 2969 685 3004 Β.
