2084 3317
370 151 453 192 686
716 188 718 190 ,
775 156 824 196 Β.
859 156 1134 197 CYRILLI
1176 157 1554 198 ALEXANDR.
1803 159 1872 199 vii.
1892 168 1960 214 37.

377 262 608 328 Χριστὸν,
648 262 812 331 ὥσπερ
850 265 908 335 ἐξ
946 266 1202 331 ἀναγκαίου
1243 264 1368 320 τινὸς
1409 265 1559 331 λόγου
1599 270 1673 318 καὶ
1713 270 1779 336 τῷ
1817 271 1962 336 καιρῷ

371 343 633 408 πρέποντος
673 348 773 397 κατ’
806 348 951 412 αὐτὴν
985 348 1202 412 μάλιστα
1240 353 1336 401 τοῖς
1362 348 1602 401 Ἰουδαίοις
1641 352 1783 399 εἰπεῖν
1811 350 1868 399 Εἴ
1894 373 1962 403 τις

373 421 502 496 διψᾷ
537 427 724 496 ἐρχέσθω
762 432 869 499 πρός
905 454 964 498 με
1001 437 1078 481 καὶ
1118 430 1287 481 πινέτω.
1342 428 1400 493 ἧν
1433 429 1518 492 μὲν
1553 430 1646 496 γὰρ
1680 433 1755 481 καὶ
1792 431 1963 497 ἑτέροις

147 515 237 549 468
251 514 301 549 A·
331 524 352 548 a
374 506 516 558 αὐτὸν
553 509 929 578 ἀποχρήσασθαι
967 511 1144 577 λόγοις·
1193 510 1290 562 οἷον
1322 512 1452 577 Ἐγώ
1492 515 1582 575 εἰμι
1622 510 1675 563 τὸ
1716 516 1832 579 φῶς,
1868 513 1961 577 ἐγώ

373 594 464 654 εἰμι
507 591 536 655 ἡ
580 592 791 657 ἀλήθεια.
861 595 972 645 ἀλλ’
1017 599 1078 648 εἷς
1119 594 1203 644 τὸν
1247 600 1330 644 τοῦ
1374 594 1613 645 πιστεύειν
1649 595 1960 663 παρατρέψας
1981 606 2006 645 5

374 671 522 737 λόγον
566 673 652 738 τὴν
698 674 941 743 ἐξήγησιν,
980 675 1034 726 τό
1077 675 1250 738 Πινέτω,
1291 677 1548 741 ἀναγκαῖον
1589 673 1752 743 ὥσπερ
1799 699 1844 727 τι
1886 677 1962 727 καὶ

371 756 761 821 χρεωστούμενον
806 763 902 811 τοῖς
945 760 1052 824 περὶ
1094 761 1177 821 τῆς
1224 759 1386 824 ἑορτῆς
1435 757 1724 821 εἷσκεκόμικε
1775 757 1956 823 λόγοις.

371 836 454 887 τὸν
501 837 550 888 δὲ
594 839 643 889 ἐν
685 843 751 908 τῳ
800 840 1089 910 προκειμένῳ
1140 840 1327 892 σκοπὸν
1378 843 1439 894 ὡς
1489 842 1537 891 ἐν
1588 841 1768 906 ὀλίγοις
1818 843 1962 891 εἰπεῖν

370 917 674 984 πειράσομαι.

438 999 558 1053 θΌτε
585 1002 741 1054 τοίνυν
766 1002 824 1055 τά
850 1006 954 1071 περὶ
980 1007 1062 1069 τῆς
1094 1007 1256 1070 ἑορτῆς
1282 1007 1365 1068 τῆς
1391 1005 1717 1070 σκηνοπηγίας
1743 1003 1959 1055 διετύπου
1983 1022 2030 1048 10
2076 1018 2080 1052 2

147 1073 308 1156 {3134
372 1083 493 1136 Θεὸς
532 1086 653 1135 οὕτω
691 1085 810 1152 πρὸς
848 1086 930 1137 τὸν
966 1089 1187 1151 Μωυσῆν
1221 1094 1249 1116 ‘⁶
1269 1091 1344 1155 Τῇ
1383 1086 1772 1154 πεντεκαιδεκάτῃ
1811 1086 1960 1154 ἡμέρᾳ
2078 1079 2079 1084 ¹

148 1159 271 1201 36‚35-
372 1172 398 1195 ‘⁶
426 1172 508 1217 τοῦ
552 1167 699 1231 μηνὸς
745 1175 828 1219 τοῦ
880 1168 1085 1232 ἑβδόμου
1135 1168 1271 1234 ἑορτὴ
1317 1173 1507 1232 σκηνῶν
1548 1172 1614 1238 τῷ
1658 1168 1838 1237 Κυρίῳ,
1883 1169 1959 1218 καὶ

323 1249 398 1290 b“
424 1249 693 1318 προσάξετε
741 1251 1115 1315 ὁλοκαυτώματα
1159 1253 1234 1302 καὶ
1282 1252 1450 1304 θυσίας
1490 1250 1608 1302 ἑπτὰ
1649 1250 1840 1315 ἡμέρας,
1883 1253 1959 1301 καὶ

370 1338 396 1359 “
423 1330 573 1398 ἡμέρα
599 1333 626 1396 ἡ
650 1332 815 1397 πρώτη
842 1332 994 1398 κλητὴ
1022 1334 1132 1399 ἁγία
1156 1333 1290 1384 ἔσται
1317 1332 1464 1397 ὑμῖν.”
1522 1331 1618 1384 εἶτα
1645 1333 1825 1387 τούτοις
1853 1335 1952 1384 ε’πι·

145 1400 199 1484 ‘142'-
214 1408 264 1442 39.
370 1414 596 1483 διατάξας
630 1419 724 1465 τῶν
763 1419 943 1466 θυσιῶν
981 1414 1088 1469 τοὺς
1127 1415 1342 1483 τρόπους,
1376 1415 1599 1481 ἐπήνεγκε
1637 1414 1785 1466 πάλιν
1813 1423 1838 1444 “
1864 1416 1957 1466 Καὶ
1983 1429 2028 1468 ¹5
2075 1445 2078 1462 ⁴,

371 1502 399 1524 ‘⁴
425 1500 482 1564 τῇ
508 1497 897 1566 πεντεκαιδεκάτῃ
928 1497 1078 1567 ἡμέρᾳ
1111 1503 1194 1549 τοῦ
1229 1496 1375 1561 μηνὸς
1411 1503 1494 1549 τοῦ
1528 1497 1732 1561 ἑβδόμου
1766 1495 1953 1560 τούτου,

371 1585 398 1608 “
424 1578 713 1646 προσοίσετε
758 1581 1133 1644 ὁλοκαυτώματα
1177 1584 1243 1650 τῷ
1288 1581 1448 1650 Κυρίῳ
1494 1579 1613 1631 ἑπτὰ
1657 1579 1842 1646 ἡμέρας,
1882 1581 1957 1630 καὶ

369 1669 397 1691 “
423 1661 570 1729 ἡμέρα
617 1663 643 1726 ἡ
688 1662 853 1728 πρώτη
898 1661 1179 1725 ἀνάπαυσις,
1221 1664 1297 1714 καὶ
1344 1662 1494 1729 ἡμέρα
1537 1663 1566 1726 ἡ
1611 1662 1813 1726 ἑβδόμη
1836 1660 1954 1711 ἀνά-

369 1751 395 1773 “
421 1767 614 1799 παυσις.
691 1747 766 1795 καὶ
812 1749 870 1813 τῇ
911 1744 1059 1813 ἡμέρᾳ
1099 1748 1158 1812 τῇ
1201 1745 1366 1812 πρώτῃ
1411 1744 1634 1814 λήψεσθε
1682 1744 1957 1810 κάλλυντρα

370 1833 396 1855 “
424 1827 648 1893 φοινίκων
689 1830 764 1878 καὶ
805 1826 1009 1881 κλάδους
1054 1827 1204 1896 ξύλου
1249 1831 1409 1881 δασεῖς
1456 1829 1531 1878 καὶ
1578 1825 1760 1893 καρπὸν
1806 1826 1956 1896 ξύλου
1978 1846 2059 1871 20·

329 1918 351 1945 0
370 1915 397 1938 ‘⁶
425 1910 596 1974 ὡραίου
623 1913 699 1960 καὶ
726 1910 846 1964 ἰτέας
873 1912 948 1961 καὶ
976 1910 1123 1976 ἄγνου
1149 1909 1352 1963 κλάδους
1380 1911 1429 1960 ἐκ
1463 1909 1715 1977 χειμάρῥου
1748 1910 1953 1977 εὐφραν-

369 1998 395 2020 “
424 1991 608 2055 θῆναι.”
655 1991 743 2056 ἤδη
783 1991 868 2055 μὲν
902 1993 983 2043 οὖν
1016 1994 1064 2043 ἐν
1096 1996 1162 2062 τῷ
1202 1992 1398 2060 δευτέρῳ
1434 1993 1614 2060 βιβλίῳ
1655 1992 1834 2042 ἕκαστα
1873 1996 1957 2042 τοῦ

366 2073 710 2139 παροισθέντος
749 2076 893 2141 ῥητοῦ
936 2073 1183 2142 διεξιόντες
1224 2073 1284 2124 τὰ
1327 2073 1459 2140 με’ρη,
1497 2072 1678 2140 μακρὸν
1720 2075 1787 2124 ἐπ’
1829 2074 1956 2144 αὐτῷ

367 2156 752 2221 δεδαπανήκαμεν
779 2155 942 2222 λόγον,
969 2156 1279 2220 συντεμόντες
1319 2157 1362 2207 δ’
1392 2157 1473 2206 οὖν
1509 2155 1635 2220 ὅμως
1673 2158 1721 2207 ἐν
1755 2157 1951 2223 ὀλίγοις,

142 2237 252 2319 {38¹3-
366 2239 499 2292 αὖθις
537 2239 950 2303 ἐπαναμνήσομεν.
1005 2239 1279 2308 ἐφάσκομεν
1311 2237 1405 2305 γὰρ
1444 2237 1529 2302 τὴν
1560 2237 1644 2300 μὲν
1675 2238 1840 2305 ἑορτὴν
1871 2241 1954 2303 τῆς
1975 2257 2024 2296 25

365 2321 691 2387 σκηνοπηγίας
730 2320 812 2371 τὸν
852 2319 1137 2388 τριπόθητον
1181 2320 1288 2384 ἡμῖν
1329 2323 1412 2384 τῆς
1453 2317 1765 2374 ἀναστάσεως
1807 2344 1951 2372 κατα-

364 2403 612 2469 σημαίνειν
657 2404 834 2470 καιρόν.
904 2402 960 2454 τὸ
1005 2401 1054 2454 δὲ
1101 2401 1375 2468 κάλλυντρα
1419 2407 1603 2464 λαβεῖν,
1650 2405 1726 2453 καὶ
1771 2403 1954 2469 καρπὸν

364 2486 536 2552 ὡραίου
575 2485 740 2555 ξύλου,
775 2488 850 2536 καὶ
889 2483 1008 2551 πρὸς
1047 2484 1228 2538 τούτοις
1267 2485 1333 2535 ἔτι
1371 2484 1431 2536 τὰ
1468 2485 1617 2552 ἕτερα,
1648 2485 1954 2554 ἐπανάληψίν

414 2655 446 2679 2.
473 2643 542 2678 κατ’
561 2643 664 2688 αὐτὴν
680 2643 775 2678 Aub.
794 2655 812 2676 e
831 2642 906 2677 Cat.
927 2650 959 2677 et
981 2643 1030 2677 Sic
1050 2654 1080 2677 a.
1099 2642 1153 2676 καὶ
1169 2629 1342 2676 ταύτιηινΒ.
1361 2643 1413 2676 καὶ
1432 2641 1556 2686 ταύτην
1575 2642 1694 2677 Holst‚
1805 2640 1950 2688 3.’γάρ]

369 2695 405 2732 4-
427 2705 500 2726 τινα
520 2690 561 2725 Β.
583 2690 646 2725 Ht.
770 2689 802 2724 6.
829 2692 867 2724 τό
885 2690 1016 2724 Πινέτω
1034 2701 1052 2723 e
1071 2688 1147 2723 Cat.
1165 2689 1358 2733 assumpsit
1375 2689 1470 2724 Aub.
1488 2695 1521 2723 et
1540 2689 1588 2723 sic
1606 2701 1637 2722 a.
1693 2653 1859 2723 Desun3t
1851 2701 1888 2722 m
1909 2689 1951 2723 B.

363 2737 545 2783 ἀναγκαῖον
567 2744 601 2772 et
623 2751 904 2782 χρεωστουμενον
928 2735 1112 2771 emendavi
1137 2748 1179 2770 ex
1204 2747 1235 2771 a.
1241 2735 1442 2792 ἀναγκαίων
1459 2742 1493 2770 et
1515 2735 1804 2781 χρεωστουμένων
1823 2735 1865 2794 B:
1882 2735 1952 2770 Ed.

368 2795 422 2819 11.
448 2786 533 2829 πρὸς
549 2785 667 2828 μωσέα
684 2784 795 2830 φησίν
812 2796 842 2818 a.
1012 2795 1065 2826 14.
1091 2781 1248 2843 ἡμέρα]
1234 2797 1252 2839 ῃ
1271 2782 1376 2828 ἡμέρα
1394 2794 1424 2817 a.
1497 2782 1516 2826 ἡ
1534 2785 1648 2827 πρώτη
1670 2782 1712 2816 Β.
1715 2794 1746 2816 a.
1767 2782 1828 2816 Ht.
1847 2781 1951 2828 ὀγδόη

364 2831 563 2865 emendavit
580 2831 676 2865 Aub.
812 2831 865 2865 18.
892 2828 1171 2875 ἡμέρα-ἡμέρα]
1191 2829 1209 2872 ἡ
1228 2828 1402 2874 ἡμέρα-ἦ
1422 2829 1527 2874 ἡμέρα
1545 2841 1576 2864 a.
1640 2829 1768 2873 ἑβδόμη
1789 2829 1830 2863 Β.
1834 2841 1866 2863 a.
1867 2797 1951 2863 γΗΙῑη.

363 2878 467 2922 ὀγδόη
486 2878 581 2912 Aub.
694 2889 746 2923 19.
773 2878 942 2922 κάλυντρα
960 2888 990 2912 a.
1099 2888 1155 2921 23.
1181 2876 1429 2920 παροισθέντος
1449 2875 1699 2922 [παρυσθέντος
1717 2875 1805 2910 Cod.
1810 2872 1824 2920 ]
1842 2889 1951 2920 παρα-

364 2924 479 2960 θέντος
498 2925 562 2959 Ht.
582 2924 649 2959 Ed.
808 2935 861 2966 24.
890 2923 949 2959 οὐν
967 2930 1189 2969 assumptum
1207 2934 1247 2957 ex
1269 2922 1310 2957 B.
1468 2932 1524 2968 27.
1551 2921 1760 2968 κάλλυντρα]
1781 2923 1951 2968 κάλυντρα

362 2971 525 3015 φοινίκων
543 2983 572 3006 a.
