2084 3317
156 129 211 170 vi.
229 140 298 184 51.
388 131 463 172 IN
506 131 548 171 S.
583 130 920 171 JOANNEM.
984 129 1106 169 LIB.
1143 129 1219 168 IV.
1283 129 1416 169 CAP.
1451 129 1510 169 II.
1661 131 1743 169 523

155 239 203 289 ἐν
229 243 325 292 τοῖς
358 244 692 305 προλαβοῦσιν
718 237 833 290 εἶναι
868 238 1148 303 δεδώκαμεν,
1174 236 1465 305 τρεφόμενον
1490 236 1574 301 μὲν
1600 238 1741 307 ἐλαίῳ

154 324 221 388 τῷ
245 320 577 390 καθαρωτάτῳ,
602 320 833 383 τουτέστι,
861 325 927 390 τῷ
962 319 1038 371 διὰ
1069 325 1152 371 τοῦ
1179 320 1456 382 Πνεύματος
1484 323 1737 388 φωτισμῲ·

154 399 246 468 ἔξω
271 401 420 466 γεμὴν
444 407 527 452 τοῦ
559 401 997 466 καταπετάσματος,
1023 403 1209 468 ἐπείπερ
1235 403 1366 452 ἐστὶν
1393 402 1417 451 6
1445 400 1591 466 λόγος
1617 402 1742 470 αὐτῷ

154 482 463 550 κατηχητικός
503 491 529 512 “
555 483 875 548 Ἑτοιμάσατε
920 483 1014 550 γὰρ
1054 483 1140 547 τὴν
1180 482 1291 534 ὁδὸν
1335 483 1525 549 Κυρίου,
1565 485 1737 550 φησὶν,

1179 571 1199 580 Α
1250 565 1260 579 OE
1315 569 1335 578 Α
1384 565 1408 581 ’3

109 575 131 613 5
154 570 181 593 “
207 565 382 619 εὐθείας
416 571 586 617 ποιεῖτε
622 565 705 620 τὰς
740 567 930 633 τρίβους
964 571 1047 617 τοῦ
1074 569 1200 616 Θεου
1235 588 1379 629 ημων.
1458 563 1518 615 τὰ
1558 564 1605 615 δὲ
1644 565 1740 615 ἔσω

153 652 236 697 τοῦ
286 648 728 711 καταπετάσματος,
783 649 1015 706 τουτέστι,
1068 648 1123 699 τὸ
1175 646 1585 713 ἀποκεκρυμμένον
1635 649 1740 712 περὶ

152 733 369 795 Χριστοῦ
407 730 690 796 μυστήριον,
734 731 787 781 οὐ
826 730 935 780 λιάν
974 730 1195 799 ἐκφαίνει.
1251 737 1276 759 “
1303 728 1433 795 Ἐγὼ
1472 729 1581 793 μὲν”
1623 728 1736 795 γὰρ,

1806 243 1913 283 Supra

1810 295 1879 325 250,
1896 295 1966 326 251.

1805 491 1919 521 Es.x1.
1938 500 1968 529 3.

1806 726 1966 756 §.Mattlh

1804 781 1847 800 111.
1874 779 1884 799 1
1896 779 1921 800 1.

152 814 317 877 φησὶν,
346 819 372 841 “
395 814 513 875 ὑμᾶς
547 812 759 878 βαπτίζω
796 813 844 862 ἐν
877 813 1009 862 ὕδατι
1044 815 1107 865 εἰς
1140 811 1406 875 μετάνοιαν,
1440 813 1464 862 ὁ
1502 811 1548 862 δὲ
1585 812 1741 862 ὀπίσω
1761 821 1788 860 d

153 899 180 922 ‘⁶
203 915 296 955 μου
333 892 579 961 ἐρχόμενος
614 892 918 961 ἰσχυρότερός
953 917 1043 957 μου
1078 896 1222 956 ἐστὶν,
1256 894 1309 944 οὗ
1346 894 1428 944 οὐκ
1463 896 1553 956 εἰμὶ
1589 893 1744 947 ἱκανὸς

83 992 131 1018 10
152 981 179 1003 ‘⁶
203 973 263 1025 τὰ
299 975 577 1040 ὑποδήματα
610 975 877 1036 βαστάσαι,
907 975 1048 1030 αὐτὸς
1086 977 1204 1038 ὑμᾶς
1239 976 1467 1036 βαπτίσει
1507 976 1555 1025 ἐν
1584 975 1740 1025 Πνεύ-

151 1064 179 1086 “
205 1080 317 1119 ματι
354 1058 505 1128 ‘Ayc'cp
545 1059 620 1108 καὶ
659 1058 816 1124 πυρί.”
872 1059 984 1127 ὁρᾷς
1031 1058 1112 1109 οὖν
1150 1057 1276 1111 ὅπως
1321 1057 1621 1121 καταλάμπει
1658 1056 1744 1120 μὲν

150 1139 304 1203 αὐτὸς,
333 1142 394 1193 ὡς
421 1141 469 1191 ἐν
495 1139 811 1210 ἀπλουστέρῳ
847 1144 913 1209 τῷ
947 1140 1080 1209 λόγῳ
1108 1144 1271 1191 καλῶν
1298 1143 1360 1194 εἷς
1385 1138 1655 1202 μετάνοιαν,
1686 1138 1745 1189 τὰ

150 1222 299 1288 γεμὴν
337 1222 433 1273 ε”σω
471 1228 555 1274 τοῦ
593 1221 1020 1286 καταπετάσματος
1059 1224 1364 1287 ἀπογυμνοῦν
1403 1220 1635 1287 ἐπιτρέπει
1677 1229 1744 1289 τῷ

153 1304 428 1370 βαπτίζοντι
465 1304 541 1356 διὰ
578 1304 725 1371 πυρὸς
760 1306 836 1355 καὶ
868 1303 1178 1368 Πνεύματος;
1223 1306 1298 1354 καὶ
1333 1303 1629 1368 πλατύτερον
1660 1302 1746 1366 μὲν

83 1404 130 1444 15
152 1387 211 1438 τὰ
245 1389 350 1454 περὶ
384 1386 563 1438 τούτων
594 1386 916 1455 διειλήφαμεν,
941 1387 1251 1453 προτεθεντος
1283 1386 1394 1451 ἡμῖν
1427 1388 1591 1452 ῥητοῦ,
1623 1383 1744 1435 κατὰ

151 1468 238 1534 τὴν
268 1468 419 1537 ἀρχὴν
452 1474 535 1520 τοῦ
572 1469 822 1531 βιβλίου“
841 1470 1049 1522 Ἐκεῖνος
1085 1468 1142 1533 ἦν
1170 1469 1194 1519 6
1230 1468 1404 1535 λύχνος
1440 1469 1464 1518 6
1500 1467 1744 1530 καιόμενος

153 1558 180 1580 “
206 1553 281 1602 καὶ
320 1552 543 1619 φαίνων·”
599 1551 828 1620 ἡψάμεθα
873 1551 928 1602 δέ
959 1574 1060 1605 πως
1106 1552 1157 1601 ἐκ
1192 1552 1503 1617 παραδρομῆς
1550 1549 1739 1615 ἀρτίως,

148 1634 337 1699 ἐπείπερ
374 1633 432 1699 ἧν
471 1636 741 1699 ἀναγκαῖον,
774 1633 892 1698 μετὰ
930 1632 1015 1698 τὴν
1041 1632 1264 1684 Ἰωάννου
1302 1632 1525 1697 πάροδον,
1557 1632 1745 1697 γείτονα

150 1717 368 1767 δεικνύειν
413 1718 488 1767 καὶ
540 1714 673 1769 εὐθὺς
722 1715 933 1780 κειμένην
977 1719 1073 1766 τῶν
1124 1715 1272 1780 ἁγίων
1324 1714 1614 1765 ἀποστόλων
1659 1712 1746 1777 τὴν

83 1822 132 1847 20
151 1797 426 1865 ἀνάῤῥησιν.

225 1879 321 1931 Διὰ
359 1879 452 1946 γὰρ
490 1880 666 1944 ταύτην
704 1877 832 1943 οἶμαι
870 1878 955 1943 τὴν
992 1880 1144 1930 αἰτίαν
1179 1879 1204 1929 6
1245 1878 1389 1944 λόγος
1428 1900 1742 1945 προκαταση-

150 1961 301 2027 μήνας
339 1962 482 2013 αὐτὸν
521 1961 597 2013 δια
638 1967 721 2013 τοῦ
760 1962 952 2030 λύχνου,
991 1960 1078 2025 τὴν
1119 1963 1192 2012 ἐπὶ
1231 1966 1327 2014 τοῖς
1369 1961 1549 2011 δώδεκα
1587 1961 1747 2026 ἄρτοις

150 2045 347 2111 θεωρίαν
390 2045 500 2109 ἡμῖν
545 2045 851 2111 παρατίθησι·
897 2052 925 2074 “
952 2044 1189 2108 Ποιήσετε
1233 2042 1342 2110 γὰρ,
1385 2045 1522 2111 φησὶ,
1566 2043 1746 2094 δώδεκα

150 2127 387 2194 “ο’ίρτους·
429 2125 511 2178 δύο
551 2125 802 2178 δεκάτων’
784 2149 921 2177 εσται
959 2127 984 2176 6
1024 2126 1164 2193 ἄρτος
1203 2127 1228 2177 6
1268 2124 1354 2179 εἷς.’
1359 2126 1516 2178 ἐ”θος
1552 2129 1610 2191 τῇ
1643 2126 1745 2193 θείᾳ

83 2228 132 2268 25
150 2213 314 2278 γραφῇ
349 2208 432 2259 τὸν
466 2207 666 2273 ἀριθμὸν
698 2207 781 2260 τὸν
808 2209 932 2271 δεκα,
963 2208 1144 2259 τελειον
1171 2210 1239 2258 ἀει
1274 2208 1632 2274 προσδέχεσθαι
1667 2208 1744 2257 καὶ

150 2291 316 2341 εἰδέναι
341 2290 691 2357 πληρέστατον,
715 2291 901 2356 ἐπείπερ
928 2291 955 2355 ἡ
982 2295 1077 2341 τῶν
1102 2290 1273 2359 ἐφεξῆς
1299 2292 1511 2356 ἀριθμῶν
1536 2287 1743 2355 πάροδός

151 2395 202 2423 τε
240 2376 315 2423 καὶ
355 2372 499 2435 θέσις,
539 2371 865 2437 ἀνακύκλησίν
903 2396 1008 2423 τινα
1047 2375 1124 2424 καὶ
1162 2371 1610 2435 πολυπλασιασμὸν
1649 2374 1744 2420 τῶν

151 2456 306 2505 αὐτῶν
346 2458 408 2508 εἰς
454 2453 513 2505 τὰ
554 2454 672 2505 αὐτὰ
710 2456 952 2523 δεχομένη,
992 2453 1111 2522 πρὸς
1156 2454 1271 2521 ὅπερ
1312 2455 1369 2504 ἄν
1408 2476 1477 2507 τις
1519 2451 1744 2516 ἐθελήσαι

151 2536 327 2603 βαδίζει
365 2538 442 2587 καὶ
479 2537 741 2588 ἐκτείνεται.
800 2539 851 2588 ἐκ
888 2537 970 2588 δύο
1009 2543 1261 2603 τοιγαροῦν
1296 2535 1502 2586 δεκάτων
1541 2535 1745 2585 ἕκαστον

83 2638 133 2674 30
152 2617 266 2669 εἶναι
293 2617 482 2681 κελεύει,
510 2618 586 2669 ἵνα
611 2617 666 2669 τὸ
693 2617 875 2671 τέλειον
902 2619 1000 2687 ’ίδῃς
1033 2621 1080 2670 ἐν
1106 2624 1202 2672 τοῖς
1227 2621 1472 2681 μαθηταῖς,
1499 2618 1546 2667 ἐν
1573 2617 1655 2684 ’ίσῃ
1684 2621 1742 2684 τῇ

152 2701 386 2770 ξυνωρίδι,
431 2705 490 2769 τῇ
534 2724 584 2752 τε
629 2705 936 2770 πραγματικῇ
981 2705 1104 2766 φημι
1151 2703 1226 2751 καὶ
1269 2705 1328 2768 τῇ
1379 2699 1498 2750 κατὰ
1544 2700 1743 2765 θεωρίαν

202 2852 256 2886 19.
283 2839 505 2886 ἀποστόλων]
529 2843 566 2881 -1-
587 2839 665 2884 ἡμῖν
683 2840 750 2876 Ed.
768 2841 878 2875 invito
898 2842 939 2875 B.
1085 2851 1139 2874 22.
1166 2838 1284 2885 αὐτὸν]
1305 2839 1413 2873 αὐτῶν
1432 2838 1474 2873 Β.
1542 2838 1667 2873 Statim
1687 2838 1742 2872 διὰ

151 2890 212 2923 τοῦ
230 2887 359 2933 λύχνου
377 2893 600 2932 assumptum
618 2898 660 2921 ex
679 2887 721 2922 Β.
787 2888 842 2923 ἐπὶ
862 2889 903 2922 ss.
922 2889 956 2922 ἐν
977 2887 1043 2921 Ed.
1159 2896 1213 2932 27.
1240 2887 1426 2930 ἀνάκλησιν
1447 2886 1488 2919 Β.
1610 2887 1664 2920 28,
1691 2900 1742 2921 τις

153 2941 376 2980 assumptum
395 2946 435 2968 ex
456 2933 498 2968 B.
597 2944 653 2979 29·
679 2934 876 2981 τοιγαροῦν]
896 2935 1008 2969 τοίνυν
1028 2935 1068 2968 Β,
1166 2945 1222 2978 30.
1250 2934 1284 2968 ἐν
1300 2932 1377 2978 ἰὀ-ῃ]
1399 2933 1433 2967 ἐν
1451 2932 1554 2976 ἐνὴση
1576 2933 1615 2967 Β.

887 3002 1007 3044 3x2

1763 1490 1783 1516 e
1805 1479 1909 1517 Supla

1804 1521 1860 1551 lib.
1880 1521 1924 1551 iii.

1806 1573 1922 1605 cap.1.

1808 2046 1888 2077 LeV.

1807 2091 1897 2120 xxiv.
1918 2099 1947 2130 5.

1762 2316 1784 2339 a
1816 2307 1899 2340 357
1914 2306 1964 2340 A.
