2084 3317
322 160 406 200 470
724 160 773 200 B.
808 160 1078 201 CYRILLI
1119 160 1500 201 ALEXANDR.
1764 160 1817 200 vi.
1838 170 1904 216 35.

278 273 305 314 d
322 272 384 321 εἷς
429 269 625 336 θεωρίαν
669 269 999 334 πνευματικὴν,
1042 270 1124 321 οὐκ
1169 270 1481 331 ἀναβαίνουσι
1525 274 1619 320 τῶν
1663 273 1721 335 τῇ
1765 272 1907 334 σαρκὶ

321 350 584 416 χρησίμων,
611 352 687 402 καὶ
714 352 858 416 ἄρτον
883 351 1128 405 ἀκούοντες
1154 350 1237 402 τὸν
1263 350 1383 418 ζωὴν
1409 351 1596 402 διδόντα
1621 356 1688 420 τῷ
1720 350 1905 420 κόσμῳ,

99 431 184 516 fgffl·
206 432 249 463 ffi-
320 429 403 482 τὸν
429 432 524 482 ἀπὸ
550 435 637 497 γῆς
664 432 730 483 ε”τι
757 432 1086 500 φαντάζονται,
1114 431 1220 484 θεὸν
1246 433 1430 500 ἔχοντες
1454 433 1540 497 τὴν
1566 434 1762 495 κοιλίαν,
1789 431 1908 483 κατὰ

321 511 375 564 τὸ
401 513 743 579 γεγραμμένον,
769 515 845 565 καὶ
872 519 969 567 τοῖς
993 516 1099 581 περὶ
1125 514 1338 582 γαστέρα
1372 516 1702 582 κεκρατημένοι
1732 519 1905 575 κακοῖς,

99 602 150 632 lb.
320 595 396 644 ἵνα
431 595 616 648 δικαίως
653 594 917 659 ἀκούσειαν,
945 594 1011 646 ῶν
1037 596 1114 660 (εὴ
1150 595 1268 665 δόξα
1303 599 1351 648 ἐν
1377 601 1435 665 τῇ
1470 598 1673 665 αἰσχύνῃ
1707 596 1906 647 αὐτῶν.”
1929 614 1951 652 5

322 676 505 727 ἐοικότα
545 675 601 740 δὴ
644 677 753 727 λίαν
791 676 874 728 τὸν
912 683 1124 729 τοιοῦτον
1163 678 1374 745 εὑρήσεις
1413 677 1561 744 λόγον
1599 681 1665 748 τῷ
1703 676 1779 729 διὰ
1816 699 1903 742 γυ-

321 758 477 812 ναικὸς
515 759 688 822 ἐκείνης
722 761 805 822 τῆς
842 759 1194 825 Σαμαρείτιδος·
1247 758 1429 826 μακρὸν
1454 759 1550 827 γὰρ
1585 762 1660 811 καὶ
1695 760 1763 811 ἐπ’
1792 760 1910 827 αὐτῇ

321 841 625 894 δαπανῶντος
665 839 814 907 λόγον
852 847 935 892 τοῦ
977 844 1198 909 Σωτῆρος
1242 843 1374 906 ἡμῶν
1412 846 1644 909 Χριστοῦ,
1686 844 1760 892 καὶ
1804 844 1910 906 περὶ

282 919 503 972 θὺδάτων
553 927 648 974 τῶν
699 927 880 987 νοητῶν
931 923 1309 987 ἐκδιδάσκοντος,
1363 924 1588 990 λέγοντός
1637 947 1686 974 τε
1738 927 1911 991 σαφῶς

321 1010 348 1032 “
376 1007 482 1057 Πᾶς
519 1005 543 1055 ὁ
577 1005 725 1056 πίνων
750 1007 800 1056 ἐκ
837 1011 921 1057 τοῦ
958 1007 1124 1060 ὕδατος
1159 1006 1326 1058 τούτου
1362 1006 1559 1104 διψήσει
1592 1004 1803 1068 πάλιν,
1784 1029 1834 1059 ος
1865 1004 1907 1055 δ’

320 1092 348 1114 ις
383 1085 401 1103 “

99 1000 205 1040 Supra
218 1000 259 1031 iv

102 1051 215 1083 13,14.

373 1109 431 1136 αν
456 1086 539 1155 πίῃ
573 1088 622 1137 ἐκ
659 1092 742 1138 τοῦ
779 1088 945 1142 ὕδατος
980 1088 1033 1139 οὗ
1068 1087 1160 1154 ἐγὼ
1195 1088 1337 1140 δώσω
1374 1090 1513 1158 αὐτῶ,
1540 1089 1594 1140 οὐ
1622 1086 1687 1152 μὴ
1714 1086 1912 1156 διψήσει

335 1172 436 1221 ζεἷς
462 1167 545 1218 τὸν
573 1171 732 1232 αἰῶνα,
761 1169 892 1220 ἀλλὰ
918 1169 972 1221 τὸ
999 1169 1166 1237 ύδωρ
1148 1194 1172 1221 ο
1204 1171 1347 1222 δώσω
1383 1170 1474 1236 ἐγὼ
1509 1171 1635 1221 αὐτῶ
1662 1168 1912 1236 γενήσεται

320 1256 346 1277 “
372 1250 420 1299 ἐν
441 1251 567 1319 αὐτῷ
591 1250 723 1317 πηγὴ
751 1252 918 1305 ὕδατος
944 1253 1213 1316 ἁλλομένου
1240 1257 1303 1306 εἷς
1330 1251 1451 1319 ζωὴν
1476 1252 1706 1303 ulamma-'²
1735 1274 1913 1317 συνηρ-

317 1330 488 1398 πάζετο
536 1331 613 1383 διὰ
657 1332 744 1397 τὴν
782 1334 984 1384 ἐνοῦσαν
1022 1335 1139 1402 αὐτῇ
1180 1335 1463 1398 δυσμαθίαν,
1504 1337 1578 1384 καὶ
1617 1332 1703 1397 τὴν
1741 1332 1913 1398 νοητὴν

318 1416 497 1483 ἀφεῖσα
530 1413 704 1481 πηγὴν,
732 1415 866 1466 οὐδέν
896 1438 946 1467 τε
982 1415 1037 1467 τὸ
1072 1416 1270 1480 σύμπαν
1301 1420 1407 1483 περὶ
1441 1417 1584 1480 αὐτῆς
1616 1415 1908 1480 ἐννοήσασα,

318 1497 391 1547 ἐπὶ
437 1496 523 1560 τὴν
563 1501 659 1548 τῶν
700 1500 943 1562 αἰσθητῶν
985 1496 1283 1565 ὑδρευμάτων
1326 1499 1555 1566 χορηγίαν
1596 1499 1910 1549 κατολισθαί-

97 1590 211 1630 1b·15-
320 1578 471 1630 νουσοῖ
503 1583 628 1648 φησι
660 1587 687 1609 “
710 1581 854 1646 Κύριε
895 1579 974 1634 δός
1012 1603 1091 1643 μοι
1129 1586 1269 1632 τοῦτο
1307 1580 1361 1632 τὸ
1402 1582 1539 1647 ὕδωρ,
1573 1582 1649 1632 ἵνα
1684 1580 1749 1646 μὴ
1785 1585 1913 1650 διψῶ

321 1669 347 1691 “
374 1661 488 1726 μηδὲ
533 1662 740 1730 ἐρχωμαι
784 1662 945 1714 ἐνθάδε
988 1664 1220 1714 ἀντλεῖν.”
1287 1663 1523 1730 συγγενὴς
1568 1665 1651 1714 οὖν
1689 1663 1780 1730 ἄρα
1820 1668 1915 1718 τοῖς

98 1763 176 1797 321
192 1762 243 1796 A.
281 1745 428 1809 awap'
457 1745 628 1808 ἐκείνης
653 1742 816 1811 λόγοις
851 1746 876 1796 ὁ
910 1750 1005 1796 τῶν
1031 1746 1288 1797 Ἰουδαίων·
1330 1745 1495 1812 ὥσπερ
1529 1745 1622 1812 γὰρ
1656 1746 1804 1811 ἐκείνη
1840 1746 1916 1797 διὰ

320 1825 406 1889 τὴν
433 1825 584 1893 φύσιν
610 1825 928 1892 ἐμαλακίζετο,
954 1825 1037 1878 τὸν
1064 1826 1206 1878 αὐτὸν
1233 1825 1360 1891 οἶμαι
1388 1830 1464 1878 καὶ
1491 1827 1618 1879 οὗτοι
1643 1829 1833 1894 τρόπον,
1861 1826 1916 1879 τὸ

320 1907 405 1971 μὲν
431 1907 593 1974 ἄρσεν,
618 1908 672 1958 ἵν’
702 1909 849 1961 οὕτως
875 1907 1004 1971 ε’ίπω,
1029 1910 1105 1959 καὶ
1133 1908 1344 1960 νεανικὸν
1370 1913 1432 1963 εἰς
1460 1909 1698 1978 φρόνησιν
1723 1909 1916 1978 ἔχουσιν

322 1991 551 2053 οὐδαμῶς,
577 1989 913 2054 ἐκθηλύνονται
953 1989 1008 2041 δέ
1035 2014 1135 2044 πως
1170 1995 1233 2044 εἷς
1268 1990 1523 2058 ἀνάνδρους
1556 1993 1800 2055 ἐπιθυμίας
1832 1992 1916 2046 τὰς

322 2072 397 2122 ἐπὶ
444 2094 636 2137 γαστρι,
686 2094 762 2122 και
812 2071 865 2123 τὸ
910 2094 1239 2138 γεγραμμενον
1283 2074 1354 2142 ἐφ’
1401 2074 1579 2127 ἑαυτοῖς
1625 2073 1916 2125 δεικνύουσιν

99 2152 260 2228 {mxxii
323 2153 496 2218 ἀληθες
523 2160 550 2183 “
568 2153 631 2204 O
657 2176 752 2251 γαρ
782 2153 938 2221 μωρὸς
973 2153 1110 2221 μωρὰ
1143 2154 1365 2220 λαλήσει,
1392 2157 1468 2207 καὶ
1505 2156 1532 2220 ἡ
1571 2157 1739 2223 καρδία
1773 2157 1916 2207 αὑτοῦ

323 2233 552 2300 “ματαια
590 2234 780 2300 νοήσει)

746 2378 863 2429 'fij-d>
900 2378 986 2430 εἶμι
1021 2380 1044 2423 ὁ
1083 2380 1213 2438 ἄρτος
1249 2382 1326 2423 τῆς
1363 2384 1485 2439 goffia

277 2494 303 2535 b
388 2486 538 2542 ’Έθος
577 2490 644 2558 τῷ
683 2491 869 2556 Σωτῆρι
908 2492 1110 2559 Χριστῷ
1154 2488 1238 2543 τὰς
1277 2491 1383 2557 περὶ
1425 2494 1520 2541 τῶν
1560 2490 1803 2557 θειοτέρων
1842 2491 1917 2541 καὶ

323 2574 418 2622 τῶν
443 2571 533 2635 ἤδη
558 2571 1054 2638 προκατηγγελμένων
1079 2572 1354 2638 μυστηρίων
1376 2571 1636 2642 ποιουμένῳ
1662 2571 1917 2637 διηγήσεις,

324 2652 643 2718 αἰνιγματώδη
689 2677 790 2707 πως
835 2656 910 2705 καὶ
957 2654 1011 2705 οὐ
1056 2653 1252 2722 σφόδρα
1297 2656 1503 2724 διαφανῆ
1545 2653 1604 2705 τὰ
1649 2655 1718 2706 ἐπ’
1763 2655 1918 2709 αὐτοῖς

371 2783 404 2817 6.
432 2784 471 2827 δὴ
491 2784 533 2818 Β.
552 2784 588 2818 δέ
607 2784 675 2820 Ed.
951 2794 981 2830 7.
1008 2784 1048 2828 δὴ
1067 2796 1130 2829 pro
1150 2785 1215 2830 γὰρ
1236 2785 1480 2819 B.St1t11n
1499 2786 1552 2819 καὶ
1571 2791 1796 2829 assumptum
1814 2796 1854 2819 ex
1875 2784 1916 2819 Β.

324 2830 426 2874 αὐτῆς
445 2831 486 2865 Β,
714 2843 767 2866 11.
794 2832 833 2866 οὐ
851 2832 1013 2878 μὴ-ἐγὼ
1030 2831 1119 2885 αὐτῷ
1137 2838 1320 2877 assumpta
1338 2844 1378 2866 ex
1398 2832 1440 2866 Β.
1460 2831 1613 2866 desunt'
1607 2843 1641 2866 1n
1662 2831 1792 2875 Gemmg
1809 2831 1916 2876 'lrap.

328 2886 381 2928 15.
407 2877 510 2921 αὐτὴν
528 2877 571 2911 Β.
747 2890 802 2913 20.
830 2881 958 2924 τρόπον
975 2879 1029 2914 καὶ
1046 2878 1139 2913 οὗτοι
1156 2878 1296 2913 inverso
1314 2879 1437 2913 ordlne
1458 2879 1498 2913 B.
1668 2889 1722 2924 23.
1749 2879 1803 2912 καὶ
1822 2879 1865 2912 Β.
1884 2885 1917 2913 et

326 2935 374 2956 Slc
392 2924 541 3005 cor113exit
560 2924 695 2970 Migne.
716 2926 799 2960 κατὰ
816 2926 911 2961 Aub.
1032 2935 1086 2971 27.
1113 2926 1190 2970 περὶ
1208 2932 1430 2971 assumptum
1450 2938 1490 2960 ex
1511 2925 1552 2960 B.
1559 2925 1604 2959 D
1719 2926 1774 2959 28.
1800 2925 1916 2960 ποιού-

323 2984 424 3013 μενον

1935 1031 1983 1056 10

1937 1443 1983 1480 15

1937 1855 1986 1880 20
