2084 3317
294 184 376 225 726
696 185 746 225 B.
780 184 1056 226 CYRILLI
1098 186 1477 227 ALEXANDR.
1709 186 1794 227 viii.
1819 199 1882 241 19.

249 303 275 343 d
296 292 423 346 ὅπως
449 291 566 347 λαὸς
593 293 740 348 ὅντως
764 293 921 361 μωρὸς
956 298 1033 346 καὶ
1069 294 1290 361 ἀκάρδιος
1314 294 1523 361 εὐλόγως
1548 295 1882 359 ἀποκέκληται·

296 374 379 425 τὸν
418 375 512 441 γὰρ
557 379 640 440 τῆς
685 378 892 431 διανοίας
939 376 1196 445 ὀφθαλμὸν
1234 378 1333 428 οὐδ’
1375 377 1494 428 ὅσον
1535 382 1630 429 τῶν
1672 378 1888 443 ἐπιγείων

298 458 622 526 ἀνακουφίζειν
666 458 926 523 δυνάμενοι,
969 459 1259 511 δεικνύουσιν
1300 459 1474 524 ἀληθὲς
1519 458 1574 510 τὸ
1619 460 1688 511 ἐπ’
1733 460 1888 512 αὐτοῖς

299 539 536 605 εἰρημένον
583 548 610 570 “
637 541 1045 606 Σκοτισθήτωσαν
1095 544 1137 592 οἱ
1189 543 1434 609 ὀφθαλμοὶ
1486 543 1641 592 αὐτῶν
1690 546 1774 592 τοῦ
1822 539 1889 604 μὴ

300 629 326 651 “
351 623 560 685 βλέπειν,
602 626 677 674 καὶ
724 622 807 674 τὸν
849 628 999 674 νῶτον
1043 624 1197 674 αὐτῶν
1241 623 1495 677 διαπαντὸς
1545 622 1886 689 σύγκαμψον·”
1908 632 1930 670 5

298 704 427 773 ζῴων
453 705 538 767 μὲν
565 704 657 772 γὰρ
682 710 777 756 τῶν
803 705 997 771 ἀλόγων
1023 704 1339 776 συνεκάμφθη
1365 705 1425 756 τὰ
1452 710 1596 769 νῶτα,
1626 710 1765 756 τοῦτο
1795 703 1889 771 γὰρ

298 785 428 851 παρὰ
456 790 537 851 τῆς
565 787 756 856 φύσεως
782 787 988 855 ἐχόντων
1009 787 1063 838 τὸ
1090 790 1271 855 σχῆμα,
1294 790 1369 839 καὶ
1397 787 1637 854 ὀρθοτενὲς
1661 790 1709 838 ἐν
1734 789 1890 842 αὐτοῖς·

300 869 448 919 οὐδέν.
504 869 636 920 ἀλλά
673 872 749 920 καὶ
784 874 879 920 τῶν
904 870 1143 921 Ἰουδαίων
1169 871 1195 921 ὁ
1231 876 1336 924 νοῦς
1371 870 1678 935 ἀπεκτηνώθη
1713 869 1890 937 τρόπον

74 541 129 571 Ps.

73 583 176 614 lxviii.
187 592 236 622 24.

301 951 418 1013 τινὰ,
447 953 520 1002 καὶ
549 952 755 1003 νένευκεν
780 953 848 1002 ἀεὶ
874 951 994 1019 πρὸς
1024 951 1078 1003 τὸ
1105 951 1246 1015 κάτω,
1272 952 1441 1014 βλέπει
1468 952 1516 1004 δὲ
1541 957 1636 1004 τῶν
1663 951 1892 1020 οὐρανίων

263 1052 285 1078 e
303 1033 450 1084 οὐδέν.
505 1032 534 1098 ἢ
561 1032 655 1100 γὰρ
681 1035 784 1102 οὐχὶ
819 1036 895 1084 καὶ
931 1034 990 1103 ἐξ
1019 1035 1162 1085 αὐτοῦ
1195 1040 1278 1085 τοῦ
1313 1033 1595 1101 πράγματος
1621 1038 1683 1088 εἷς
1709 1033 1793 1086 τὸν
1817 1035 1891 1086 ἐπὶ
1914 1056 1962 1081 10

301 1121 440 1166 τοῦτο
491 1115 640 1181 λόγον
693 1116 868 1181 ἄριστα
918 1115 1358 1183 παιδαγωγούμενοι
1406 1117 1674 1185 φρονοῦμεν
1717 1140 1768 1168 τε
1817 1119 1893 1168 καὶ

301 1198 587 1264 λογιζόμεθα
611 1222 716 1266 περι
743 1200 897 1249 αὐτῶν
923 1200 1111 1263 ἀληθῆ·
1101 1241 1112 1260 ‚
1154 1203 1191 1250 εἶ
1227 1199 1321 1265 γὰρ
1357 1199 1480 1254 ολως
1516 1199 1784 1266 ἐλογιζοντο
1811 1199 1894 1251 τὸν

302 1282 350 1331 ἐν
387 1285 482 1334 τοῖς
521 1282 734 1348 οὐρανοῖς
773 1281 968 1348 Πατερα
1006 1304 1082 1332 και
1122 1280 1266 1343 Θεὸν,
1304 1286 1405 1335 πῶς
1443 1279 1501 1332 ἀν
1541 1282 1772 1348 ἐζήτησαν
1810 1282 1894 1334 τὸν

301 1362 560 1426 ἀσώματον
588 1365 635 1414 ἐν
661 1363 825 1433 τόπῳ,
869 1368 971 1417 πῶς
997 1364 1041 1414 δ’
1070 1362 1142 1425 ἀν,
1169 1363 1273 1415 εἰπέ
1293 1387 1386 1427 μοι,
1412 1387 1518 1430 περι
1543 1369 1626 1414 τοῦ
1653 1387 1712 1414 τα
1737 1364 1894 1416 πάντα

301 1451 598 1511 πληροῦντος
637 1450 776 1509 Θεοῦ,
816 1444 870 1497 τό
912 1448 1003 1497 Ποῦ
1044 1447 1156 1498 ἐστιν
1194 1445 1501 1508 ἀβουλότατα
1539 1445 1771 1512 λέγοντες,
1807 1448 1893 1516 οὐχ
1916 1464 1962 1502 15

303 1527 393 1595 ὅλῃ
433 1529 666 1596 μάχονται
706 1533 765 1597 τῇ
809 1529 912 1598 θείᾳ
954 1532 1133 1598 γραφῇ,
1174 1530 1323 1579 καίτοι
1367 1528 1450 1580 τὸν
1488 1531 1593 1594 περὶ
1637 1534 1720 1580 τοῦ
1769 1533 1895 1581 Θεοῦ

305 1609 454 1675 λόγον
490 1614 552 1664 ὡς
589 1611 654 1663 ε”νι
694 1609 877 1681 διεξιὼν
912 1612 937 1662 ὁ
976 1610 1231 1665 θεσπέσιος
1267 1610 1495 1681 μελῳδὸς,
1532 1614 1607 1662 καὶ
1645 1611 1700 1662 τὸ
1740 1609 1896 1679 πάντα

82 1677 239 1751 {Qvi-11,
307 1693 539 1744 δύνασθαι
566 1699 782 1760 πληροῦν
809 1695 994 1748 ἀναθεὶς
1021 1694 1147 1763 αὐτῷ
1174 1701 1201 1723 “
1222 1698 1328 1745 Ποῦ
1353 1698 1580 1760 πορευθῶ,
1609 1696 1773 1763 φησὶν,
1801 1692 1896 1746 ἀπὸ

83 1773 237 1847 ζέἓᾋι
267 1820 289 1844 a
307 1783 335 1805 “
360 1781 442 1826 τοῦ
466 1775 730 1839 πνεύματός
755 1799 862 1839 σου,
879 1779 955 1828 καὶ
982 1774 1076 1828 ἀπὸ
1103 1782 1186 1828 τοῦ
1209 1776 1475 1842 προσώπου
1500 1800 1592 1828 σου
1617 1782 1711 1828 ποῦ
1730 1776 1893 1846 φύγως

307 1867 333 1888 “
358 1857 436 1909 ἐὰν
463 1860 626 1920 ἀναβῶ
653 1863 715 1913 εἷς
746 1859 829 1910 τὸν
854 1858 1074 1926 οὐρανὸν,
1103 1858 1168 1911 σὺ
1194 1857 1236 1910 εἶ
1258 1861 1358 1922 ἐκεῖ,
1385 1858 1466 1910 ἐὰν
1489 1864 1682 1921 καταβῶ
1719 1863 1781 1913 εὶς
1813 1858 1897 1911 τὸν
1918 1881 1966 1907 20

305 1949 333 1971 ‘⁴
360 1940 492 2011 ᾅδην,
519 1941 669 2009 πάρει·
725 1942 805 1993 ἐὰν
829 1942 1061 2003 ἀναλάβω
1088 1941 1173 1998 τὰς
1203 1942 1438 2009 πτέρυγάς
1472 1965 1563 2007 μου
1597 1941 1697 1994 κατ’
1726 1941 1898 2008 ὄρθρον

304 2031 332 2053 “
357 2026 433 2075 καὶ
458 2028 672 2091 πορευθῶ
701 2028 762 2078 εἷς
789 2023 848 2076 τὰ
874 2025 1059 2093 ἔσχατα
1089 2028 1172 2089 τῆς
1208 2024 1480 2089 θαλάσσης,
1508 2027 1584 2076 καὶ
1618 2024 1712 2091 γὰρ
1747 2026 1842 2076 ἐκεῖ
1869 2025 1898 2089 ἡ

305 2115 332 2136 “
359 2107 461 2174 χείρ
487 2129 579 2157 σου
613 2106 839 2173 ὁδηγήσει
867 2131 938 2171 με,
966 2109 1042 2158 καὶ
1068 2107 1254 2176 καθέξει
1279 2131 1337 2171 με
1363 2107 1390 2171 ἡ
1420 2106 1551 2176 δεξιά
1574 2130 1682 2159 σου.
1766 2106 1899 2158 ἀλλὰ

306 2191 382 2240 καὶ
409 2189 549 2243 αὐτὸς
573 2190 683 2254 ἡμῖν
710 2191 735 2240 ὁ
762 2191 836 2241 ἐπὶ
863 2188 1057 2241 πάντων
1075 2188 1209 2253 Θεὸς,
1228 2190 1298 2240 ὅτι
1325 2188 1389 2254 μὴ
1415 2188 1546 2259 τόπῳ
1571 2188 1900 2257 περιγραπτὴν

1687 2106 1712 2123 ”

308 2270 458 2341 φύσιν
511 2272 604 2340 ἔχει
655 2277 874 2339 καθαρῶς
925 2272 1193 2336 ἐπιδεικνὺς,
1232 2272 1353 2340 πρὸς
1405 2271 1573 2326 αὐτοὺς
1623 2272 1732 2326 τοὺς
1777 2273 1899 2323 οὕτω
1920 2294 1967 2333 25

82 2346 178 2421 ἓξὲξ
196 2399 210 2420 2
216 2399 246 2431 4
308 2355 461 2421 φησιν
497 2355 718 2410 ἀνοσίους
744 2356 998 2409 Ἰουδαίους
1026 2362 1053 2384 “
1076 2354 1164 2420 Μὴ
1204 2356 1307 2423 οὐχι
1346 2353 1430 2406 τὸν
1464 2353 1665 2422 οὐρανὸν
1699 2378 1775 2406 και
1813 2354 1900 2420 τὴν

82 2447 242 2532 &gavisis
262 2448 289 2489 b
309 2444 337 2466 “
364 2440 454 2503 γῆν
489 2437 582 2504 ἐγὼ
619 2442 806 2538 πληρῶ,
835 2437 965 2503 λεγει
1003 2437 1194 2504 Κύριος·
1239 2443 1376 2489 ποῖον
1407 2435 1533 2488 οἷκον
1566 2436 1908 2503 οἶκοδομήσετε

84 2544 138 2576 49·
309 2527 471 2583 “W
461 2562 472 2582 9
517 2519 545 2585 ὴ
581 2544 650 2574 TIS
685 2519 829 2575 Τόπος
864 2523 948 2584 Τῆς
985 2519 1328 2574 Karaffavffenis*
1364 2542 1488 2585 {LOU'
1478 2561 1490 2583 9
1535 2543 1560 2571 O
1595 2543 1792 2587 Ουρανθς
1821 2543 1902 2585 μοι

308 2610 335 2633 “
361 2602 541 2668 θρόνος,
582 2604 610 2668 ἡ
650 2602 699 2655 δὲ
738 2606 801 2669 γῆ
844 2603 1102 2655 ὑποπόδιον
1138 2607 1233 2654 τῶν
1267 2606 1427 2655 ποδῶν
1465 2602 1603 2667 μου.”
1666 2604 1770 2655 ε”στι
1808 2626 1903 2655 τοι-

306 2691 484 2751 γαροῦν
544 2685 621 2736 διὰ
676 2685 870 2737 πάντων
927 2687 1042 2753 ὁρᾶν
1100 2687 1448 2749 ἀμαθαίνοντας
1498 2686 1771 2748 Ἰουδαίους,
1826 2685 1901 2737 ὅτε
1922 2705 1970 2742 30

307 2768 508 2834 λέγουσι
546 2772 613 2838 τῷ
646 2771 833 2836 Σωτῆρι
865 2770 1066 2839 Χριστῷ
1098 2770 1189 2820 Ποῧ
1223 2770 1336 2821 ἐστιν
1364 2775 1382 2821 ὁ
1418 2770 1570 2839 Πατήρ
1607 2793 1713 2831 σου,
1762 2773 1801 2820 εἰ
1837 2769 1905 2834 μὴ

355 2908 387 2944 6.
414 2912 480 2954 γὰρ
498 2911 558 2945 alt.
575 2910 666 2944 inter
682 2921 794 2944 uncos
813 2910 956 2944 inclusit
974 2910 1068 2944 Aub.
1087 2915 1224 2955 praeter
1242 2911 1497 2945 necessitatem.
1607 2919 1636 2955 7.
1662 2910 1841 2956 ὀρθοτονὲς
1859 2909 1901 2944 B.

308 2956 519 2991 Emendavit
541 2957 658 2991 Holst.
779 2969 811 3002 9.
838 2958 891 2991 καὶ
912 2957 953 2991 Β.
975 2957 1038 2991 Ht.
1057 2959 1096 2991 τὸ
1114 2957 1209 2991 Aub.
1323 2968 1379 3000 24.
1406 2959 1499 3015 τόπῳ
1519 2957 1561 2991 Β.
1581 2959 1619 2992 τὸ
1636 2961 1708 2993 πῶς
1727 2957 1790 2992 Ht.
1808 2956 1902 2992 unde

306 3004 423 3039 τόποις
442 3010 481 3038 ut
498 3003 644 3039 adnotat
660 3004 735 3050 ipse
753 3004 951 3039 emendavit
970 3004 1064 3039 Aub.
1187 3003 1241 3038 26.
1268 3004 1414 3049 φησὶν’
1395 3005 1554 3040 ανοσίοις
1571 3005 1637 3040 hoc
1655 3004 1778 3040 ordine
1797 3004 1839 3039 Β.
