2084 3317
144 173 181 198 v.
205 172 268 202 22.
364 162 437 202 IN
480 163 1499 218 S.JOANNEM.LIB.11.CAP.V11.
1652 180 1734 219 333

142 268 323 334 ἀνάγκη
375 274 449 322 καὶ
500 275 586 341 οὐχ
632 276 822 330 ἑκόντας
868 280 1133 346 ὁμολογεῖν,
1176 284 1292 347 μηδὲ
1340 287 1564 354 ὑπάρχειν
1610 288 1732 342 ὅλως

141 349 373 403 δύνασθαι
399 358 494 405 τῶν
521 355 670 408 ὅντων
695 358 837 422 τινὰς,
865 365 901 411 εὶ
927 361 992 424 μὴ
1019 364 1262 430 φαίνοιντο
1290 371 1458 432 κριταὶ,
1488 392 1729 435 συγκατα-
1751 377 1778 417 d

140 431 304 497 λήγειν
329 457 378 485 τε
404 435 592 492 πάντως
619 440 774 494 αὐτοῖς
800 445 866 511 τῷ
899 441 1027 495 τέλει
1061 448 1145 510 τῆς
1180 449 1380 514 κρίσεως
1416 449 1501 514 τὴν
1528 452 1725 503 οὐσίαν·
1714 492 1727 515 ,

138 515 249 564 ἀλλ’
290 539 392 568 εστι
436 519 491 569 τὸ
536 522 684 576 οὕτως
729 528 849 574 νοεῖν
887 529 982 576 τῶν
1022 529 1358 582 ἀτοπωτάτων·
1417 532 1623 598 ἐνεργειά
1662 556 1731 587 τις

96 604 389 664 5τοιγαροῦν
427 599 481 651 τὸ
527 604 698 668 κρίνειν
742 606 860 669 ἐστὶ,
900 630 974 657 και
1018 609 1177 676 ἕτερον
1216 612 1361 665 οὐδεν.
1427 615 1476 665 τί
1517 615 1598 665 οὖν
1638 616 1731 680 ἀρα

138 675 316 731 ἀεάωκεν
362 687 380 733 ὁ
430 683 580 752 Πατηρ
625 692 686 756 τῷ
729 693 841 758 Υἱως
900 691 1229 757 πλεονέκτημα
1273 718 1359 757 μεν
1406 698 1467 750 ὡς
1510 697 1564 765 ἐξ
1614 698 1731 752 Ξδιας

137 759 329 858 φύσεως
367 763 564 827 οὐδεν,’
545 789 594 816 εν
627 788 682 831 γε
720 772 787 837 τῷ
827 793 895 828 την
931 778 1064 837 κρίσιν
1099 775 1350 844 ἐπιτρέψαι
1388 779 1546 829 πᾶσαν
1580 780 1725 849 αὐτῷ,

135 842 366 908 ἐνεργειαν
403 844 451 896 δε
491 851 685 910 μᾶλλον
721 849 808 913 τὴν
846 851 965 902 κατὰ
1009 858 1104 905 τῶν
1143 858 1443 921 κρινομεᾞνων
1504 865 1605 914 πῶς
1646 862 1728 912 οὖν

133 946 269 976 εσται
307 926 426 977 κατὰ
466 933 606 980 τοῦτο
643 930 885 996 μείζων,
862 939 891 996 ὴ
931 937 1393 1006 μεγαλοφυεστερος,
1432 963 1476 992 τι
1514 965 1721 1008 προστε-

66 1027 114 1052 10
132 1005 363 1069 θεικὼς,“
338 1031 454 1075 οπερ
491 1011 575 1061 οὐκ
609 1010 668 1075 ἧν
699 1014 748 1063 ἐν
774 1017 876 1083 Υιῶ
914 1019 980 1066 τῶ
1019 1017 1209 1084 λέγοντι
1246 1021 1525 1073 “Πάντα
1500 1047 1596 1075 οσα
1633 1024 1765 1093 ἐχειρ
1788 1026 1916 1111 Ξῗξΐῗὸ

149 1089 211 1139 ‘6
239 1089 458 1158 Πατὴρ’
435 1091 524 1155 εμά
549 1095 681 1145 ἐστι·
670 1135 682 1157 ,

206 1173 321 1226 Πῶς
359 1174 440 1224 οὖν
479 1175 570 1241 ἀρα
609 1176 663 1227 τὸ
703 1180 863 1230 δοῦναι
902 1203 1108 1245 νοητεον,
1140 1183 1279 1236 ἄκουε
1317 1186 1500 1240 λοιπόν.
1559 1211 1723 1256 ωσπερ

129 1275 251 1319 εχων
281 1253 336 1305 τὸ
375 1255 609 1309 δύνασθαι
648 1262 1001 1328 δημιουργεῖν
982 1287 1007 1314 ο
1042 1264 1165 1319 Θεὸς
1199 1289 1275 1318 και
1309 1268 1492 1368 Πατὴρ,
1520 1271 1575 1321 δι’
1604 1275 1724 1323 Υἱοῦ

128 1332 189 1384 τὰ
230 1334 387 1388 πάντα
427 1341 713 1406 δημιουργεῖ,
755 1345 816 1397 ὡς
857 1344 933 1395 διὰ
975 1347 1213 1411 δυνάμεως
1257 1373 1332 1401 και
1375 1352 1541 1419 ἰσχύος
1585 1355 1718 1408 ἰδίας·

62 1432 108 1471 15
129 1417 276 1472 οὕτως
306 1419 427 1486 ἐχων
451 1444 526 1473 και
556 1421 610 1474 τὸ
649 1423 882 1477 δύνασθαι
908 1429 1091 1494 κρίνειν,
1119 1431 1362 1498 ἐνεργήσει
1397 1457 1472 1485 και
1512 1433 1625 1486 αὐτο
1663 1437 1719 1488 δι’

127 1501 261 1558 Υὶοῦ,
290 1503 353 1554 ὡς
388 1502 465 1553 διὰ
499 1506 800 1571 δικαιοσύνης
835 1509 967 1563 ἰδιας.
1015 1534 1178 1579 ωσπερ
1204 1512 1261 1564 ἂν
1287 1518 1323 1565 εἰ
1349 1515 1537 1582 λεγοιτο
1565 1519 1639 1568 καὶ
1666 1518 1720 1574 τὸ

124 1585 220 1647 πῦρ
247 1586 304 1650 τῇ
329 1584 431 1653 ἐξ“
409 1592 575 1638 εαυτοῦ
608 1588 728 1639 κατὰ
761 1590 961 1658 φύσιν’
938 1594 1143 1663 ενεργειά
1178 1594 1232 1646 τὸ
1268 1600 1447 1650 καῦσαί
1478 1622 1522 1650 τι
1557 1624 1717 1668 παρα-

123 1669 305 1730 χωρεῖν,
332 1666 507 1732 ταύτην
542 1669 731 1737 ε’χοντος
770 1678 854 1723 τοῦ
891 1674 1172 1740 πράγματος
1210 1677 1296 1742 τὴν
1333 1681 1459 1731 ὁδόν
1503 1684 1625 1734 οὕτω
1663 1683 1719 1736 τό

125 1743 323 1799 Aahx&
363 1750 572 1811 ευσεβῶς
616 1753 958 1819 ἑρμηνεύοντες,
1001 1756 1088 1822 τὴν
1131 1765 1216 1810 τοῦ
1262 1762 1493 1824 διαβόλου
1539 1768 1719 1832 παγίδα

57 1849 107 1875 20
123 1828 482 1899 διαφευξόμεθα.
553 1857 592 1885 ει
643 1834 693 1886 δὲ
743 1837 1043 1901 επιμένουσιν
1093 1842 1293 1897 ἀναιδῶς
1344 1852 1758 1912 προστεθεῖσθαιὲι
1791 1863 1941 1898 226A

121 1909 267 1980 δόξαν
308 1914 436 1984 αὐτῶ
484 1915 615 1983 παρὰ
665 1924 749 1970 τοῦ
798 1920 991 1987 Πατρὸς
1042 1924 1464 1991 διαβεβαιούμενοι,
1510 1928 1586 1980 διὰ
1634 1936 1718 1982 τοῦ

119 1992 280 2058 κριτὴν
305 1996 651 2064 ἀναφαίνεσθαι
677 2003 761 2065 τῆς
787 2005 890 2067 γῆς,
916 2005 1294 2058 διδασκόντων
1268 2014 1404 2073 ημᾶς,
1431 2015 1533 2066 πῶς
1565 2010 1624 2064 ἂν
1650 2013 1716 2065 ε”τι

119 2080 271 2127 νοοῖτο
310 2080 393 2142 τῆς
437 2079 581 2149 δόξης
625 2082 812 2150 Κύριος,
851 2086 877 2136 ὁ
923 2109 1000 2137 και
1041 2089 1090 2139 ἐν
1127 2088 1350 2158 ἐσχάτοις
1392 2098 1570 2161 καιροῖς
1613 2100 1715 2151 ταῖς

116 2156 191 2209 επὶ
229 2159 380 2211 τούτω
419 2167 572 2225 τιμαῖς
611 2166 1010 2235 στεφανούμενος.

164 2338 196 2369 4.
222 2327 335 2363 τοίνυν
351 2344 400 2365 τις
417 2334 597 2376 τοιγαροῦν
616 2332 657 2368 Β.
839 2344 869 2381 7.
895 2351 935 2382 γε
955 2336 998 2371 Β.
1019 2338 1124 2375 Cord.
1142 2354 1178 2374 τε
1198 2340 1266 2377 Ed.
1331 2342 1546 2389 ἐπιστράψαι
1566 2344 1646 2389 (Sic)
1667 2346 1709 2381 B.

116 2372 205 2419 αὐτῷ
223 2376 338 2409 πᾶσαν
355 2376 494 2412 inverso
513 2379 636 2414 ordine
657 2380 697 2415 B.
714 2382 829 2416 πᾶσαν
846 2395 916 2418 om.
937 2383 1044 2420 Cord.
1239 2400 1271 2434 9.
1298 2405 1375 2424 εστι
1395 2390 1436 2424 Β.
1441 2403 1470 2424 a.
1490 2392 1587 2425 ἕσται
1607 2392 1711 2427 habet

116 2409 224 2454 Cord.
290 2422 339 2468 τι]
359 2424 462 2467 μηδέν
478 2440 509 2459 τι
527 2438 711 2462 a.12.
737 2430 993 2474 πῶς-νοητέον
1010 2444 1080 2467 om.
1102 2433 1143 2469 B.
1255 2446 1307 2478 15.
1334 2436 1473 2482 κρίνειν]
1493 2438 1710 2483 δημιουργεῖν

116 2467 170 2501 καὶ
187 2465 309 2512 κρίνειν
330 2470 370 2504 Β.
472 2472 524 2507 16.
551 2487 604 2507 και
621 2475 659 2508 τὸ
678 2483 900 2521 assumptum
919 2490 960 2512 ex
981 2478 1022 2512 Β.
1029 2480 1074 2515 D.
1186 2491 1238 2527 17.
1265 2484 1384 2518 ἑαυτοῦ
1403 2484 1446 2518 Β.
1452 2485 1497 2518 D.
1516 2485 1620 2519 αὐτοῦ
1640 2486 1708 2522 Ed.

117 2524 172 2548 22.
199 2518 332 2558 κρατεῖν
347 2516 584 2562 ἆναφανεσθαι
603 2521 684 2566 (Sic)
707 2522 746 2558 Β.
810 2523 978 2560 ἐπινοοῖτο
997 2538 1059 2571 pro
1077 2528 1125 2562 ἔτι
1144 2531 1253 2564 νοοῖτο
1274 2530 1316 2565 Β.
1449 2542 1505 2577 23.
1531 2533 1589 2576 τῆς
1606 2533 1709 2577 δόξης

115 2568 337 2607 assumptum
355 2576 397 2598 ex
417 2565 459 2599 B.
