2084 3317
119 148 206 189 viii.
230 163 292 193 12.
370 151 443 191 IN
485 151 528 192 S.
561 151 897 192 JOANNEM.
960 150 1085 190 LIB.
1110 150 1162 189 V.
1226 150 1359 190 CAP.
1393 149 1455 189 II.
1626 148 1703 188 711

120 306 253 347 Πάλιν
286 305 358 349 οῦν
394 309 604 351 ἐλάλΗσεν
643 306 787 350 αὐτοῖς
825 309 847 350 ὁ
879 307 1047 349 ἸΗσοῡε
1087 308 1224 354 λέΓων
1249 305 1367 354 ’El-d)
1404 303 1488 354 εἰμι
1525 304 1573 346 τὸ
1612 304 1707 359 φῶς
1729 309 1828 358 Κεφ.
1851 303 1900 356 η’.

772 395 846 432 τοῦ
888 392 1061 439 κόσμου.

183 494 377 565 ’Ὠσπερ
403 499 627 565 ἐλέγομεν
653 499 896 565 πρέποντα
922 504 1016 551 τοῖς
1043 499 1147 564 περὶ
1178 500 1261 561 τῆς
1296 498 1458 563 ἑορτῆς
1490 518 1701 562 γεγραμ-
1770 495 1896 577 ῗὲξῑξᾳ.

117 577 269 642 μένοις
312 584 599 645 πεποιῆσθαι
648 605 731 632 τον
776 580 924 646 λόγον
965 604 1047 631 τον
1089 579 1295 644 Ἰησοῦν,
1338 578 1413 629 ότε
1461 577 1579 629 κατὰ
1624 576 1708 640 τὴν

76 673 98 712 5
119 660 328 728 ἐσχάτην
353 662 529 730 ἡμεραν
555 661 767 763 εἱστήκει
785 667 913 723 βοῶν
941 670 966 691 “
989 662 1052 713 Εἴ
1081 685 1150 716 τις
1181 663 1319 730 διψᾶ,
1347 659 1560 727 ἐρχεσθω
1590 657 1709 724 πρός
1727 673 1750 712 d
1772 656 1880 705 qura

1770 700 1824 730 vii
1844 708 1895 739 37.

1771 743 1850 773 Lev.

120 748 229 805 “με
278 746 355 794 καὶ
405 744 624 808 πινετω,”
665 746 852 811 επείπερ
905 742 1157 812 χειμάῤῥου
1207 742 1262 794 τὸ
1316 741 1564 795 Μωυσέως
1612 745 1703 792 διε·
1770 786 1851 817 xxiii
1880 796 1921 825 40

117 824 327 889 με’μνητο
364 825 546 892 λόγιον·
596 828 718 878 οὕτω
757 829 832 877 καὶ
872 831 954 877 νῦν
993 824 1351 891 ἐπικαιροτάτην
1389 827 1585 875 ποιεῖται
1623 822 1709 887 τὴν

117 906 361 975 ἐξήγησιν,
402 911 477 959 καὶ
527 913 586 976 τῇ
628 913 722 959 τῶν
767 907 1063 975 πραγμάτων
1108 907 1253 976 φύσει
1301 905 1704 974 χρεωστουμένην.

117 989 274 1054 ἐπειδὴ
313 990 406 1056 γὰρ
445 991 857 1059 συναφραίνοντας
897 995 992 1043 τοῖς
1031 989 1195 1056 ὄχλοις
1232 990 1393 1039 ἐθεᾶτο
1434 986 1540 1041 τοὺς
1583 990 1710 1038 διδα-

49 1098 97 1123 10
117 1070 342 1134 σκάλους,
374 1074 450 1123 καὶ
488 1071 595 1126 τοῦς
630 1077 870 1138 γελῶντας
905 1077 1000 1125 τοῖς
1035 1071 1320 1136 γελωμένοις
1357 1076 1615 1122 νοσοῦντας
1650 1068 1709 1120 τὰ

117 1153 450 1220 παραπλήσια,
480 1158 566 1223 μιᾷ
605 1153 652 1205 δὲ
692 1153 856 1220 ὥσπερ
895 1157 1023 1204 νυκτὶ
1065 1156 1123 1221 τῇ
1161 1155 1245 1216 τῆς
1283 1153 1487 1215 ἀμαθίας
1525 1157 1710 1213 βεβαπ-

117 1234 378 1298 τισμένους,
405 1239 480 1287 καὶ
514 1236 764 1303 ζητοῦντας
801 1234 886 1297 μὲν
911 1237 1156 1303 ἐπιχειρεῖν
1181 1234 1235 1285 τὸ
1262 1235 1332 1286 ἐπ’
1362 1235 1486 1303 αὐτῷ
1518 1232 1707 1298 μυστή-

117 1341 231 1384 ριον,
270 1319 571 1384 εὑρίσκοντας
610 1317 659 1369 δὲ
697 1317 751 1369 τὸ
789 1316 1017 1384 παράπαν
1053 1317 1199 1380 οὐδὲν,
1234 1316 1319 1381 τὴν
1358 1317 1509 1367 αἰτίαν
1547 1315 1709 1380 ὥσπερ

116 1402 200 1464 τῆς
225 1400 422 1464 ἐνούσης
447 1402 603 1454 αὐτοῖς
629 1400 885 1453 ἀσυνεσίας
919 1403 981 1453 εἰς
1015 1398 1163 1463 μέσον
1191 1398 1293 1464 ἄγει
1318 1403 1447 1459 βοῶν
1473 1398 1596 1464 Ἐγώ
1621 1403 1707 1465 εἰμι
1728 1421 1750 1447 e

52 1498 98 1536 15
119 1481 164 1534 τὶ
211 1481 311 1551 φῶς
354 1484 426 1534 τοῦ
472 1483 651 1550 κόσμου.
725 1481 801 1532 διὰ
851 1480 1026 1546 πάσης,
1071 1483 1207 1551 φησὶ,
1255 1483 1337 1545 τῆς
1383 1481 1519 1546 ἁγίας
1567 1478 1711 1533 ἰόντες

119 1567 323 1633 γραφῆς,
350 1567 425 1615 καὶ
451 1564 510 1615 τὰ
535 1566 602 1616 ἐπ’
631 1566 731 1629 ἐμοὶ
759 1563 834 1615 διὰ
861 1569 954 1615 τῶν
979 1568 1241 1632 προφητῶν
1268 1561 1483 1629 εἰρημένα
1509 1562 1714 1623 βασανί-

119 1646 210 1712 ζειν
244 1646 456 1710 οἰόμενοι,
492 1645 620 1698 πολὺ
655 1649 738 1710 τῆς
773 1647 883 1697 ὁδοῦ
920 1649 1004 1711 τῆς
1042 1646 1159 1713 ζωῆς
1199 1644 1585 1713 διασφάλλεσθε.
1639 1645 1714 1694 καὶ

120 1727 400 1791 θαυμαστὸν
444 1728 592 1779 οὐδέν·
650 1729 703 1779 οῦ
747 1728 841 1795 γάρ
881 1730 1014 1779 ἐστιν
1058 1731 1105 1779 ἐν
1146 1729 1254 1791 ὑμῖν
1296 1728 1320 1777 ὁ
1361 1725 1715 1778 ἀποκαλύπτων

119 1810 372 1876 μυστήρια,
414 1812 491 1861 καὶ
530 1810 687 1862 πάντα
732 1811 1071 1879 καταφωτίζων
1116 1809 1200 1861 τὸν
1245 1808 1443 1873 κόσμον,
1483 1806 1620 1872 ἡλίου
1664 1830 1713 1858 τε

49 1913 100 1938 20
120 1893 252 1956 δίκην
290 1896 352 1946 εἰς
391 1891 475 1946 τὰς
519 1897 614 1943 τῶν
653 1895 916 1960 δεχομένων
955 1891 1097 1943 αὐτὸν
1136 1890 1465 1954 καταλάμπων
1503 1889 1709 1956 καρδίας.

118 1974 202 2026 τὸν
229 1975 277 2025 δὲ
303 1975 385 2026 οὐκ
413 1975 582 2042 ἔχοντα
609 1979 711 2042 φῶς
738 1977 786 2026 ἐν
812 1977 960 2044 ἑαυτῷ
986 1973 1041 2025 τό
1076 1978 1199 2026 θεῖον
1226 1975 1301 2024 καὶ
1335 1972 1502 2037 νοητὸν
1530 1972 1713 2036 ἀνάγκη

119 2056 176 2121 δὴ
219 2055 408 2111 πάντως
458 2058 507 2107 ἐν
549 2055 709 2126 σκότῳ
753 2061 1036 2124 περιπατεῖν,
1079 2058 1154 2107 καὶ
1202 2059 1406 2109 πολλοῖς
1451 2052 1527 2105 διὰ
1573 2058 1712 2104 τοῦτο

118 2139 405 2205 περιπταίειν
428 2143 525 2193 τοῖς
551 2137 868 2203 ἀτοπήμασιν.
925 2139 996 2190 ὅτι
1029 2137 1077 2190 δὲ
1116 2142 1218 2206 φῶς
1255 2136 1373 2189 κατὰ
1406 2136 1556 2207 φύσιν
1581 2137 1750 2186 ἐστὶνᾶ
1777 2146 1865 2180 485
1879 2144 1933 2180 A·

120 2221 145 2270 ὁ
172 2219 463 2285 Μονογενὴς,
491 2223 553 2273 ὡς
585 2222 634 2270 ἐκ
670 2220 829 2290 φωτὸς
862 2227 945 2272 τοῦ
978 2219 1099 2272 κατὰ
1132 2220 1282 2288 φύσιν
1308 2217 1602 2286 ἀναλάμψας
1628 2222 1711 2268 τοῦ

49 2312 99 2351 25
121 2305 246 2353 Θεοῦ
282 2304 358 2353 καὶ
395 2302 601 2368 Πατρὸς,
627 2302 702 2353 διὰ
740 2308 933 2370 μακρῶν
968 2304 1078 2367 ἡμῖν
1112 2302 1335 2354 δέδεικται
1375 2299 1537 2366 λόγων
1566 2301 1616 2350 ἐν
1645 2303 1712 2368 τῷ

118 2383 292 2453 πρώτῳ
317 2384 508 2454 βιβλίῳ,
535 2386 678 2451 ῥητοῦ
704 2385 1010 2452 προτεθέντος
1031 2382 1132 2435 ςΗν
1158 2382 1212 2435 τὸ
1240 2387 1343 2452 φῶς
1369 2382 1423 2433 τὸ
1451 2382 1690 2447 ἀληθινόν.

192 2465 451 2532 Ἀθρητέον
478 2465 525 2517 δὲ
550 2465 698 2518 πάλιν
727 2466 798 2518 ὅτι
826 2467 921 2536 φῶς
951 2465 1116 2518 ἑαυτὸν
1144 2464 1264 2516 εἶναι’
1291 2471 1443 2534 φησιν
1469 2465 1553 2515 οὐκ
1587 2464 1713 2517 ἰδίως

1773 2381 1880 2421 Supra

1772 2435 1805 2464 p.
1823 2423 1874 2464 64.

117 2547 148 2613 ἢ
175 2546 516 2617 ἀφωρισμένως
542 2552 636 2599 τῶν
662 2549 718 2618 ἐξ
749 2549 968 2616 Ἰσραὴλ,
996 2548 1107 2598 ἀλλ’
1137 2548 1254 2598 ὅλου
1288 2549 1362 2599 τοῦ
1400 2549 1582 2615 κόσμου.
1636 2548 1712 2596 καὶ

117 2636 316 2697 πρᾶγμα
358 2629 444 2693 μὲν
488 2629 564 2681 διὰ
607 2631 776 2682 τούτου
817 2633 970 2701 φησὶν
1011 2629 1359 2694 ἀληθέστατον·
1430 2627 1573 2679 αὐτὸν
1616 2627 1711 2694 γὰρ

169 2782 199 2806 1.
225 2770 337 2806 αὐτοῖς
355 2772 373 2804 ὁ
390 2769 525 2827 Ἰησοῦς
542 2769 609 2804 hoc
627 2769 750 2804 ordine
769 2770 811 2804 B.
834 2770 880 2816 [a.
885 2769 899 2815 ]
1139 2779 1172 2813 3.
1199 2769 1365 2813 ὥσπερ-
1365 2766 1558 2812 Ἰησοῦν]”
1537 2781 1655 2811 ωσπερ
1673 2767 1710 2801 δέ

119 2817 319 2863 ε’λεγομειι“7
301 2832 351 2851 οτι
368 2817 767 2862 πρέποντα-πεποίηται
784 2818 842 2851 τὸν
859 2819 964 2863 λόγον
982 2817 999 2850 ὁ
1016 2814 1151 2859 Ἰησοῦς
1167 2827 1197 2849 a.
1301 2825 1333 2860 7.
1359 2815 1615 2858 ἐπικαιροτάτην
1634 2814 1675 2848 Β.
1680 2826 1712 2849 a.

122 2865 200 2899 Cat.
221 2865 321 2899 Harl.
339 2864 393 2898 ἐπὶ
411 2879 514 2910 καιρῳ
533 2863 656 2906 ταύτην
675 2864 792 2898 Holst.
812 2863 878 2897 Ed.
1029 2873 1082 2896 12.
1108 2864 1217 2905 ζητεῖν
1234 2862 1294 2903 μὲν
1311 2862 1565 2907 ἐπιχειροῦντας
1581 2872 1611 2894 a.
1632 2860 1709 2895 Cat.

123 2911 224 2946 Harl.
347 2920 400 2956 17.
424 2899 532 2955 πολὺ]
552 2911 635 2944 κατὰ
652 2911 741 2945 πολὺ
758 2923 788 2945 a.
912 2921 965 2954 19.
992 2923 1028 2943 τε
1046 2915 1269 2954 assumptum
1288 2920 1329 2942 ex
1349 2908 1390 2942 Β.
1395 2920 1425 2942 a.
1550 2918 1605 2941 20.
1631 2907 1710 2941 ἀνα·-

122 2958 266 3002 λάμπων
283 2969 313 2992 a.
412 2969 466 2991 22.
493 2958 532 3001 δὴ
552 2970 582 2991 a.
600 2957 651 2991 δεῖ
670 2957 712 2991 Β.
731 2957 801 2991 δεῖν
821 2957 884 2991 Ht.
904 2955 970 2990 Ed.
1038 2957 1151 2989 σκότει
1170 2955 1264 2989 Aub.
1363 2955 1418 2989 28.
1444 2953 1480 3000 ἢ]
1501 2954 1578 2988 οὐδὲ
1596 2965 1627 2988 a.
