2021 3296
108 174 191 214 i.1.
349 173 424 214 IN
465 173 507 213 S.
541 171 876 213 JOANNEM.
941 171 1064 211 LIB.
1099 172 1133 212 Ι.
1197 172 1328 213 CAP.
1364 172 1449 213 ΙΙΙ,
1636 175 1690 213 423

108 284 458 346 συλλογισμῶν
482 279 600 346 πρὸς
626 279 811 344 ἀπάτην
836 283 930 330 τῶν
950 279 1284 346 ἀκεραιοτέρων
1305 281 1381 330 καὶ
1407 278 1691 345 ἀνατροπὴν,
1709 300 1730 324 a
1786 292 1842 325 28
1859 292 1911 325 A.

106 359 304 428 πότερόν
334 384 449 412 ποτε
487 361 707 427 κρείττων
738 362 869 412 ἐστὶν
905 362 930 411 ὁ
968 359 1138 427 Πατὴρ
1176 366 1258 412 τοῦ
1285 363 1415 423 Υὶοῦ,
1447 359 1501 410 τὸ
1539 359 1693 426 μεῖζον

108 445 171 496 ὡς
204 441 324 509 πρὸς
358 441 501 493 αὐτὸν
526 442 658 510 ἔχων,
686 442 811 510 ε’ίπερ
843 441 1054 493 ἐλάττων
1079 443 1195 505 ἐστὶ,
1222 441 1377 495 καθὼς
1410 443 1568 492 ἐκεῖνοι
1607 448 1693 505 λη-

106 524 295 590 ροῦντές
320 528 485 593 φασιν,
512 522 541 588 ἢ
568 524 676 592 οὐχί
689 545 702 587 3
746 525 855 575 ἀλλ’
885 522 1010 587 οἶμαι
1038 523 1094 588 δὴ
1124 523 1328 586 πάντως,
1355 522 1426 573 ὅτι
1454 523 1694 588 Κρείττων

65 622 87 660 5
107 607 308 672 ἐροῦσιν.
363 605 392 670 ἢ
428 605 704 671 λεγέτωσαν
734 607 784 657 τί
813 607 868 656 τὸ
897 603 1135 671 περισσὸν
1170 607 1219 656 ἐν
1252 608 1318 674 τῷ
1353 607 1609 668 κεκτῆσθαι
1641 604 1695 654 τὸ

106 686 261 753 μεῖζον
286 688 311 737 ὁ
340 686 510 753 Πατὴρ
535 687 656 754 ε”χων
683 691 911 755 φανεῖται,
938 691 976 738 εἰ
1000 685 1065 750 μὴ
1092 687 1314 753 κρείττων
1339 686 1500 748 ἐστίν;
1544 689 1580 736 εἰ
1612 685 1696 748 μὲν

107 767 201 835 γὰρ
227 767 351 823 ὅλως
378 767 524 832 οὐδὲν,
551 768 747 820 λέλυται
772 767 943 820 λοιπὸν
968 769 1056 833 ἤδη
1082 773 1180 819 πᾶν
1205 766 1259 819 τὸ
1292 769 1364 837 ἐφ’
1393 770 1511 818 Υἱοῦ
1545 789 1692 830 κατη-

105 849 309 916 γόρημα·
371 853 409 900 εὶ
454 849 502 901 δὲ
545 849 673 902 πολύ
716 873 760 901 τι
804 848 858 901 τὸ
904 848 1133 919 διάφορόν
1179 850 1296 912 ἐστι,
1336 848 1558 915 κρείττων
1605 846 1697 913 ἄρα

107 930 289 993 λοιπὸν,
329 933 391 985 ὡς
435 929 555 998 ἔχων
598 932 652 982 τὸ
695 931 863 998 μεῖζον.
931 930 1366 997 ἀπολογείσθωσαν
1408 929 1577 991 τοίνυν,
1621 929 1697 978 καὶ

0 1036 1 1041 ’
40 1035 88 1060 10
107 1012 465 1064 διδασκέτωσαν
496 1014 630 1077 ἡμᾶς,
658 1012 786 1079 εἴπερ
822 1015 942 1064 εἰσὶν
974 1013 1119 1066 ὅντως
1154 1014 1317 1080 σοφοὶ,
1344 1016 1428 1062 τοῦ
1467 1009 1524 1074 δὴ
1560 1009 1741 1076 χάρινῐ)

106 1092 342 1159 γεννήσας
383 1093 466 1145 τὸν
498 1093 616 1146 Υἱὸν
655 1096 680 1145 ὁ
721 1094 906 1161 Πατὴρ,
946 1095 1028 1145 οὐκ
1066 1094 1175 1144 ἴσον
1213 1096 1363 1161 ἑαυτῷ
1401 1090 1695 1157 γεγέννηκεν,

107 1176 218 1226 ἀλλ’
247 1175 491 1228 ἐλάττονα.
543 1180 580 1227 εἰ
610 1176 695 1241 μὲν
719 1176 814 1243 γὰρ
842 1176 1057 1246 φαίνοιτο
1090 1179 1299 1242 κρεῖττον
1325 1173 1379 1224 τὸ
1415 1172 1524 1223 ἰ’σον
1550 1174 1699 1241 ἑαυτῷ

108 1255 229 1308 κατὰ
254 1255 410 1309 πάντα
435 1261 662 1324 γεννῆσαι
688 1256 771 1309 τὸν
796 1256 932 1321 Υἱὸν,
960 1257 1029 1311 τίς
1055 1258 1080 1308 ὁ
1107 1255 1332 1310 κωλύσας
1358 1259 1497 1307 τοῦτο
1522 1258 1694 1316 ποιεΐν;

108 1341 146 1388 εὶ
180 1337 264 1402 μὲν
290 1337 383 1406 γάρ
419 1363 463 1391 τι
498 1338 552 1391 τὸ
587 1340 814 1390 κωλύσαν
841 1341 904 1393 ὡς
942 1338 995 1407 ἐξ
1033 1337 1240 1403 ἀνάγκης
1277 1338 1423 1395 ἐστὶν,
1452 1334 1695 1401 ὁμολογή-

0 1484 1 1493 ¹
41 1433 88 1472 15
110 1442 255 1471 σουσι
280 1422 356 1471 καὶ
381 1422 468 1488 οὐχ
495 1420 676 1475 ἑκόντες
707 1420 826 1472 εἶναι’
856 1443 901 1471 τι
938 1419 992 1471 τὸ
1028 1419 1181 1486 μεῖζον
1207 1425 1290 1470 τοῦ
1319 1417 1529 1484 Πατρός.
1586 1420 1623 1466 εἰ
1650 1415 1700 1467 δὲ

109 1499 163 1552 τὸ
197 1501 384 1553 κωλύον
416 1501 475 1566 ἧν
507 1502 630 1557 ὅλως
669 1502 815 1565 οὐδὲν,
844 1501 964 1569 ἔχων
997 1501 1046 1552 δὲ
1078 1500 1164 1565 τὴν
1190 1500 1424 1569 ἐξουσίαν,
1452 1499 1528 1549 καὶ
1555 1496 1700 1560 εἰδὼς,
1758 1547 1762 1551 .

109 1581 181 1633 ὅτι
221 1581 422 1634 κάλλιόν
460 1585 563 1634 ἐστι
601 1587 828 1649 γεννῆσαι
863 1582 945 1634 τὸν
978 1581 1136 1633 Υἱὸν’
1129 1581 1248 1644 ι’σον,
1281 1579 1575 1643 βεβούληται
1616 1577 1698 1630 τὸν

109 1664 359 1727 ἐλάττονα,
395 1664 572 1733 φθόνος
614 1665 706 1732 ἄρα
750 1688 855 1732 περι
902 1664 1045 1716 αὐτὸν
1083 1665 1157 1715 καὶ
1195 1661 1436 1724 βασκανία
1473 1683 1698 1726 γενομενη
1717 1686 1740 1713 ο

111 1746 448 1814 φαίνεται·οὐ
485 1770 580 1813 γαρ
618 1747 854 1812 ἠθέλησεν
885 1748 1139 1798 ἀποδοῦναι
1171 1743 1226 1795 τὸ
1260 1744 1370 1795 ἰ’σον
1399 1746 1466 1812 τῶ
1497 1744 1615 1792 Υὶῶ.
1669 1739 1699 1804 ἢ

41 1851 91 1876 20
110 1827 266 1878 τοίνυν
296 1827 578 1892 ἀδυνατήσει
615 1851 721 1895 περι
759 1827 845 1892 τὴν
875 1827 1096 1894 γέννησιν
1123 1827 1148 1877 ὁ
1180 1823 1413 1892 Πατὴρ,
1390 1848 1419 1889 η
1458 1823 1704 1885 βάσκανος

111 1908 246 1960 ἔσται
280 1909 399 1960 κατὰ
433 1909 487 1961 τὸ
521 1911 572 1960 ἐκ
608 1914 703 1961 τῶν
729 1912 1081 1974 συλλογισμῶν
1106 1905 1433 1973 συναγόμενον
1459 1904 1698 1971 θεώρημα,

111 1989 168 2040 ἂν
206 1990 291 2059 ε”χῃ
328 1991 383 2042 τὸ
421 1990 621 2043 ἐ’λαττον
653 1993 677 2042 ὁ
709 1990 823 2044 Υἱὸς
862 1989 982 2041 κατὰ
1019 1989 1101 2041 τὸν
1134 1989 1318 2040 ἐκείνων
1354 1987 1517 2053 λόγον.
1571 1986 1702 2037 ἀλλὰ

112 2077 251 2123 τοῦτο
277 2071 469 2125 ὂίτοπον·
510 2073 607 2125 ἄνω
632 2073 725 2139 γὰρ
751 2072 930 2126 πάθους
955 2070 1132 2125 παντὸς
1166 2071 1194 2134 ἡ
1230 2070 1330 2121 θεία
1361 2071 1437 2120 καὶ
1471 2067 1701 2134 ἀκήρατος

114 2153 274 2222 φύσις.
325 2155 491 2206 οὐκοῦν
518 2156 601 2206 οὐκ
626 2154 836 2205 ἐλάττων
863 2155 888 2205 ὁ
914 2153 1042 2216 Υἱὸς,
1062 2152 1138 2203 ἵνα
1162 2151 1226 2216 μὴ
1253 2150 1307 2203 τὸ
1333 2151 1443 2202 ’ίσον
1468 2149 1701 2217 ἀπολέσῃ,

44 2253 93 2292 25
114 2236 212 2285 κατ’
241 2235 404 2286 οὐδένα
442 2235 619 2302 τρόπον
652 2234 974 2300 ἀτονήσαντος
1012 2239 1096 2285 τοῦ
1131 2232 1323 2300 Πατρὸς
1359 2234 1464 2299 περὶ
1502 2229 1556 2282 τὸ
1594 2230 1702 2280 ’ίσον

113 2317 278 2367 ἑαυτοῦ
304 2319 531 2382 γεννῆσαι
554 2316 637 2368 τὸν
663 2317 720 2385 ἐξ
742 2317 897 2380 αὐτοῦ,
923 2315 1040 2380 μήτε
1065 2314 1159 2380 μὴν
1184 2317 1234 2366 ἐκ
1259 2313 1524 2377 βασκανίας
1552 2334 1696 2363 κεκω-
1720 2319 1747 2359 (1

111 2396 315 2461 λυμένου
339 2396 395 2449 τὸ
420 2399 646 2462 ἐθελῆσαι
670 2398 724 2449 τὸ
749 2397 954 2462 ἄμεινον.

188 2500 320 2529 ΑΛΛο.
365 2478 519 2533 Αὐτός
556 2502 649 2530 που
688 2481 840 2548 φησὶν
872 2480 897 2529 ὁ
933 2476 1117 2544 Σωτὴρ,
1152 2479 1214 2530 ὡς
1254 2475 1321 2540 ε’ίη
1356 2473 1441 2539 μὲν
1478 2471 1615 2525 αὐτὸς
1653 2472 1701 2522 ἐν
1764 2484 1905 2560 11S1frax.

116 2563 286 2628 Πατρῖ,
313 2562 389 2612 καὶ
427 2561 452 2611 ὁ
489 2559 660 2626 Πατὴρ
699 2559 748 2611 δὲ
787 2559 958 2624 ὁμοίως
995 2560 1044 2610 ἐν
1078 2559 1220 2627 αὐτῷ.
1272 2557 1383 2607 ἀλλ’
1420 2554 1524 2605 ἔστι
1560 2552 1707 2604 παντί
1764 2538 1816 2569 3-

47 2669 96 2704 30
114 2664 207 2694 που
233 2645 395 2707 δῆλον,
422 2644 484 2696 ὡς
510 2642 563 2692 οὐ
589 2640 820 2708 προσήκει
847 2646 982 2700 νοεῖν,
1011 2639 1222 2705 καθάπερ
1248 2641 1392 2701 σῶμα
1421 2637 1469 2687 ἐν
1495 2633 1701 2698 σώματι,

164 2829 198 2863 5.
223 2819 243 2864 ἢ
261 2819 458 2866 λεγέτωσαν
475 2819 518 2854 Β.
536 2819 733 2865 λεγέτωσαν
748 2819 861 2853 τοίνυν
879 2818 946 2853 Ed.
1012 2818 1051 2852 τὸ
1070 2817 1165 2862 prius
1183 2820 1405 2860 assumptum
1422 2825 1464 2849 ex
1482 2813 1525 2848 Β.
1591 2814 1705 2857 κεκτῆ-

118 2867 200 2902 σθαι
219 2867 262 2900 Β.
267 2835 325 2900 Πεγ
318 2867 360 2901 Ε.
377 2866 563 2910 κεκλῆσθαι
581 2865 649 2900 Ed.
801 2874 854 2911 17.
879 2866 959 2899 Υιὸν
976 2869 1200 2907 assumptum
1217 2873 1259 2896 ex
1277 2861 1320 2896 B.
1475 2860 1530 2894 18.
1556 2858 1703 2904 φθόνος]

120 2913 348 2995 ἇῖζιὶιὲἒάὼ
499 2923 555 2947 21.
579 2914 758 2957 λογισμῶν
776 2911 819 2946 Β.
1011 2919 1063 2955 27.
1091 2910 1233 2953 θελῆσαι
1252 2907 1295 2942 Β.
1496 2906 1552 2940 28.
1578 2903 1703 2950 Αὐτός]

876 3023 949 3053 G2
