2084 3317
115 138 156 179 ii.
180 153 243 191 14.
372 140 446 180 IN
488 139 530 179 S.
564 137 898 179 JOANNEM.
962 137 1084 177 LIB.
1118 137 1179 178 Π.
1241 137 1375 178 CAP.
1410 137 1444 177 Ι.
1619 139 1700 178 207

114 246 275 297 λονότι
308 249 384 298 καὶ
418 246 539 297 κατὰ
571 245 715 307 μόνον
745 244 799 296 τὸ
835 247 884 296 ἐν
915 244 1110 309 θελήσει
1145 250 1229 296 τοῦ
1264 245 1468 310 Πατρός,
1503 244 1612 295 ὅτου
1648 245 1704 308 δὴ

112 327 250 395 χάριν
275 327 329 379 τὸ
355 327 510 380 κοινὸν
537 327 688 393 δήπου
715 351 789 378 και
815 332 938 378 πᾶσι
973 327 1278 392 προκείμενον
1305 326 1536 393 καύχημα,
1563 325 1705 390 μόνος
1724 350 1744 376 c

113 413 173 463 εἷς
200 409 363 461 ἑαυτου
390 409 584 476 ἀρπαζει
611 409 765 475 λεγων
793 407 867 468 Μν]
901 432 1044 459 votet?
1049 433 1066 459 ε
1093 433 1159 460 τον
1189 417 1299 459 οἰκον
1325 410 1394 458 τοῦ
1423 408 1595 476 Πατρος
1621 433 1706 475 μου
1767 421 1856 494 {ilde

112 515 187 542 και
213 493 315 560 οὐχὶ
341 496 532 556 μᾶλλον
562 514 644 542 τον
672 489 799 541 οἷκον
825 514 908 541 του
938 489 1129 556 Πατρός
1158 491 1319 554 ἡμῶν’
1308 530 1320 551 ,
1364 495 1503 540 τοῦτο
1529 489 1623 556 γὰρ
1650 488 1707 552 ἦν
1768 474 1928 547 ωῃῗὲξᾷ.

69 594 91 632 5
113 573 228 627 ἰ’σως
266 572 640 640 ἀκολουθότερον
674 577 833 635 εἰπεῖν,
860 572 988 639 ε’ίπερ
1028 573 1108 622 ἕνα
1147 577 1242 622 τῶν
1279 573 1362 622 οὐκ
1401 570 1551 622 ὅντων
1589 570 1708 622 κατὰ

113 654 264 723 φύσιν
296 659 406 706 υἱῶν
442 657 517 706 καὶ
555 653 720 706 ἑαυτὸν
754 654 1060 723 ἐξηπίστατο.
1127 653 1282 718 ἐπειδὴ
1322 653 1371 704 δὲ
1410 654 1493 704 οὐκ
1531 656 1579 704 ἐν
1613 658 1708 706 τοῖς

112 736 232 787 κατὰ
270 737 407 805 χάριν
446 741 570 799 υἱοῖς,
609 736 720 787 ἀλλ’
761 737 811 787 ἐκ
849 739 933 800 τῆς
977 737 1141 790 οὐσίας
1182 735 1296 787 ὄντα
1339 742 1422 787 τοῦ
1462 740 1586 787 Θεοῦ
1632 737 1707 786 καὶ

114 818 305 885 Πατρὸς
349 818 513 870 ἑαυτὸν
558 820 583 869 ὁ
627 816 784 882 Λόγος
829 817 942 868 ὄντα
988 817 1222 883 γινώσκει,
1267 817 1358 886 ἔξω
1403 822 1497 869 τῶν
1541 818 1707 868 ἄλλων

112 902 313 965 τίθησιν,
352 901 467 952 ἴδιον
509 900 700 967 Πατέρα
739 904 901 950 καλῶν
939 899 1022 950 τὸν
1061 898 1201 950 Θεόν.
1257 899 1457 965 ἁρμόσει
1495 899 1580 963 μὲν
1611 899 1704 965 γὰρ

44 1009 92 1033 10
112 988 208 1037 τοῖς
233 988 295 1037 εἷς
325 981 515 1047 υἱότητα
552 982 854 1046 κεκλημένοις
893 984 968 1032 καὶ
1004 980 1206 1033 ἐπακτὸν
1232 981 1396 1049 ἔχουσι
1430 981 1484 1032 τὸ
1520 982 1706 1050 ἀξίωμα

112 1064 507 1133 προσευχομένοις
543 1065 754 1125 ἀναβοᾶν
781 1070 808 1092 “
831 1062 992 1130 Πάτερ
1029 1064 1162 1127 ἡμῶν
1190 1064 1214 1114 ὁ
1248 1065 1295 1113 ἐν
1321 1068 1416 1117 τοῖς
1450 1062 1705 1130 οὐρανοῖς·”
1726 1059 1752 1100 d
1769 1061 1928 1147 {³3¹⁵OE

112 1146 173 1201 εἷς
200 1146 249 1197 δὲ
276 1148 352 1198 καὶ
377 1144 521 1209 μόνος
546 1146 602 1215 ἐξ
625 1144 725 1200 ἑνὸς
753 1144 978 1212 ὑπάρχων
1006 1146 1030 1196 ό
1061 1144 1352 1210 Μονογενὴς,
1379 1145 1496 1196 ἰ’διον
1522 1144 1708 1199 εἰκότως

112 1229 403 1281 ἁποκαλέσει
428 1227 608 1294 πατέρα
634 1227 716 1278 τὸν
744 1227 885 1278 Θεόν.

187 1315 246 1362 Εἰ
284 1309 333 1360 δὲ
368 1313 441 1361 δεῖ
468 1315 563 1364 τοῖς
593 1309 913 1376 προκειμένοις
939 1308 1364 1376 προσβάλλοντας,
1392 1310 1709 1376 λογικώτερον

48 1409 92 1447 ¹5
113 1391 386 1462 ἐφαρμόσαι
427 1397 522 1446 τοῖς
562 1392 778 1458 ἀνωτέρω
817 1393 893 1443 καὶ
935 1397 1097 1453 ταῦτα,
1138 1392 1397 1458 θεωρητέον
1441 1391 1606 1458 ἑτέρως
1654 1391 1708 1442 τὸ

113 1474 422 1542 ἀνάγνωσμα.

132 1653 207 1694 Καὶ
245 1652 365 1710 εὗρεν
403 1654 448 1696 ἐν
487 1658 548 1708 τῷ
583 1652 685 1710 ἱερῷ
721 1652 820 1694 τοὺς
858 1656 1114 1693 Πωλούνταε
1152 1651 1203 1693 τὰ
1242 1652 1437 1708 Πρόβατα
1477 1651 1546 1692 καὶ
1583 1651 1682 1692 τοὺς
1733 1677 1880 1714 14sqq.

676 1737 790 1788 βόας,
830 1736 898 1777 καὶ
936 1736 986 1777 τὰ
1025 1737 1141 1778 {effic

1728 1800 1749 1826 e

188 1850 290 1901 Θέα
325 1850 381 1915 δὴ
416 1850 564 1902 πάλιν
596 1850 711 1901 ὅλον
742 1853 826 1914 τῆς
863 1851 969 1901 καθ’
1001 1850 1120 1914 ἡμᾶς
1156 1849 1419 1912 οἰκονομίας
1455 1848 1508 1899 τὸ
1543 1851 1711 1916 σχῆμα

47 1957 95 1982 20
113 1931 189 1983 διὰ
224 1933 306 1984 δύο
340 1932 635 1999 πραγμάτων
661 1932 1011 2002 ἐξυφασμένον.
1071 1932 1355 1985 Καναναίοις
1386 1930 1472 1995 μὲν
1496 1929 1591 1997 γὰρ
1617 1935 1713 1984 τοῖς

113 2014 234 2066 κατὰ
258 2015 343 2080 τὴν
370 2014 650 2078 Γαλιλαίαν,
679 2017 818 2085 φημὶ,
846 2016 920 2066 καὶ
948 2019 1255 2066 συνεστιᾶται
1282 2016 1357 2065 καὶ
1384 2013 1711 2080 συναυλίζεται

113 2096 339 2164 Χριστὸς,
368 2099 442 2148 καὶ
469 2096 814 2164 ὁμοτραπέζους
847 2099 1045 2148 ἐποιεῖτο
1080 2094 1188 2150 τοὺς
1223 2095 1510 2160 κεκληκότας
1545 2095 1707 2158 αὐτὸν,

112 2181 187 2229 καὶ
224 2178 299 2229 διὰ
334 2185 472 2230 τοῦτο
508 2178 816 2243 τιμήσαντας·
861 2181 935 2230 καὶ
974 2178 1049 2230 διὰ
1084 2178 1294 2243 σημείων
1330 2180 1518 2247 ὠφελεῖ,
1546 2179 1619 2228 καὶ
1657 2175 1710 2228 τὸ

114 2266 278 2313 λεῖπον
305 2262 460 2315 αὐτοῖς
487 2265 548 2315 εἷς
576 2262 843 2329 εὐφρασίαν
868 2262 1151 2328 ἀναπληροῖ·
1194 2263 1268 2311 καὶ
1297 2261 1345 2311 τί
1368 2259 1461 2325 γὰρ
1488 2261 1590 2326 οὐχὶ
1617 2263 1711 2309 τῶν

47 2364 95 2402 25
113 2344 306 2408 ἀγαθῶν
345 2344 762 2412 ἐπιδαψιλεύεται;
813 2346 875 2397 ὡς
915 2342 990 2394 διά
1029 2343 1179 2394 τύπου
1224 2342 1477 2403 διδάσκων,
1517 2341 1586 2392 ὅτι
1635 2344 1710 2391 καὶ

112 2425 426 2494 προσδέξεται
476 2424 584 2480 τοὺς
635 2428 719 2489 τῆς
767 2426 1034 2479 Γαλιλαίας
1083 2423 1341 2491 οἰκήτορας,
1383 2423 1598 2475 τουτέστι
1649 2421 1748 2472 τάει
1782 2438 1864 2473 140
1879 2438 1932 2474 Α.

111 2507 236 2572 ἔθνη,
288 2507 573 2571 κεκλημένος
624 2507 789 2574 ὥσπερ
839 2506 958 2574 πρὸς
1011 2506 1129 2558 αὐτὰ
1189 2506 1264 2557 διὰ
1321 2509 1404 2569 τῆς
1454 2507 1502 2556 ἐν
1553 2506 1707 2558 αὐτοῖς

110 2590 328 2651 πίστεως,
362 2592 438 2641 καὶ
476 2594 537 2643 εἷς
576 2588 660 2641 τὸν
695 2589 910 2657 οὐράνιον
945 2588 1122 2658 εἰσάξει
1161 2587 1364 2649 παστὸν,
1396 2591 1458 2641 εὶς
1496 2585 1582 2650 τὴν
1613 2591 1707 2637 τῶν

110 2671 736 2737 πρωτοτόκωνἘκκλησιάν
764 2671 961 2737 δηλαδὴ,
981 2673 1056 2722 καὶ
1082 2675 1419 2722 συνανακλινεῖ
1438 2674 1532 2722 τοῖς
1559 2669 1706 2734 ἁγίοις
1769 2673 1857 2755 {eu
1872 2674 1931 2706 xii.

165 2820 194 2843 Ι.
222 2810 275 2842 καὶ
293 2821 363 2843 om.
383 2809 424 2843 Β.
570 2821 601 2843 2.
628 2809 753 2854 δήπου]
773 2810 812 2854 δὴ
831 2825 932 2844 τουτο
952 2810 994 2844 Β.
1141 2822 1173 2851 4.
1200 2810 1291 2852 ὑμῶν
1311 2808 1351 2841 Β.
1497 2808 1529 2841 6.
1557 2809 1634 2842 υἱῶν
1653 2809 1705 2842 καὶ

116 2855 252 2900 ἑαυτὸν]
271 2857 379 2890 αὐτῶν
398 2856 450 2889 καὶ
469 2857 547 2890 ιὶὧν
568 2856 609 2890 Β.
733 2868 786 2890 12.
811 2859 913 2900 μόνον
932 2857 1245 2912 Migoene19'.
1273 2855 1308 2888 δε
1328 2855 1367 2898 δὴ
1390 2855 1435 2889 D.
1549 2866 1603 2888 20.
1631 2855 1705 2896 ἐξυ-

115 2902 294 2947 φασμένον
313 2902 354 2936 Β.
374 2902 640 2946 ἐξυφαινόμενον
658 2903 725 2938 Ed.
801 2904 999 2938 Καναναίοις
1019 2903 1060 2937 B.
1083 2903 1276 2936 Καναναίων
1294 2901 1360 2935 Ed.
1506 2912 1560 2935 22.
1588 2904 1706 2945 κεκλη-

116 2963 234 2991 μενους
254 2949 286 2983 D
306 2961 375 2991 mo·-
524 2960 578 2993 27.
605 2951 722 2993 ὥσπερ
743 2950 783 2984 B.
802 2950 846 2985 ὡς
865 2950 930 2984 Ed.
