2084 3317
341 135 425 174 466
745 133 794 172 B.
828 130 1104 171 CYRILLI
1146 130 1526 172 ALEXANDR.
1701 131 1754 171 vi.
1775 143 1842 186 32,
1861 142 1928 186 33·

342 241 435 308 γὰρ
473 240 548 293 διὰ
587 240 731 304 νόμου
769 241 1028 298 παίδευσις,
1057 241 1084 303 ἡ
1121 241 1168 290 ἐν
1195 239 1356 292 τύποις
1393 241 1514 306 φημὶ
1547 240 1622 290 καὶ
1657 238 1925 306 σχήμασιν,

343 323 401 387 ἣν
442 328 508 393 τῷ
549 326 630 387 τῆς
676 320 1030 388 ὀρτυγομήτρας
1075 321 1180 372 ε’ίδει
1217 319 1666 387 παραβεβλήκαμεν,
1709 319 1794 383 τὴν
1836 324 1930 371 τῶν

126 403 226 434 2001·.
240 403 284 434 iii.
344 403 354 420 ’

127 455 175 486 15.

124 491 217 564 ξῡῑΰ·
229 490 272 520 xi
346 491 484 554 φησι,
523 494 550 516 “
576 485 802 549 κάλυμμα
840 485 914 534 ἐπὶ
956 483 1042 547 τὴν
1080 484 1275 548 καρδίαν
1313 483 1506 545 αὐτῶν,”
1548 486 1622 534 καὶ
1663 490 1690 511 ‘⁶
1708 483 1932 549 πώρωσις

123 551 265 615 3ἶ8Α.
305 574 372 615 a“
398 567 491 619 ἀπὸ
529 566 728 633 μερουςῖ
796 564 913 616 ἐπὰν
950 565 1108 628 με’ντοι
1147 565 1335 629 γε’νηται
1374 564 1509 631 πρωῒ,
1544 564 1789 615 τουτέστιν
1826 565 1925 615 ἀνί·
1952 581 1973 619 5

361 405 582 456 Ιουδαίων
608 403 835 455 καλύπτει
864 400 1173 467 Συναγωγήν·
1216 409 1243 431 “
1261 403 1429 452 κεῖται”
1459 401 1565 467 γὰρ,
1593 403 1654 455 ὡς
1681 403 1706 451 ὁ
1738 400 1932 454 Παυλός

343 671 549 716 σχόντος
580 648 668 712 ἠδη
698 648 773 698 καὶ
807 645 893 711 τὴν
920 645 1191 710 οἰκουμένην
1219 646 1338 711 ὅλην
1361 645 1823 713 περιαστράπτοντος
1850 648 1932 694 τοῦ

342 733 573 796 Χριστοῦ,
601 727 717 780 ἐπὰν
748 730 823 778 καὶ
858 727 887 791 ἡ
924 726 1098 794 δρόσος
1134 727 1383 796 καταλήγῃ
1419 726 1602 790 λοιπὸν,
1633 726 1875 778 τουτέστιν
1904 725 1932 789 ἡ

343 815 514 879 παχεῖα
549 812 624 861 καὶ
660 809 910 877 ἀχλυώδης
944 814 1039 860 τῶν
1075 814 1276 872 νομικῶν
1308 808 1638 874 ἐπιταγμάτων
1664 807 1928 873 εἶσήγησις·

342 893 481 947 τέλος
507 891 599 959 γὰρ
628 892 772 957 νόμου
799 893 874 942 καὶ
907 895 1169 959 προφητῶν
1196 892 1220 941 ὃ
1247 891 1473 958 Χριστός”
1514 890 1620 942 τότε
1655 889 1711 954 δὴ
1746 887 1933 943 πάντως

342 973 397 1027 τὸ
424 974 596 1038 ἀληθὲς
623 974 732 1038 ἡμῖν
758 973 835 1024 καὶ
865 972 919 1041 ἐξ
945 973 1145 1039 οὐρανοῦ
1171 972 1494 1038 καταβήσεται
1522 973 1689 1036 μάννα·
1731 973 1929 1038 εὐαγγε-
1957 996 2006 1022 ιο

343 1055 482 1120 λικὴν
522 1054 571 1106 δὲ
610 1054 831 1120 δηλονότι
872 1054 1186 1105 διδασκαλίαν
1225 1053 1363 1106 τοῦτό
1403 1060 1572 1124 φαμεν·
1613 1055 1696 1105 οὐκ
1736 1055 1808 1105 ἐπὶ
1847 1051 1934 1116 τὴν

342 1142 437 1188 τῶν
463 1138 779 1204 Ἰσραηλιτῶν
805 1135 1106 1202 συναγωγὴν,
1134 1135 1266 1187 ἀλλὰ
1297 1136 1457 1206 κύκλῳ
1489 1140 1571 1200 τῆς
1601 1137 1930 1202 παρεμβολῆς,

342 1223 405 1273 εἷς
437 1217 594 1270 πάντα
628 1217 850 1279 δηλονότι
885 1217 945 1269 τὰ
979 1217 1104 1281 ἔθνη,
1132 1220 1206 1268 καὶ
1234 1219 1307 1268 ἐπὶ
1333 1218 1598 1285 πρόσωπον
1623 1221 1706 1281 τῆς
1740 1217 1930 1284 ἐρήμου,

296 1300 557 1352 Ἑοτουτέστι
599 1303 682 1364 τῆς
728 1300 784 1369 ἐξ
831 1300 979 1350 ἐθνῶν
1024 1298 1333 1363 Ἐκκλησιάς,
1377 1303 1482 1365 περὶ
1526 1300 1579 1364 ἧς
1624 1299 1803 1366 εἴρηταί
1841 1321 1934 1351 που

121 1392 279 1424 Es.1iv.1.
341 1381 502 1433 ““Ou
536 1380 703 1433 πολλὰ
737 1380 797 1433 τὰ
831 1380 969 1432 τέκνα
1003 1384 1087 1444 τῆς
1121 1379 1294 1447 ἐρήμου
1329 1386 1521 1445 μᾶλλον
1550 1380 1578 1447 ἦ
1613 1384 1696 1444 τῆς
1731 1380 1934 1448 ἐχούσης
1958 1401 2004 1439 15

341 1471 369 1494 ‘⁶
393 1463 476 1515 τὸν
503 1462 700 1529 ἄνδρα.”
753 1465 827 1514 ἐπὶ
864 1462 958 1530 γὰρ
983 1468 1149 1514 πᾶσαν
1174 1461 1260 1527 τὴν
1287 1464 1560 1527 οἰκουμένην
1586 1464 1613 1527 ἡ
1649 1469 1732 1514 τοῦ
1766 1468 1935 1527 νοητοῦ

338 1545 494 1609 μάννα
535 1545 969 1597 κατασκεδάννυται
1010 1544 1158 1613 χάρις,
1198 1544 1227 1609 ἢ
1270 1548 1345 1596 καὶ
1386 1550 1452 1614 τῷ
1494 1546 1633 1615 κορίῳ
1671 1543 1931 1612 παραβάλ-

339 1634 486 1691 λεται,
519 1630 594 1678 καὶ
630 1626 806 1679 λεπτὸν
838 1626 1129 1694 ὀνομάζεται.
1186 1626 1338 1691 λεπτὴ
1379 1627 1472 1694 γὰρ
1510 1626 1656 1682 ὅντως
1695 1628 1770 1678 καὶ
1809 1628 1932 1678 ἀπο-

340 1711 549 1778 ψυκτικὴ
576 1714 671 1761 τῶν
697 1711 745 1760 ἐν
773 1709 896 1776 ζέσει
926 1713 1096 1762 παθῶν
1122 1711 1149 1774 ἡ
1183 1715 1266 1761 τοῦ
1292 1711 1416 1761 θείου
1443 1709 1591 1776 λόγου
1617 1710 1823 1774 δύναμις,
1850 1708 1936 1774 τὴν

340 1794 389 1843 ἐκ
425 1796 668 1858 σαρκικῶν
700 1792 968 1856 κινημάτων
1002 1791 1220 1858 πύρωσιν
1253 1794 1302 1842 ἐν
1333 1793 1442 1855 ἡμῖν
1472 1790 1834 1858 κατευνάζουσα,
1861 1793 1936 1843 καὶ
1956 1817 2006 1842 20

342 1878 404 1928 εἷς
433 1873 487 1925 τὸ
523 1872 672 1935 βάθος
707 1876 790 1938 τῆς
825 1874 1015 1940 καρδίας
1052 1872 1355 1926 εἰσδύνουσα.
1411 1872 1722 1943 ψυχροτάτην
1749 1873 1796 1924 δὲ
1823 1871 1942 1924 εἷναί

305 1975 327 2002 c
344 1959 483 2024 φασι,
510 1957 586 2006 καὶ
613 1956 755 2019 αὐτῆς
781 1958 863 2020 τῆς
890 1954 1026 2018 πόας,
1046 1955 1263 2006 τουτέστι
1289 1961 1373 2007 τοῦ
1398 1957 1570 2022 κορίου,
1591 1955 1677 2020 τὴν
1704 1956 1936 2021 ἐνέργειαν

342 2037 429 2103 τὴν
454 2039 503 2088 ἐν
528 2035 743 2102 ποιότητι
768 2041 967 2106 φυσικῇ.

122 2112 229 2144 Exod.

122 2157 188 2188 xvi.
207 2164 254 2196 15·
417 2126 444 2149 ‘⁶
470 2117 668 2172 Ἰδόντες
698 2117 748 2169 δὲ
779 2118 892 2170 αὐτὸ
930 2122 973 2169 οἱ
1007 2121 1094 2170 υἱοὶ
1120 2117 1324 2186 Ἰσραὴλ
1350 2117 1538 2170 εἶπαν
1511 2142 1665 2185 ετερος
1698 2124 1765 2189 τῷ
1797 2119 1936 2190 ἑτέρῳ

343 2208 371 2231 “
398 2201 464 2253 Τι
494 2202 596 2251 ἐστι
631 2206 804 2263 τοῦτο’,
861 2201 915 2251 οῦ
951 2223 1044 2267 γαρ
1078 2197 1276 2268 ᾐδεισαν
1307 2201 1357 2252 τί
1386 2199 1484 2265 ἧν.”
1520 2201 1768 2267 ἀσυνήθεις
1807 2201 1936 2256 ὄντες
1957 2223 2004 2262 25

343 2290 426 2335 τοῦ
452 2282 737 2351 παραδόξως
763 2305 1091 2349 γεγενημενου,
1113 2284 1189 2333 καὶ
1216 2283 1300 2333 οὐκ
1325 2282 1508 2350 ἔχοντες
1534 2285 1584 2335 ἐκ
1609 2283 1770 2351 πείρας
1795 2287 1937 2336 εἰπεῖν

345 2365 460 2432 ὅπερ
498 2364 558 2416 ἂν
592 2364 660 2429 ε’ίη
700 2369 873 2435 σαφῶς
906 2364 971 2415 Τί
1005 2365 1109 2415 ἐστι
1143 2369 1283 2415 τοῦτο
1321 2363 1440 2431 πρὸς
1479 2364 1725 2430 ἀλλήλους
1763 2366 1934 2430 φασίν·

345 2446 458 2498 αὐτὸ
494 2447 542 2498 δὲ
579 2445 636 2511 δὴ
672 2451 812 2497 τοῦτο
847 2446 901 2497 τὸ
938 2447 999 2499 ὡς
1036 2448 1083 2496 ἐν
1112 2444 1301 2511 ζητήσει
1335 2446 1489 2514 ῥηθὲν,
1518 2446 1666 2511 ὄνομα
1696 2454 1938 2499 ποιοῦνται

344 2534 411 2598 τῷ
448 2529 709 2596 πράγματι,
743 2531 817 2580 καὶ
856 2532 915 2597 τῇ
956 2527 1122 2594 Σύρων
1161 2529 1465 2580 ἀποκαλοῦσι
1502 2529 1698 2597 γλώττῃ
1739 2529 1934 2592 Μάννα,

398 2714 449 2737 10.
475 2702 566 2746 ἡμῶν
584 2702 741 2746 Nikeph.
900 2713 953 2736 11.
978 2703 1079 2736 τοῦτο
1097 2708 1322 2746 assumptum
1341 2714 1382 2736 ex
1403 2702 1557 2748 Nikeph.
1720 2713 1773 2738 12.
1800 2706 1866 2737 τῶν
1882 2714 1937 2737 as-

348 2755 530 2807 sumptum
549 2761 590 2783 ex
612 2749 652 2783 Β.
673 2749 789 2793 Nikep
792 2748 827 2784 h.
910 2748 1036 2783 Statim
1055 2748 1285 2793 ἶσδραηλιτῶν
1305 2749 1346 2784 Β.
1529 2760 1581 2792 14.
1608 2764 1673 2783 που
1691 2761 1762 2783 om.
1782 2749 1899 2794 Nikep
1901 2749 1936 2784 h.

353 2796 403 2830 16.
431 2796 449 2840 ἡ
468 2808 538 2830 om.
559 2796 600 2830 B.
618 2796 724 2830 habet
742 2795 1330 2840 Nikeph.1.9
1359 2795 1467 2854 θείου]
1488 2798 1576 2830 Θεοῦ
1594 2795 1762 2830 mendose
1781 2796 1937 2842 Nikeph.

348 2855 404 2885 24.
423 2844 454 2876 οἱ
471 2843 535 2877 υἶοι
553 2842 696 2887 Ἰσραὴλ
714 2843 795 2877 αυτὸ
812 2842 951 2876 inverso
970 2841 1089 2876 ordine
1109 2841 1151 2876 B.
1202 2841 1327 2876 Statum
1346 2857 1443 2877 ειπαν
1462 2843 1503 2877 Β.
1523 2841 1618 2877 εἶπον
1637 2843 1702 2877 Ed.
1721 2842 1782 2886 (X.
1797 2843 1850 2878 18.
1865 2852 1918 2887 75.
1925 2844 1936 2885 )

350 2890 404 2924 28.
431 2890 466 2923 δέ
485 2901 555 2924 om.
579 2890 618 2924 Β.
723 2889 945 2935 28-p,467,
965 2901 994 2925 1.
1021 2888 1114 2923 Citat
1133 2889 1287 2933 Nikeph.
1308 2889 1328 2923 i.
1348 2898 1426 2935 734.
1534 2890 1589 2925 28.
1616 2889 1937 2934 ὀνοματοποιοῦνται

350 2936 503 2980 Nikeph.
649 2947 703 2982 29.
729 2936 976 2971 ἀποκαλοῦνται
997 2935 1037 2970 Β.
1056 2935 1166 2971 invito
1185 2935 1340 2981 Nikeph.
