2084 3317
126 289 180 319 Es.
195 289 239 320 xl.
255 296 283 328 3.

347 163 432 203 368
751 166 800 206 Β.
835 166 1109 207 CYRILLI
1152 165 1532 207 ALEXANDR.
1811 170 1938 214 V·35·

351 272 634 339 ὑβρίζουσιν,
667 275 749 325 οὐκ
789 275 1059 343 ἀνεχόμενοι
1099 275 1320 341 λέγοντος
1359 273 1413 325 τό
1448 281 1474 304 “
1498 271 1816 335 “Ετοιμάσατε
1855 269 1941 334 τὴν

1929 352 1939 368 9

351 362 377 384 “
404 355 514 406 ὁδὸν
543 358 734 423 Κυρίου,
762 358 938 411 εὐθείας
963 363 1135 409 ποιεῖτε
1169 356 1252 411 τὰς
1286 358 1478 423 τρίβους
1503 361 1585 407 τοῦ
1614 358 1740 406 Θεοῦ
1763 353 1924 418 ἡμῶν.’

350 443 489 488 τοῦτο
526 438 617 504 γὰρ
645 438 701 503 δὴ
728 442 802 491 καὶ
836 444 1078 494 ποιοῦντες
1113 442 1286 507 σαφῶς
1325 437 1401 489 διὰ
1439 440 1521 502 τῆς
1560 434 1792 489 ἀπειθείας
1832 434 1939 485 ἁλί-

312 542 332 567 C
351 545 562 575 O'KOVTCLL.

304 1353 330 1394 d

125 1695 179 1726 Ps.

124 1738 288 1776 cxxxi.17.

137 2681 224 2715 250
239 2680 292 2714 Α.
320 2690 339 2713 a

417 601 551 664 ”Ηδη
592 603 677 667 μὲν
723 605 820 667 οὖν,
864 605 1076 671 καθάπερ
1122 604 1466 669 ὑπολαμβάνω,
1505 603 1587 655 τὸν
1629 605 1820 669 εὐτριβῆ
1867 603 1986 653 καὶὸ

350 685 705 749 κατειθισμένου
731 692 828 740 τοῖς
861 691 1065 741 πολλοῖς
1096 690 1178 749 τῆς
1217 688 1458 752 ἑρμηνείας
1497 686 1674 752 τρόπον
1700 691 1782 736 τοῦ
1817 708 1936 751 προ-

350 769 560 832 κειμένου
595 768 901 835 τηρήσαντες,
928 768 1014 834 τὴν
1045 770 1114 820 ἐπ’
1144 771 1270 839 αὐτῷ
1306 771 1503 836 θεωρίαν
1539 767 1658 820 κατὰ
1693 767 1777 832 τὴν
1808 769 1939 818 ἐνοῦ-

349 873 445 901 σαν
471 851 580 914 ἡμῖν
606 850 856 919 ἐξεθέμεθα
882 852 1093 915 δύναμιν·
1132 851 1286 917 ἐπειδὴ
1315 851 1363 903 δὲ
1389 857 1473 903 τοῦ
1501 853 1722 917 Σωτῆρος
1744 851 1768 900 ὁ
1797 848 1944 915 λόγος

349 937 410 986 εἷς
448 933 643 994 βαθείας
682 933 802 998 ἡμᾶς
840 935 1121 985 κατατείνων
1147 935 1337 997 ἐννοίας,
1369 935 1445 985 καὶ
1483 933 1770 1001 πικροτέρων
1805 931 1940 1001 ἅψα-

349 1018 465 1065 σθαι
517 1013 764 1079 νοημάτων
814 1019 1066 1084 μονονουχὶ
1118 1020 1193 1067 καὶ
1244 1015 1580 1083 ἐπαναγκάζων
1629 1017 1807 1081 ὁρᾶται,
1859 1015 1945 1082 οὐχ
1968 1034 2016 1059 10

350 1098 517 1151 ἁπλῶς
569 1098 639 1148 ὅτι
691 1099 852 1162 λύχνος
903 1095 945 1159 ἧν
996 1097 1216 1163 Ἰωάννης
1269 1099 1533 1163 σημαίνων,
1582 1099 1691 1149 ἀλλ’
1747 1097 1817 1148 ὅτι
1869 1099 1945 1148 καὶ

354 1179 582 1248 καιέμενος
629 1185 706 1231 na}
751 1183 931 1250 φαίνων,
975 1182 1232 1246 ἀναγκαῖον
1277 1180 1530 1246 ἡγούμεθα,
1570 1180 1945 1247 προσβαλόντας

349 1260 707 1330 ὀξυωπέστερον
741 1268 799 1331 τῇ
839 1267 934 1314 τῶν
974 1263 1224 1330 εἰρημένων
1264 1264 1467 1327 δυνάμει,
1507 1266 1590 1327 τῆς
1629 1261 1851 1327 ἀληθείας
1889 1260 1944 1313 τὸ

351 1343 531 1398 κάλλος
558 1347 842 1412 ἱχνηλατεῖν.
897 1343 1010 1396 αὐτὸ
1037 1344 1086 1396 δὲ
1119 1345 1175 1409 δὴ
1201 1344 1349 1397 πάλιν
1376 1349 1438 1399 εἷς
1465 1345 1615 1407 μέσον
1641 1345 1751 1409 ἡμῖν
1780 1367 1944 1411 παροι-

349 1425 585 1491 σθήσεται
611 1426 665 1478 τὸ
692 1426 854 1494 ῥητόν.
924 1431 1112 1483 Ἐκεῖνος
1138 1425 1180 1489 ἧν
1208 1435 1225 1480 ὁ
1255 1428 1415 1491 λύχνος
1443 1429 1608 1497 φησίν.
1661 1426 1845 1497 ἐξήρκει
1869 1429 1944 1478 καὶ
1971 1448 2016 1486 15

349 1508 426 1560 διὰ
460 1508 628 1560 τούτου
667 1510 814 1574 μόνου
852 1513 1185 1575 κατασημῆναι
1223 1510 1306 1562 τὸν
1335 1508 1472 1576 ἅγιον
1505 1509 1794 1574 βαπτιστὴν,
1820 1509 1945 1561 ὥστε

351 1595 426 1643 καὶ
453 1595 516 1646 εἷς
541 1592 720 1643 ἔννοιαν
745 1592 852 1647 τοὺς
887 1593 1210 1658 ἀκροωμένους
1246 1595 1531 1660 ἀναδραμεῖν
1555 1596 1639 1658 τῆς
1669 1594 1775 1659 περὶ
1802 1594 1946 1659 αὐτοῦ

351 1675 657 1743 προφητείας,
691 1675 894 1743 ἐχούσης
935 1673 1025 1726 ὧδε
1064 1683 1092 1705 “
1117 1676 1396 1740 ”Ητοίμασα
1434 1675 1613 1744 λύχνον
1648 1679 1715 1745 τῷ
1747 1678 1948 1746 Χριστῷ

351 1763 380 1786 “
402 1757 541 1820 μου.”
594 1757 749 1820 ἐπειδὴ
786 1756 836 1808 δὲ
874 1758 1167 1825 προστίθησι
1201 1763 1267 1828 τῷ
1292 1758 1457 1822 λύχνον
1483 1762 1641 1820 εἰπεῖν,
1672 1764 1690 1810 o‘
1719 1757 1950 1826 κοιιόμενος

357 1842 431 1890 καὶ
460 1841 639 1908 φοιίνων,
667 1842 810 1903 δῆλος
851 1839 909 1891 ἂν
946 1840 1014 1905 ε’ίη
1051 1840 1282 1905 δήπουθεν
1324 1842 1406 1891 οὐκ
1448 1844 1510 1895 εἷς
1550 1840 1700 1905 μόνην
1739 1839 1825 1904 τὴν
1865 1845 1949 1891 τοῦ
1969 1862 2019 1887 20

353 1921 602 1990 προφήτου
630 1921 792 1990 φωνὴν
819 1922 1069 1992 ἀναφέρων
1090 1922 1173 1974 τὸν
1200 1922 1448 1987 ἀκροατὴν,
1467 1923 1597 1973 ἀλλὰ
1624 1925 1699 1973 καὶ
1725 1926 1788 1976 εἰς
1811 1945 1946 1986 νομι-

355 2003 441 2068 κήν
480 2027 584 2055 τινα
624 2004 928 2067 διατύπωσιν,
966 2007 1028 2059 ὡς
1067 2006 1117 2056 ἐν
1155 2004 1369 2073 σχήματι
1410 2004 1558 2056 πάλιν
1597 2006 1671 2055 καὶ
1710 2009 1826 2073 σκιᾷ
1865 2004 1951 2068 τὴν

355 2086 576 2137 Ἰωάννου
603 2087 856 2155 δᾳδουχίαν
881 2086 1393 2153 προαναπλάττουσαν,
1420 2086 1477 2151 ἢν
1504 2091 1662 2141 καλῶς
1693 2086 1951 2151 ἐποιήσατο

356 2167 663 2236 μαρτυρήσας
701 2173 768 2238 τῷ
806 2168 1016 2237 δεσπότῃ
1052 2173 1266 2239 Χριστῷ.
1320 2171 1382 2223 ὡς
1421 2169 1469 2220 δὲ
1507 2175 1604 2224 τοῖς
1643 2174 1952 2223 Μωυσαϊκοῖς

357 2253 639 2316 ὁμιλοῦντας
687 2251 848 2317 λόγοις
890 2257 965 2302 καὶ
1011 2257 1149 2302 τοῦτο
1190 2254 1444 2319 ἐνδελεχῶς
1488 2251 1597 2306 τοὺς
1642 2252 1951 2320 οἶησίφρονας
1973 2270 2020 2308 25

357 2335 661 2400 Φαρισαίους,
689 2333 926 2403 ἐξελέγχει
952 2332 1100 2385 πάλιν
1125 2334 1481 2398 ἀμαθαίνοντας,
1508 2336 1584 2385 καὶ
1610 2334 1802 2400 δοκήσει
1827 2339 1952 2398 μᾶλ-

357 2424 446 2467 λον
470 2416 608 2471 ὄντας
647 2416 848 2485 σοφοὺς,
878 2417 997 2482 ἥπερ
1036 2416 1180 2470 ὅντως
1221 2421 1513 2481 νομομαθεῖς.
1571 2417 1707 2472 οὗτος
1743 2415 1830 2481 μὲν
1869 2418 1951 2469 οὖν

357 2499 551 2563 σύμπας
586 2500 716 2550 ἐστὶν
748 2500 772 2550 ὁ
808 2504 891 2550 τοῦ
930 2498 1081 2564 λόγου
1119 2498 1317 2554 σκοπός·
1363 2502 1457 2550 δεῖν
1497 2498 1545 2550 δὲ
1577 2500 1699 2564 ἡμᾶς
1736 2501 1948 2569 ἀναμφι-

358 2580 516 2647 λόγως
544 2581 870 2645 ὑπολαμβάνω
910 2584 985 2632 καὶ
1024 2581 1078 2632 τὸ
1117 2585 1239 2632 θεῖον
1267 2581 1379 2632 αὐτὸ
1419 2581 1824 2649 παρακομίζοντας
1861 2581 1949 2634 λό-

521 2665 530 2680 )
727 2665 737 2678 Ι
843 2664 865 2682 ‚l
993 2664 1005 2680 l
1177 2665 1186 2679 ἲ
1265 2665 1276 2679 (
1368 2669 1388 2678 Α
1478 2666 1488 2680 2
1576 2664 1588 2681 ἲ
1681 2666 1695 2682 X
1816 2665 1831 2681 l

360 2687 481 2729 γιον,
508 2667 804 2715 επιδεικνυειν
830 2666 918 2729 ηδη
946 2677 1111 2727 λυχνον
1138 2687 1224 2732 ουχ
1251 2673 1433 2727 απλως,
1463 2671 1594 2716 αλλα
1620 2687 1696 2715 και
1726 2688 1955 2734 καιομενον
1975 2676 2026 2711 30

361 2749 436 2797 καὶ
463 2749 689 2816 φαίνοντα
715 2746 798 2798 τὸν
824 2745 1055 2813 μακάριον
1081 2747 1371 2811 βαπτιστήν.

413 2858 441 2881 1.
470 2847 629 2892 λέγοντες
649 2848 691 2882 B.
743 2848 867 2882 Statim
886 2849 925 2881 τό
943 2854 1164 2893 assumptum
1184 2860 1225 2882 ex
1246 2848 1287 2882 B.
1548 2860 1579 2883 2.
1606 2849 1708 2883 αὐτοῦ
1726 2850 1786 2882 τοῦ
1804 2850 1892 2882 Θεοῦ
1913 2847 1953 2881 Β.

363 2906 424 2937 pro
443 2906 537 2928 more
557 2895 734 2939 corrigens
753 2907 814 2940 per
831 2895 1046 2929 additionem
1065 2906 1134 2928 non
1154 2906 1324 2929 rasuram.
1620 2895 1674 2929 16.
1699 2897 1803 2939 μόνου
1821 2906 1890 2929 om.
1912 2894 1954 2929 B.

363 2951 417 2984 27.
446 2940 550 2977 ὅντως
571 2942 610 2975 B.
631 2941 728 2977 ὄντας
748 2941 813 2976 Ed.
1008 2953 1063 2987 29.
1089 2940 1187 2986 αὐτὸ]
1208 2942 1329 2977 αὐτοὺς
1350 2942 1389 2977 Β.
1455 2943 1726 2987 παρακομίζοντα
1744 2943 1862 2987 λόγιον
1881 2942 1953 2975 ἐπι-

363 2987 488 3022 δεικνὺς
510 2988 549 3021 ss.
695 2999 750 3033 30.
778 2990 829 3022 καὶ
849 3000 918 3023 om.
941 2989 982 3023 Β.
