2084 3317
339 132 422 171 494
743 133 792 173 B.
826 133 1099 174 CYRILLI
1142 132 1524 174 ALEXANDR.
1694 131 1750 172 vi.
1770 130 1924 187 38,39.

339 239 536 304 γμοὶτων
574 239 836 306 ποιότητος.
912 240 967 293 τὸ
1011 241 1096 304 μὲν
1136 240 1229 307 γὰρ
1274 241 1440 307 μεῖζον,
1483 240 1584 305 ἤτοι
1629 239 1684 292 τὸ
1728 238 1930 291 ἐ’λαττον

341 320 541 390 χωρήσῃ
577 320 636 373 ἂν
671 321 872 387 εἰκότως,
904 324 957 374 οὐ
995 325 1093 374 κατ’
1128 324 1270 387 αὐτῆς
1306 325 1389 386 τῆς
1424 345 1563 373 τινων
1593 322 1770 385 οὐσίας,
1797 319 1929 371 ἀλλὰ

296 411 321 452 d
343 402 462 454 κατά
495 426 636 455 τινων
670 408 765 455 τῶν
797 407 902 470 περὶ
939 403 1022 458 τὰς
1056 404 1221 457 οὐσίας
1255 408 1349 454 τῶν
1375 403 1541 454 ὅντων·
1582 402 1680 454 οἷον
1708 403 1757 455 δὲ
1794 402 1851 468 δή
1885 425 1928 453 τι

343 485 471 552 φημί
492 483 779 550 ’Ἄνθρωπος
815 486 972 552 ἑτερου
1005 484 1151 553 τυχὸν
1185 485 1449 552 ἀνθρώπου,
1483 484 1588 537 καθ’
1617 485 1730 552 ὅπερ
1762 483 1819 536 ἂν
1851 486 1930 536 ἄν·

344 572 533 632 θρωπος
578 571 731 618 νοοῖτο
780 569 856 618 καὶ
901 567 1104 633 λέγοιτο,
1148 567 1408 629 οὐδαμόθεν
1452 567 1545 636 ἕξει
1589 566 1643 618 τὸ
1691 566 1857 633 μεῖζον,
1900 564 1973 630 ἢ5

342 647 556 699 ἐ’λαττον·
597 650 702 699 οὕτε
739 647 834 715 γὰρ
871 649 1084 700 ἐλάττων
1119 649 1364 715 ἄνθρωπος
1404 649 1656 714 ἀνθρώπου
1694 649 1812 700 καθὸ
1851 649 1931 699 ἅν-

343 733 544 795 θρωπος,
579 731 684 781 οὔτε
721 731 889 797 μείζων
924 730 1040 782 καθὸ
1077 730 1226 782 πάλιν
1263 730 1525 796 ἄνθρωπος.
1580 730 1681 785 ἴσος
1723 730 1817 797 γὰρ
1857 730 1931 798 ἐφ’

342 811 524 863 ἅπασιν
569 813 594 863 ὁ
639 814 720 876 τῆς
773 811 965 881 φύσεως
1016 816 1254 878 θεωρεῖται
1305 811 1469 878 λόγος·
1530 813 1554 863 ὁ
1600 811 1740 867 αὐτὸς
1784 813 1827 863 δ’
1877 809 1935 862 ἂν

343 893 543 960 σώζοιτο
587 892 734 960 λόγος
777 896 853 945 καὶ
906 895 973 946 ἐπ’
1022 893 1259 960 ἀγγέλων,
1305 892 1334 958 ὴ
1384 895 1461 945 καὶ
1504 896 1579 945 ἐπὶ
1625 894 1801 949 παντὸς
1851 899 1935 946 τοῦ

341 975 657 1040 πεποιημένου
711 979 786 1027 καὶ
846 978 894 1027 ἐν
943 981 1002 1044 τῇ
1061 977 1211 1027 κτίσει
1266 977 1689 1043 κατηριθμημένου.
1768 977 1936 1028 οὐκοῦν
1959 999 2006 1023 10

302 1075 324 1102 θ
343 1058 567 1126 ἀχώρητα
600 1063 848 1112 παντελῶς
882 1059 951 1110 ἐπ’
980 1059 1134 1110 αὐτῶν
1159 1058 1218 1109 τὰ
1253 1065 1447 1109 τοιαῦτα
1480 1063 1575 1110 τῶν
1611 1059 1786 1109 οὐσιῶν
1817 1058 1937 1125 εὑρί-

343 1163 523 1204 σκεται,
567 1140 819 1204 συμβαίνει
870 1140 918 1191 δὲ
964 1144 1065 1194 ταῖς
1110 1140 1306 1201 οὐσίαις,
1351 1140 1500 1206 ἤγουν
1546 1143 1645 1191 τισὶ
1695 1144 1789 1192 τῶν
1832 1141 1939 1206 περὶ

344 1221 502 1285 αὐτὰς,
529 1220 740 1288 καθάπερ
776 1223 825 1272 ἐν
851 1227 946 1275 τοῖς
975 1220 1190 1289 ἀνωτέρω
1226 1222 1507 1286 δεδώκαμεν.
1562 1227 1664 1277 πῶς
1697 1223 1778 1273 οὖν
1804 1222 1939 1273 ε”σται

343 1304 510 1370 μείζων
543 1305 567 1354 ὁ
605 1302 776 1369 Πατὴρ
816 1309 898 1355 τοῦ
931 1307 1063 1367 Υὶοῦ,
1099 1304 1243 1374 φύσει
1279 1304 1400 1358 Θεὸς
1439 1304 1665 1373 ὑπάρχων
1698 1310 1782 1355 τοῦ
1820 1303 1938 1355 κατὰ

345 1385 497 1456 φύσιν
525 1389 683 1449 Θεοῦ,
727 1384 781 1437 τὸ
809 1385 903 1453 γὰρ
930 1385 987 1455 ἐξ
1011 1387 1154 1437 αὐτοῦ
1179 1389 1494 1452 γεγεννῆσθαι
1526 1385 1610 1438 τὸν
1636 1385 1767 1450 Υἱὸν,
1795 1387 1939 1452 ἀναγ-
1963 1405 2010 1444 15

347 1467 483 1520 κάσει
523 1467 580 1533 δὴ
611 1467 800 1522 πάντως
830 1469 904 1519 καὶ
931 1469 1019 1536 οὐχ
1046 1467 1236 1522 ἑκόντας
1264 1470 1380 1533 ὑμᾶς
1407 1470 1665 1520 ἀποδοῦναι
1690 1467 1743 1520 τὸ
1772 1467 1940 1533 ὁμοσύ-

347 1573 456 1601 σιον
483 1550 624 1619 αὐτῷ.

422 1630 833 1699 Προϋποκειμένου
859 1637 1111 1699 τοιγαροῦν
1138 1635 1213 1684 καὶ
1244 1631 1589 1702 ἀναμφιλόγως
1621 1633 1945 1695 εἶσβαίνοντος

347 1720 431 1766 τοῦ
470 1713 590 1766 κατὰ
629 1715 778 1784 φύσιν
814 1712 929 1765 εἶναι
965 1713 1090 1765 Θεὸν
1125 1714 1208 1767 τὸν
1233 1714 1367 1774 Υὶὸν,
1396 1716 1696 1783 ἐπιζητῶμεν,
1723 1719 1760 1766 εἰ
1797 1717 1941 1778 δοκεῖ,

128 1811 210 1847 337
225 1809 278 1846 A.
310 1795 549 1864 ειπότερόν
592 1819 708 1849 ποτε
753 1795 840 1861 τὴν
882 1795 969 1861 μὲν
1008 1795 1122 1861 ἴσην
1164 1797 1290 1866 αὐτῷ
1334 1797 1473 1862 τιμὴν
1512 1796 1838 1862 ἀπονέμοντες,
1884 1798 1946 1851 ὡς
1966 1818 2014 1844 20

350 1878 469 1946 πρὸς
504 1878 587 1930 τὸν
611 1879 667 1948 ἐξ
699 1879 843 1944 οὗπέρ
879 1880 996 1941 ἐστι,
1025 1881 1100 1930 καὶ
1131 1879 1225 1944 μὴν
1252 1882 1328 1930 καὶ
1355 1878 1502 1949 δόξαν
1531 1878 1853 1946 περιθήσομεν
1879 1881 1947 1948 τῷ

351 1959 665 2029 γεγεννηκότι,
692 1959 721 2025 ὴ
746 1960 801 2012 τὸ
827 1961 1037 2011 ἐναντίον
1063 1960 1437 2030 ἐξεργασόμεθα,
1463 1967 1560 2016 τοῖς
1591 1960 1838 2028 κατωτέρω
1871 1963 1946 2011 καὶ

351 2043 610 2095 ἐλάττοσιν
643 2042 965 2112 ἐξυβρίζοντες
1004 2041 1086 2094 τὸν
1118 2043 1473 2109 γεγεννημένον,
1506 2043 1622 2111 ὅπερ
1661 2042 1806 2097 ὅντως
1845 2043 1948 2094 ἐστὶ

352 2127 429 2176 καὶ
474 2124 814 2192 ἀληθέστερον·
878 2124 996 2193 δόξα
1040 2124 1124 2188 μὲν
1170 2125 1265 2192 γὰρ
1311 2129 1378 2194 τῷ
1422 2128 1578 2192 Πατρὶ
1619 2124 1674 2176 τὸ
1718 2127 1947 2191 γεννῆσαι

352 2213 579 2270 τοιοῦτον,
608 2207 769 2261 ὁποῖός
794 2229 882 2273 περ
909 2205 969 2257 ἂν
995 2205 1200 2276 ὑπάρχοι
1226 2206 1345 2258 κατὰ
1374 2207 1524 2278 φύσιν
1549 2205 1703 2261 αὐτός.
1755 2206 1946 2272 συμβή-
1969 2225 2017 2263 25

352 2312 488 2340 σεται
523 2289 571 2340 δὲ
606 2288 796 2343 πάντως
831 2288 886 2340 τὸ
921 2289 1144 2340 ἐναντίον·
1189 2291 1414 2359 εὐφημεῖν
1448 2289 1543 2356 γὰρ
1582 2289 1862 2341 ἀκόλουθον·
1910 2292 1948 2340 εἰ

308 2383 335 2425 b
353 2370 417 2436 μὴ
451 2370 674 2437 διασώζοι
708 2371 793 2436 τὴν
820 2372 945 2440 αὐτῷ
980 2370 1260 2439 πρέπουσαν
1292 2371 1488 2441 εὐφυίαν
1519 2373 1544 2423 ὁ
1572 2371 1702 2435 Υἱὸς,
1727 2371 1782 2422 τὸ
1821 2375 1950 2435 μεῖον

354 2453 475 2520 ἔχων
501 2451 530 2518 ἢ
568 2452 687 2504 κατὰ
723 2452 809 2518 τὴν
836 2452 983 2522 δόξαν
1014 2451 1043 2518 ὴ
1079 2452 1198 2504 κατά
1231 2477 1275 2504 τι
1312 2460 1429 2520 γοῦν
1454 2458 1548 2505 τῶν
1575 2452 1670 2505 ὅσα
1703 2457 1951 2520 προσεῖναι

353 2535 544 2590 πάντως
581 2537 735 2604 ἐχρῆν,
775 2535 850 2586 ἵνα
889 2534 946 2599 δὴ
986 2536 1200 2605 φαίνοιτο
1241 2535 1319 2587 διὰ
1356 2535 1549 2588 πάντων
1586 2534 1864 2590 παντέλειός
1901 2556 1951 2586 τε

355 2620 432 2670 καὶ
458 2617 680 2683 ἀληθινὸς
708 2616 936 2686 ὑπάρχων
962 2617 1099 2672 Sede.
1154 2617 1276 2686 ἔχων
1304 2618 1352 2670 δὲ
1385 2620 1507 2670 οὕτω
1538 2618 1744 2687 φύσεως,
1773 2620 1811 2668 εἰ
1838 2620 1952 2686 τιμᾷ
1971 2635 2021 2672 30

404 2808 436 2832 2.
462 2797 605 2842 χωρήσῃ
624 2797 678 2844 ἂν]
698 2788 980 2844 χωρὶσγεᾶρὲννὰν
997 2798 1097 2844 quasi
1113 2797 1305 2844 χωρήσειεν
1323 2800 1363 2834 ἂν
1382 2799 1423 2834 Β.
1670 2798 1838 2844 μειζον
1856 2796 1952 2832 Aub.

356 2845 492 2879 correxi
509 2856 551 2878 ex
575 2845 618 2878 D.
719 2856 773 2904 13.
800 2845 1039 2890 δεδηλώκαμεν
1057 2845 1099 2880 Β.
1210 2855 1332 2891 15-17.
1361 2845 1456 2881 citat
1473 2845 1506 2879 V
1509 2856 1613 2880 eccus
1630 2845 1668 2879 in
1665 2807 1888 2903 7Epigraphe
1905 2844 1951 2878 xi.

359 2901 415 2925 21.
440 2892 525 2936 πρὸς
543 2890 617 2936 τὸν]
638 2893 771 2935 προσὸν
791 2892 832 2926 Β.
906 2893 959 2926 καὶ
976 2891 1058 2939 μὴν]
1079 2893 1133 2927 καὶ
1150 2893 1248 2937 τιμὴν
1268 2892 1309 2927 Β.
1480 2903 1535 2939 23.
1562 2892 1646 2938 ὅπερ
1666 2892 1708 2927 Β.
1728 2890 1865 2935 ἐπείπερ
1885 2890 1952 2926 Ed

358 2946 415 2982 27.
442 2937 621 2984 διασώζοι]
642 2938 876 2982 διασώζοιιντό
898 2939 938 2973 Β.
