2084 3317
159 150 373 206 v.37,38.
416 150 490 190 IN
533 149 575 190 s,
609 148 948 190 JOANNEM.
1011 148 1136 189 LIB.
1169 148 1256 189 111.
1319 149 1453 190 CAP.
1487 150 1549 190 Π.
1667 152 1746 191 381

159 260 184 308 ὁ
222 261 328 324 περὶ
365 257 420 309 τὸ
458 264 553 325 πῦρ
595 260 644 310 ἐν
682 263 748 329 τῷ
787 257 881 325 ὄρει
920 257 1112 312 καπνός·
1166 259 1214 309 ἐν
1252 257 1399 324 πυρὸς
1444 258 1492 309 δὲ
1537 257 1751 325 σχήματι

158 340 339 391 κάτεισι
390 339 445 390 τὸ
497 344 621 392 θεῖον
671 339 798 402 αὐτὸ,
846 340 945 391 κατ’
998 340 1141 390 ἐκεῖνο
1193 338 1249 404 δὴ
1300 338 1518 403 μάλιστα
1568 344 1747 405 καιροῦ,
1770 348 1796 388 b

155 421 429 487 πρεπόντως
473 445 522 473 τε
569 424 644 474 καὶ
695 422 959 488 ἀναγκαίως
1009 422 1068 490 τῇ
1119 427 1203 473 τοῦ
1253 420 1534 488 πράγματος
1585 421 1745 490 φύσει.

155 503 245 554 ἔδει
288 503 381 571 γὰρ
420 504 509 555 ἔδει
547 503 631 556 τὸν
672 508 734 559 εἷς
779 504 995 556 δουλείαν
1034 505 1109 555 καὶ
1154 504 1352 556 σύνεσιν
1392 503 1467 555 διὰ
1509 509 1592 555 τοῦ
1629 502 1749 567 με’λ-

114 604 135 641 5
157 594 325 640 λοντος
377 585 728 653 ὁρισθήσεσθαι
780 586 925 649 νόμου
975 592 1214 638 καλοῦντα
1262 584 1346 638 τὸν
1382 585 1600 652 Ἰσραὴλ,
1641 591 1744 654 φω-

155 667 325 733 τιστὴν
370 670 573 736 ὁρᾶσθαι
619 672 694 720 καὶ
738 668 1004 733 κολαστήν·
1070 669 1217 737 ἄμφω
1263 668 1311 720 δὲ
1358 674 1506 720 ταῦτα
1550 673 1750 719 τελεῖται

156 749 230 801 διὰ
276 750 436 818 πυρός.
497 751 629 802 ἀλλὰ
672 753 747 803 καὶ
789 758 816 780 “
838 752 1006 820 φωναὶ,
1049 753 1216 819 φησὶν,
1256 754 1302 800 αἱ
1344 754 1428 815 τῆς
1472 750 1750 816 σάλπιγγος
1811 755 1933 841 ἐξῇ-9

156 839 182 862 “
208 834 419 899 ἐγίνοντο
457 834 808 900 προβαίνουσαι
853 832 1154 900 ἰσχυρότεραι
1202 832 1439 901 σφόδρα,”
1481 834 1558 884 ἵνα
1601 833 1750 885 πάλιν
1873 825 1877 830 ¹

154 915 264 978 ἡμῖν
306 916 497 980 τοιαύτη
542 938 611 970 τις
656 914 902 980 νοημάτων
943 915 1250 984 ἐξυφαίνηται
1294 915 1501 979 δύναμις·
1561 916 1744 984 ἐξεφω·

88 1023 136 1048 10
156 996 273 1061 νήθη
309 997 394 1061 μὲν
428 997 522 1064 γὰρ
561 999 636 1049 καὶ
673 999 697 1048 ὁ
738 997 876 1060 νόμος
911 996 1042 1064 παρὰ
1072 1000 1212 1060 Θεοῦ,
1249 996 1378 1061 πλὴν
1414 998 1469 1048 οὐ
1508 997 1749 1052 συντόνως

154 1081 203 1130 ἐν
247 1081 371 1148 ἀρχῇ
423 1079 499 1131 διὰ
542 1079 628 1145 τὴν
673 1084 768 1131 τῶν
812 1080 1275 1146 παιδαγωγουμένων
1320 1079 1589 1143 ἀσθένειαν,
1638 1081 1748 1131 ἀλλ’
1770 1100 1791 1126 0

155 1163 487 1230 ἶσχνοφώνως,
529 1164 583 1214 ἵν’
625 1164 771 1217 οὕτως
814 1162 942 1224 ε’ίπω,
985 1163 1060 1213 καὶ
1100 1163 1188 1230 οὐχ
1226 1161 1345 1227 ὅλην
1383 1162 1504 1230 ἔχων
1542 1161 1628 1227 τὴν
1667 1168 1750 1214 τοῦ

154 1244 471 1312 σαλπίζοντος
516 1245 729 1309 δύναμιν.
801 1244 872 1295 διὸ
918 1244 974 1309 δὴ
1026 1246 1101 1295 καὶ
1153 1244 1547 1310 βραδύγλωσσον
1586 1244 1751 1296 ἑαυτὸν
1814 1260 1976 1292 Ib.iv.10.

155 1325 389 1394 ὠνόμαζεν
430 1328 454 1378 ὁ
496 1330 729 1391 Μωυσῆς.
783 1327 1126 1394 προβαίνοντος
1165 1326 1213 1378 δὲ
1252 1332 1335 1377 τοῦ
1374 1332 1550 1394 καιροῦ,
1587 1329 1663 1378 καὶ
1701 1328 1752 1378 ἐκ

87 1426 134 1464 15
155 1411 238 1472 τῆς
280 1408 400 1460 κατὰ
443 1408 498 1460 τὸ
543 1408 742 1475 γράμμα
782 1413 921 1463 σκιᾶς
962 1413 1025 1463 εἰς
1071 1407 1391 1473 πνευματικὴν
1432 1409 1749 1477 ἀναφέροντος

154 1492 377 1557 λατρείαν
402 1491 509 1545 τοῦς
534 1491 846 1546 πιστεύοντας
873 1495 933 1545 εἷς
960 1491 1192 1558 Χριστὸν,
1221 1490 1524 1559 ἰσχυρότεραι
1555 1490 1751 1560 σφόδρα

153 1575 236 1637 τῆς
273 1573 397 1628 θείας
431 1573 706 1640 σάλπιγγος
739 1573 997 1643 ἐξέδραμον
1029 1577 1076 1625 αἱ
1112 1576 1280 1644 φωναὶ,
1313 1579 1396 1625 τοῦ
1431 1575 1668 1641 σωτηρίου
1700 1597 1750 1624 τε

155 1658 230 1707 καὶ
281 1656 592 1722 εὐαγγελικοῦ
643 1655 945 1723 κηρύγματος
994 1661 1161 1708 πᾶσαν
1206 1655 1384 1723 τρόπον
1427 1655 1532 1707 τινὰ
1582 1679 1745 1723 περιη-

153 1743 350 1806 χοῦντος
387 1738 474 1804 τὴν
506 1739 790 1804 οἰκουμένην.
844 1740 897 1789 οὐ
936 1737 1044 1804 γὰρ,
1077 1737 1290 1804 καθάπερ
1330 1739 1354 1788 ὁ
1393 1737 1662 1803 λεπτοβόης
1700 1744 1795 1788 ‘red

86 1843 137 1869 20
154 1822 229 1871 καὶ
273 1821 605 1890 σμικροκῆρυξ
646 1819 787 1884 νόμος
833 1824 895 1874 εἷς
939 1820 1088 1884 μόνην
1129 1818 1216 1884 τὴν
1256 1821 1497 1872 Ἰουδαίων
1534 1820 1749 1885 ἠκούσθη

152 1902 390 1969 χώραν,
366 1927 395 1968 η
434 1927 511 1954 και
550 1903 644 1955 ἀπὸ
684 1902 790 1954 Δαν
829 1926 903 1954 και
950 1903 1034 1957 ἕως
1075 1901 1329 1970 Βηρσαβεέ
1372 1902 1745 1968 κατηγγελλετο,

1811 1983 1865 2014 Ps.
1877 1984 1967 2014 xviii.

153 1989 344 2046 μᾶλλον
371 1985 419 2037 δε
445 1993 472 2016 “
492 1989 555 2040 εἷς
590 1990 755 2037 πᾶσαν
782 1984 868 2062 τὴν
894 1988 985 2052 γῆν
1011 1985 1259 2055 ἐξῆλθεν
1240 2009 1264 2036 ο
1301 1985 1518 2052 φθόγγος
1552 1986 1746 2048 αὐτῶν,”

154 2066 276 2119 καθὰ
314 2068 594 2135 γε’.γραπται
655 2069 705 2119 τί
739 2067 786 2119 δὲ
826 2067 882 2132 δὴ
921 2067 1069 2119 πάλιν
1107 2069 1182 2119 ἐπὶ
1220 2066 1435 2122 τούτοις·
1424 2109 1436 2130 ,
1482 2075 1508 2097 “
1530 2070 1749 2132 Μωυσῆς
1811 2077 1918 2108 EXOd·

154 2155 182 2177 ‘⁶
207 2148 381 2213 ἐλάλει,
409 2151 621 2219 φησὶν,
602 2173 627 2201 ο
654 2150 703 2201 δὲ
731 2149 853 2204 Θεὸς
879 2150 1161 2217 ἀπεκρίνατο
1187 2150 1314 2220 αὐτῷ
1342 2148 1523 2219 φωνῇ”
1812 2121 1878 2152 xix
1897 2131 1946 2162 19

86 2249 134 2287 ²5
229 2231 412 2299 Δριμῦς
438 2233 563 2284 ε”στω
590 2231 739 2284 πάλιν
764 2237 859 2284 τῶν
885 2234 1243 2299 εὐμαθεστέρων
1270 2234 1295 2283 ὁ
1331 2238 1451 2295 νοῦς,
1478 2233 1749 2298 ἐπιτηρείτω

154 2314 205 2365 δὲ
256 2317 463 2380 ἀκριβῶς
515 2314 601 2379 τὴν
645 2320 742 2368 τοῖς
794 2316 931 2369 θείοις
981 2314 1163 2381 λογίοις
1206 2316 1409 2366 ἐνοῦσαν
1452 2312 1744 2383 ἀσφάλειαν.

154 2402 300 2448 λαλεῖ
319 2396 404 2458 μὲν
430 2396 524 2464 γὰρ
550 2398 575 2448 ὁ
604 2400 836 2462 Μωυσῆς,
865 2398 1163 2465 ἀποκρίνεται
1190 2396 1239 2449 δὲ
1266 2397 1417 2467 τούτῳ
1444 2395 1566 2449 Θεὸς
1592 2398 1746 2463 φωνῇ,

1809 2472 1856 2504 Cf.
1873 2483 1973 2514 supra

154 2480 237 2530 οὐκ
264 2479 356 2548 ἰδίᾳ
381 2479 570 2533 πάντως
597 2483 749 2549 φωνῇ,
776 2485 915 2531 τοῦτο
951 2479 1044 2546 γὰρ
1080 2481 1134 2531 οὐ
1170 2481 1336 2549 φησὶν,
1363 2479 1474 2529 ἀλλ’
1504 2479 1671 2532 ἁπλῶς
1699 2500 1748 2528 τε
1766 2515 1787 2542 e
1808 2525 1861 2557 41

154 2563 230 2611 καὶ
268 2561 636 2626 ἀπολελυμένως
675 2566 826 2631 φωνῇ,
865 2566 925 2630 τῇ
965 2561 1040 2614 διὰ
1080 2561 1259 2614 κτύπου
1296 2559 1519 2628 ῥημάτων
1558 2561 1741 2625 ἀνθρω-

86 2663 136 2700 30
154 2643 411 2710 πινώτερον
447 2642 730 2714 παραδόξως
768 2644 1138 2713 ἀποτελουμένῃ·
1199 2647 1304 2710 περὶ
1343 2644 1392 2694 τί
1426 2641 1519 2708 γὰρ
1558 2639 1615 2692 ἂν
1653 2645 1748 2693 τῶν

207 2826 260 2857 14.
279 2814 442 2857 ὀνομάζον
460 2813 501 2848 Β.
603 2823 655 2859 17.
675 2829 710 2849 τε
729 2825 799 2848 om.
813 2814 854 2848 B.
955 2825 1009 2848 21.
1029 2812 1081 2847 καὶ
1100 2813 1158 2847 alt.
1173 2817 1397 2857 assumptum
1415 2822 1456 2844 ex
1473 2809 1515 2843 Β.
1613 2820 1669 2843 22.
1688 2810 1748 2852 τὴν

155 2863 219 2907 γῆν
236 2861 379 2906 ἐξῆλθεν
395 2860 462 2895 hoc
480 2860 602 2895 ordine
622 2861 664 2895 B.
729 2862 837 2896 αὐτῶν
857 2861 898 2896 Β.
917 2861 1020 2895 αὐτοῦ
1038 2859 1105 2894 Ed.
1126 2858 1237 2903 (184.)
1360 2868 1415 2902 23.
1441 2857 1492 2892 δεῖ
1508 2867 1572 2902 pro
1591 2856 1627 2890 δέ
1645 2856 1684 2900 δη
1704 2856 1747 2891 Β.

157 2919 213 2951 24.
239 2911 350 2954 φησιν
367 2912 446 2942 ante
464 2909 614 2952 Μωυσῆς
631 2914 763 2953 transp.
784 2909 827 2944 Β.
973 2916 1027 2953 25.
1054 2907 1148 2941 ἐστιν
1166 2917 1228 2951 pro
1247 2905 1337 2940 ἔστω
1356 2904 1398 2938 Β.
1557 2912 1612 2948 27.
1638 2902 1747 2949 τούτῳ

157 2956 242 2991 Θεὸς
259 2955 326 2990 hoc
344 2954 465 2990 ordine
486 2954 526 2988 B.
