2084 3317
301 161 383 201 392
701 161 750 201 B.
784 160 1061 201 CYRILLI
1104 158 1479 200 ALEXANDR.
1761 156 1886 207 v.46.

78 279 177 329 Degt.
257 278 284 318 (1
302 275 328 298 “
354 269 618 367 Προφήτην
644 270 736 336 γὰρ
764 272 870 334 ὑμῖν
897 269 1172 332 ἀναστήσει,
1201 270 1336 335 φησι,
1368 267 1583 333 Κύριος
1565 289 1589 317 ο
1615 265 1734 320 Θεος
1762 267 1890 329 ὑμῶν

78 331 404 402 xv1u.15‘e‚K
438 356 532 402 τῶν
558 354 782 421 ἀδελφῶν
816 375 908 402 σου
948 354 1010 405 ὡς
1048 351 1156 413 ἐμε”’
1161 349 1520 416 ’διερμηνεύων
1553 347 1601 399 δε
1636 347 1788 410 αὐτος,
1816 350 1892 398 καὶ

301 433 434 496 μάλα
469 438 674 499 γοργῶς,
705 434 869 485 ὁποίαν
911 434 1021 497 ἡμῖν
1059 432 1268 499 εἰσφερει
1299 430 1386 495 τὴν
1421 431 1479 499 ἐξ
1509 434 1775 494 εἶκονισμοῦ
1809 453 1892 480 του

80 523 130 554 Ib-
154 523 202 554 16.
302 516 401 566 κατ’
430 515 571 566 αὑτὸν
598 515 794 581 θεωρίαν
820 514 874 565 τὸ
901 513 1254 579 διηγγελμένον,
1273 513 1481 581 ἐπιφερει
1506 516 1679 580 σαφῶς
1705 518 1732 540 “
1753 510 1893 562 Κατὰ

302 603 329 625 “
355 595 513 647 πάντα
548 597 642 647 ὅσα
676 595 841 664 ᾐτήσω
875 594 1005 662 παρὰ
1034 595 1211 662 Κυρίου
1241 600 1324 646 τοῦ
1352 598 1477 645 Θεοῦ
1506 616 1599 645 σου
1632 595 1681 644 ἐν
1705 597 1772 662 τῷ
1798 592 1892 659 ὄρει
1911 607 1933 644 5

302 684 329 706 “
357 681 473 747 Σινᾷ
511 681 570 746 τῇ
611 677 759 746 ἡμέρᾳ
793 680 876 741 τῆς
909 678 1165 741 ἐκκλησίας
1197 676 1414 742 λέγοντες
1441 677 1517 727 Οὐ
1550 675 1894 742 προσθήσομεν

302 766 329 788 “
356 761 556 810 ἀκοῦσαι
591 762 674 823 τῆς
708 762 869 828 φωνῆς
897 761 1074 825 Κυρίου
1099 763 1182 809 τοῦ
1209 762 1334 810 Θεοῦ
1361 759 1505 823 ἡμῶν,
1533 759 1609 809 καὶ
1639 755 1693 808 τὸ
1718 762 1813 822 πῦρ
1837 754 1892 806 τὸ

301 848 329 870 “
353 840 476 907 μέγα
515 846 653 893 τοῦτο
698 842 781 892 οὐκ
820 840 1042 910 ὀψόμεθα
1081 841 1166 903 ἔτι,
1213 842 1288 891 καὶ
1331 841 1385 892 οὐ
1429 839 1494 904 μὴ
1535 838 1891 901 ἀποθάνωμεν.”

300 923 465 974 ἑαυτὸν
487 921 571 987 μὲν
596 922 690 990 γὰρ
725 922 780 974 τὸ
816 922 1031 987 τηνικάδε
1066 924 1266 987 μεσίτην
1297 925 1513 988 εἰρῆσθαι
1544 920 1891 988 διισχυρίζεται,

263 1027 285 1054 e
302 1009 396 1059 τοῖς
424 1004 538 1072 ὑπὲρ
564 1005 650 1070 τὴν
678 1005 828 1073 φύσιν
848 1010 1152 1071 προσβαλεῖν
1172 1004 1433 1069 ἀτονούσης
1459 1003 1525 1055 ἔτι
1549 1006 1632 1067 τῆς
1657 1002 1895 1053 Ἰουδαίων

304 1090 605 1153 Συναγωγῆς,
626 1090 701 1138 καὶ
728 1087 788 1138 τὰ
817 1086 928 1154 ὑπὲρ
956 1087 1153 1151 δύναμιν
1173 1086 1248 1138 διὰ
1275 1092 1413 1138 τοῦτο
1436 1083 1701 1155 σωφρόνως
1726 1106 1894 1149 παραι-

299 1170 538 1234 τουμένης.
594 1175 734 1220 τοῦτο
768 1169 816 1220 δὲ
849 1168 906 1234 ἧν
932 1170 1127 1221 θεοπτία
1154 1169 1391 1233 δηλονότι,
1420 1172 1520 1221 ταῖς
1559 1168 1642 1217 οὐκ
1681 1166 1738 1235 ἐξ
1764 1166 1896 1219 ε”θους

301 1252 587 1320 φαντασίαις
612 1251 698 1315 τὴν
725 1250 841 1320 ὄψιν
869 1251 1128 1320 ξενίζουσα,
1157 1252 1231 1301 καὶ
1262 1249 1553 1316 σαλπίγγων
1580 1250 1793 1316 ὑπερφυῆ
1820 1250 1896 1298 καὶ

300 1331 518 1401 ἀφόρητα
544 1338 639 1385 τοῖς
668 1333 976 1398 ἀκροωμένοις
1004 1332 1308 1400 ἀπηχήματα.

375 1416 565 1466 Οὐκοῦν
590 1416 836 1469 ἀσθενείας
870 1413 956 1479 μὲν
983 1420 1078 1469 τοῖς
1109 1414 1162 1466 τὸ
1188 1413 1401 1480 τηνικάδε
1430 1413 1660 1483 φάρμακα
1686 1413 1713 1477 ἡ
1743 1416 1892 1463 Μωυ-

298 1496 420 1551 σέως
463 1498 755 1548 ἀνεδείκνυτο
797 1498 1025 1562 μεσιτεία,
1068 1499 1392 1551 διακονοῦντος
1434 1498 1492 1564 τῇ
1537 1498 1797 1563 συναγωγῇ
1838 1493 1898 1545 τὰ

303 1578 464 1630 θεόθεν
490 1579 856 1643 τεθεσπισμένα.
902 1579 1162 1648 μεταλήψῃ
1189 1578 1237 1630 δὲ
1262 1579 1410 1631 πάλιν
1437 1577 1520 1630 τὸν
1539 1579 1687 1630 τύπον
1712 1580 1785 1629 ἐπὶ
1811 1575 1898 1642 τὴν

79 1681 164 1716 266
179 1679 230 1716 A.
263 1660 542 1726 αάλήθειαν,
569 1665 645 1713 καὶ
683 1661 766 1712 τὸν
800 1662 1000 1725 μεσίτην
1028 1664 1154 1712 Θεοῦ
1192 1663 1267 1713 καὶ
1307 1661 1570 1728 ἀνθρώπων
1605 1659 1681 1711 διὰ
1718 1659 1898 1711 τούτων

301 1743 537 1808 ἐννοήσεις
562 1743 793 1811 Χριστὸν,
821 1747 1124 1795 διακονοῦντα
1158 1748 1254 1798 τοῖς
1289 1743 1646 1810 εὐμαθεστέροις
1681 1741 1756 1793 διὰ
1788 1746 1891 1810 φω-

303 1828 384 1890 νῆς
411 1826 721 1893 ἀνθρωπίνης,
749 1825 824 1876 ὅτε
861 1826 916 1876 δι’
945 1826 1068 1889 ἡμᾶς
1102 1828 1150 1877 ἐκ
1186 1826 1404 1892 γυναικὸς
1438 1825 1676 1891 ἐγεννήθη,
1703 1822 1789 1888 τὴν
1814 1830 1897 1874 τοῦ

304 1912 429 1959 Θεοῦ
455 1910 531 1959 καὶ
560 1906 753 1974 Πατρὸς
784 1906 1052 1975 ἀπόρῥητον
1079 1908 1293 1974 θέλησιν,
1319 1906 1659 1974 γνωριζομένην
1683 1907 1808 1974 αὐτῷ
1840 1905 1897 1968 δὴ

305 1991 380 2040 καὶ
415 1990 563 2059 μόνῳ,
590 1989 707 2040 καθὸ
735 1992 810 2040 καὶ
836 1989 951 2044 Υἱὸς
985 1990 1041 2059 ἐξ
1070 1991 1212 2041 αὐτοῦ
1245 1992 1321 2041 καὶ
1355 1990 1507 2058 σοφία
1541 1994 1710 2041 νοεῖται
1742 1987 1899 2040 πάντα

84 2105 97 2127 1
114 2096 234 2127 conii.
305 2070 436 2125 εἰδὼς
482 2079 509 2102 “
535 2073 611 2123 καὶ
662 2070 721 2123 τὰ
772 2071 899 2135 βάθη
951 2077 1034 2122 τοῦ
1081 2071 1252 2123 Θεοῦ.”
1325 2070 1481 2135 ἐπειδὴ
1533 2071 1626 2138 γὰρ
1671 2076 1767 2125 τοῖς
1814 2077 1898 2122 τοῦ

86 2149 134 2171 ¹0'
305 2153 529 2218 σώματος
556 2155 826 2223 ὀφθαλμοῖς
861 2155 944 2204 οὐκ
979 2153 1037 2218 ἦν
1061 2154 1249 2223 ἀκράτῳ
1289 2156 1365 2205 καὶ
1402 2158 1559 2222 γυμνῇ
1597 2157 1899 2219 προσβαλεῖν

306 2239 365 2304 τῇ
405 2237 506 2306 θείᾳ
551 2259 599 2287 τε
646 2238 722 2287 καὶ
767 2236 954 2305 ἀρῥήτῳ
999 2235 1116 2304 δόξῃ
1158 2239 1241 2300 τῆς
1281 2235 1340 2287 τὰ
1378 2235 1535 2287 πάντα
1574 2235 1898 2301 ὑπερκειμένης

83 2331 188 2381 Exn-d..
308 2319 487 2372 οὐσίας·
530 2325 558 2348 “
579 2319 748 2372 Οὐδεὶς
786 2318 880 2385 γὰρ
918 2318 1089 2387 ὄψεται
1127 2317 1181 2369 τὸ
1220 2317 1484 2384 πρόσωπόν
1517 2341 1622 2381 μου,
1650 2320 1792 2385 φησὶ,
1823 2320 1897 2368 καὶ

81 2376 195 2405 xxxlil.

86 2428 135 2450 20.
263 2405 336 2446 b“
362 2399 598 2466 ζήσεται·”
640 2401 903 2466 ἀναγκαίως
941 2401 966 2451 ὁ
1008 2400 1285 2466 Μονογενὴς
1323 2407 1406 2452 τοῦ
1446 2405 1571 2452 Θεοῦ
1602 2399 1760 2465 Λόγος
1798 2404 1898 2453 ταῖς

308 2482 547 2548 ἡμετέραις
600 2483 862 2536 ἀσθενείαις
911 2483 1358 2550 συνεσχηματίζετο,
1402 2482 1456 2533 τὸ
1502 2482 1796 2549 ἀνθρώπινον
1841 2480 1898 2545 δὴ

306 2570 445 2615 τοῦτο
484 2564 603 2615 κατὰ
636 2563 719 2616 τὸν
751 2564 953 2632 ἄῤῥητον
983 2567 1065 2628 τῆς
1105 2566 1368 2628 οἰκονομίας
1406 2564 1555 2630 λόγον
1580 2564 1899 2634 ἠμφιεσμένος

1918 1022 1965 1046 10

1920 1842 1969 1867 20

307 2651 464 2711 σῶμα,
492 2649 566 2698 καὶ
598 2647 683 2711 τὴν
710 2647 889 2698 ἄνωθεν
916 2647 1040 2711 ἡμῖν,
1065 2647 1283 2697 τουτέστι
1314 2653 1397 2698 τοῦ
1424 2651 1549 2698 Θεοῦ
1585 2650 1661 2698 καὶ
1688 2645 1895 2713 Πατρὸς,
1920 2664 1971 2701 30

85 2723 208 2807 Ξζῆῗὸ
308 2727 518 2796 φανερὰν
544 2730 739 2780 ἐποιεῖτο
766 2728 964 2794 βουλὴν,
991 2729 1145 2795 λέγων
1171 2737 1197 2758 “
1221 2729 1390 2780 Πάντα
1426 2729 1521 2780 ὅσα
1555 2728 1740 2792 ἤκουσα
1770 2728 1900 2795 παρὰ

359 2874 389 2897 Ι.
414 2855 601 2907 ‹ivam-{15⁶⁰}
620 2863 696 2906 ὗμιν
716 2863 758 2897 Β.
824 2864 916 2908 ὑμῶν
935 2863 976 2897 Β.
995 2862 1088 2908 ἡμῶν
1105 2862 1172 2897 Ed.
1401 2874 1434 2908 3.
1461 2863 1538 2907 ἡμῖν
1554 2869 1775 2908 assumptum
1794 2875 1835 2897 ex
1856 2862 1897 2896 B.

309 2922 341 2951 4.
309 2911 492 2955 4σαφῶς
512 2910 554 2944 Β.
572 2911 694 2955 σοφῶς
713 2910 780 2944 Ed.
983 2919 1037 2955 15.
1062 2910 1124 2954 μὲν
1141 2916 1363 2955 assumptum
1382 2922 1423 2945 ex
1444 2910 1486 2944 B.
1677 2911 1732 2944 28.
1758 2909 1815 2955 δὴ]
1835 2910 1897 2953 δηα

310 2954 427 3001 [quasi
445 2955 516 3001 διὰ]
539 2956 579 2990 Β.
723 2968 780 3002 31.
807 2957 951 2991 ἐποιεῖτο
972 2957 1011 2991 Β.
1040 2957 1146 2991 ἐποιεῖ
1164 2956 1230 2991 Ed.
