2084 3317
119 692 172 722 Es.
192 692 236 722 xl.
250 702 279 732 9,

123 744 170 765 10.

119 795 277 845 S3Matth.

118 850 161 870 xl.
182 849 192 869 1
205 849 229 870 1.

120 937 227 976 Supra

119 991 138 1010 ι.
157 989 205 1019 29.

122 1676 282 1726 S·3¹.³¹²th·

122 1731 210 1750 xxm.
232 1729 282 1758 37,

124 1764 173 1802 38.

336 182 420 223 290
740 188 787 227 Β.
821 188 1095 229 CYRILLI
1137 188 1516 229 ALEXANDR.
1783 186 1837 225 iv.
1858 197 1923 240 30.

338 292 646 362 ἀποθαυμάζῃ
672 295 754 346 τὸν
780 296 971 361 Ἰησοῦν
998 301 1080 361 τῆς
1107 296 1192 361 μὲν
1218 302 1312 348 τῶν
1331 298 1569 348 Ἰουδαίων
1594 297 1927 357 ἀποδημοῦντα

296 375 322 415 b
342 377 645 442 Συναγωγῆς,
672 377 835 428 ἑαυτὸν
862 378 910 429 δὲ
945 383 1133 441 μᾶλλον
1165 385 1262 433 τοῖς
1296 378 1582 444 ἀλλογενέσι
1616 377 1923 443 δωρούμενον.

340 456 580 512 Ἰουδαίοις
619 458 705 520 μὲν
738 458 832 526 γὰρ
871 459 942 510 ὅτι
981 463 1056 511 καὶ
1095 461 1196 529 ἥξει
1236 463 1310 511 καὶ
1349 462 1423 511 ἐπὶ
1460 462 1587 512 τίσιν
1622 460 1929 526 ἀναφανεῖται

341 538 620 603 Χριστὸς,ὁ
656 539 732 590 διὰ
770 541 1014 595 Μωυσέως
1053 541 1309 607 διήγγελλε
1347 541 1500 605 νόμος,
1525 544 1785 610 προφητῶν
1818 538 1866 590 δὲ
1903 540 1928 589 ὁ

340 619 612 684 πάνσεμνος
647 621 925 687 ἁνεκήρυττε
959 621 1113 689 χορὸς,
1141 626 1216 673 καὶ
1242 625 1492 690 μονονουχὶ
1518 622 1732 689 παρόντα
1758 619 1928 673 λοιπὸν
1949 632 1971 669 5

341 702 415 751 ἐπὶ
466 702 628 767 θύραις
678 704 933 754 ἐπεδείκνυε
979 706 1136 770 λέγων
1181 712 1208 735 ‘⁶
1232 704 1356 756 Ἰδοὺ
1401 705 1426 755 ὁ
1472 704 1592 758 Θεὸς
1640 705 1785 768 ἡμῶν,
1830 703 1928 754 ἰδοὺ

343 788 370 810 “
398 783 617 848 Κύριος·”
659 786 734 834 καὶ
765 790 1031 839 τελευταῖος
1066 787 1140 837 ἐπὶ
1173 791 1322 837 πᾶσιν
1350 787 1374 837 ὁ
1400 785 1546 852 μέγας
1574 793 1600 816 “
1619 787 1666 836 ἐν
1692 789 1931 850 γεννητοῖς

343 871 368 892 “
396 866 658 929 γυναικῶν”
703 866 938 931 Ἰωάννης,
985 868 1073 932 ἤδη
1125 868 1370 937 πεφηνότα
1414 872 1488 920 καὶ
1534 867 1931 931 συνδιαιτώμενον

342 946 548 1014 φανερὸν
587 949 791 1013 καθίστη
830 948 984 1015 λέγων
1017 948 1158 1001 “”Ιδε
1197 952 1222 1001 ὁ
1261 950 1407 1013 ἀμνὸς
1441 956 1524 1001 τοῦ
1561 954 1684 1001 Θεοῦ
1724 951 1749 1000 ὁ
1788 950 1931 1015 α’ίρων

344 1035 370 1056 “
396 1027 481 1092 τὴν
507 1029 738 1095 ἁμαρτίαν
763 1037 846 1081 τοῦ
873 1030 1099 1095 κόσμου.”
1153 1033 1229 1082 καὶ
1265 1031 1318 1083 τό
1352 1055 1406 1098 γε
1437 1031 1629 1083 πάντων
1654 1031 1924 1100 παραδοξό-
1956 1045 2003 1071 10

305 1133 488 1176 οτερον,
529 1111 604 1162 διὰ
648 1117 849 1163 πολλῶν
887 1112 1182 1179 πραγμάτων
1221 1114 1459 1179 δυνάμεώς
1502 1137 1552 1165 τε
1591 1117 1666 1165 καὶ
1713 1113 1933 1183 ἐξουσίας

343 1197 630 1259 θεοπρεποῦς
667 1194 832 1245 ἑαυτὸν
859 1195 883 1245 ὁ
911 1194 1080 1262 Σωτὴρ
1120 1196 1423 1265 ἐξεκάλυπτε.
1485 1197 1533 1247 τί
1565 1196 1621 1260 δὴ
1658 1195 1828 1247 λοιπὸν
1857 1198 1932 1247 ἐπὶ

342 1275 520 1328 τούτοις
557 1279 598 1325 οἱ
633 1276 751 1342 πρὸς
790 1275 1015 1330 ἐκτόπους
1053 1276 1271 1345 ἀχάλινοι
1309 1282 1546 1342 μελετῶσι
1584 1278 1795 1339 βουλάς;
1844 1282 1933 1346 φο-

344 1359 489 1406 νῶσιν
528 1357 710 1419 ἀδίκως,
752 1358 1112 1418 ἐπιβουλεύουσι
1152 1363 1418 1423 δυσσεβῶς,
1459 1364 1694 1427 φθονοῦσι
1733 1358 1930 1425 δυστρό-

342 1460 455 1499 πως,
484 1441 570 1502 γῆς
605 1461 653 1489 τε
689 1441 762 1489 καὶ
796 1439 981 1494 πόλεως
1015 1443 1097 1504 τῆς
1131 1442 1309 1492 ἑαυτῶν
1337 1441 1646 1510 ἐξελαύνουσι
1678 1441 1764 1505 τὴν
1790 1440 1931 1507 ζωὴν,
1958 1457 2004 1494 15

342 1517 396 1569 τὸ
437 1524 553 1587 φῶς,
592 1520 678 1584 τὴν
718 1520 942 1573 ἁπάντων
982 1523 1239 1591 σωτηρίαν,
1279 1521 1366 1587 τὴν
1404 1527 1466 1578 εἷς
1507 1522 1762 1584 βασιλείαν
1801 1521 1930 1585 ὁδὸν,

345 1605 436 1651 τῶν
462 1602 887 1667 πλημμελημάτων
913 1603 999 1667 τὴν
1025 1604 1214 1674 ἄφεσιν,
1237 1608 1320 1669 τῆς
1348 1606 1579 1659 υἱοθεσίας
1605 1604 1688 1656 τὸν
1713 1604 1933 1675 χορηγόν.

300 1697 324 1737 (1
345 1682 420 1734 διά
470 1707 541 1735 τοι
591 1690 728 1736 τοῦτο
780 1686 964 1740 δικαίως
1015 1686 1226 1755 ἔφασκεν
1273 1689 1297 1738 ὁ
1351 1687 1518 1754 Σωτήρ
1565 1694 1593 1716 “
1618 1685 1935 1753 Ἰερουσαλὴμ

346 1772 373 1794 “
396 1766 715 1831 Ἰερουσαλὴμ
755 1767 783 1831 ἡ
824 1769 1151 1819 ἀποκτένουσα
1190 1769 1297 1824 τοὺς
1335 1768 1586 1837 προφήτας
1624 1771 1701 1820 καὶ
1741 1772 1934 1830 λιθοβο-

346 1854 373 1876 “
400 1852 559 1898 λοῦσα
591 1848 699 1902 τοὺς
734 1851 1123 1912 ἀπεσταλμένους
1150 1851 1267 1918 πρὸς
1295 1851 1454 1916 αὐτὴν,
1481 1850 1685 1904 ποσάκις
1719 1850 1936 1915 ἠθέλησα
1959 1872 2007 1896 20

347 1935 373 1956 ‘⁴
398 1929 761 1996 ἐπισυναγαγεῖν
800 1931 859 1981 τὰ
897 1932 1034 1983 τέκνα
1072 1956 1164 1984 σου
1203 1933 1256 1985 ὃν
1288 1932 1463 1999 τρόπον
1501 1932 1627 1999 ὅρνις
1664 1933 1937 1998 ἐπισυνάγει

347 2018 373 2038 “
400 2009 458 2060 τὰ
492 2012 668 2062 νοσσία
702 2014 866 2076 ἑαυτῆς
900 2014 990 2065 ὑπὸ
1023 2013 1106 2068 τὰς
1138 2015 1389 2082 πτέρυγας,
1420 2017 1494 2066 καὶ
1530 2016 1612 2065 οὐκ
1648 2014 1932 2079 ἠθελήσατε·

349 2099 374 2121 “
403 2091 501 2143 ἰδοῦ
546 2094 731 2162 ἀφίεται
784 2097 890 2158 ὑμῖν
934 2097 958 2146 ὁ
1005 2094 1128 2150 οἶκος
1175 2098 1348 2160 ὑμῶν.”
1420 2100 1705 2163 Σαμαρεῖται
1756 2096 1804 2147 δὲ
1855 2099 1938 2160 τῆς

347 2175 586 2226 Ἰουδαίων
613 2177 833 2230 ἀπονοίας
859 2179 1199 2245 ἀναφαίνονται
1225 2179 1493 2244 κρείττονες,
1522 2181 1597 2229 καὶ
1626 2177 1712 2243 τὴν
1737 2180 1939 2230 ἐνοῦσαν

351 2258 505 2311 αὐτοῖς
558 2259 826 2322 δυσμαθίαν
878 2264 978 2313 ταῖς
1038 2261 1304 2315 εὐπειθείαις
1366 2260 1654 2324 νικήσαντες,
1705 2260 1806 2315 ἑνὸς
1863 2263 1939 2312 καὶ
1961 2279 2010 2317 25

313 2360 333 2384 e
351 2339 496 2402 μόνου
526 2340 902 2395 κατακούσαντες
938 2342 1188 2405 θαύματος,
1217 2346 1429 2409 δρομαῖοι
1455 2342 1730 2409 βαδίζουσιν
1756 2344 1830 2395 ἐπὶ
1856 2343 1940 2395 τὸν

349 2420 554 2486 Ἰησοῦν,
581 2423 635 2473 οὐ
674 2428 773 2476 ταῖς
811 2427 905 2474 τῶν
938 2425 1086 2493 ἁγίων
1119 2429 1379 2494 προφητῶν
1410 2425 1804 2488 ἀναπεπεισμένοι
1839 2431 1940 2493 φω-

397 2574 429 2608 3.
456 2564 507 2597 καὶ
527 2563 623 2608 prius
642 2569 865 2608 assumptum
884 2575 925 2598 ex
947 2563 987 2598 Β.
1273 2567 1305 2600 6.
1334 2566 1478 2601 ἐδείκνυε
1500 2566 1540 2600 Β.
1617 2569 1634 2601 ὁ
1654 2568 1739 2603 Θεὸς
1757 2569 1774 2601 ὁ
1793 2569 1878 2604 Θεὸς
1897 2568 1941 2602 Β.

351 2611 383 2645 8.
411 2611 470 2654 ἤδη
489 2622 558 2645 om.
579 2610 620 2644 B.
754 2621 805 2644 10.
833 2612 872 2644 τό
889 2626 928 2656 γε
949 2610 1042 2646 B.D.
1060 2613 1137 2646 τότε
1155 2611 1222 2647 Ed.
1360 2625 1412 2647 12.
1439 2614 1658 2657 ἐξεκάλυπτε.
1691 2615 1725 2649 τί
1742 2614 1780 2658 δὴ
1798 2614 1938 2660 λοιπὸν]

399 2667 411 2681 Ε

368 2668 379 2682 Ε
1817 2671 1858 2687 νοΐ,

351 2656 590 2725 ἆξοκάλυπτεν
607 2691 668 2735 ἤδη
686 2692 818 2725 λοιπὸν·
842 2691 882 2726 Β.
995 2702 1049 2737 13.
1075 2691 1252 2738 ε’κτόπους]
1277 2697 1313 2733 -Ι-
1335 2693 1439 2737 ὀργὰς
1459 2693 1500 2727 Β.
1552 2693 1677 2728 Statim
1696 2693 1880 2739 ἇχάλινους
1899 2695 1940 2730 Β.

357 2749 409 2779 14.
436 2737 607 2782 φθονοῦσι
627 2738 672 2772 D.
691 2740 838 2783 φονοῦσι
859 2738 924 2773 Ed.
1042 2738 1094 2773 16.
1120 2739 1214 2785 ὁδὸν]
1239 2745 1275 2779 -f—
1298 2741 1350 2773 καὶ
1371 2740 1436 2774 Ed.
1456 2741 1565 2774 invito
1585 2740 1627 2774 B.
1749 2751 1802 2786 17.
1827 2743 1940 2786 πλημ-

353 2785 552 2827 μελημάτων
573 2784 612 2817 Β.
632 2785 922 2829 πλημμελούντων
941 2784 1006 2819 Ed.
1153 2787 1206 2820 18.
1232 2801 1282 2819 τοι
1301 2794 1523 2831 assumptum
1542 2799 1583 2821 ex
1602 2787 1644 2821 B.
1779 2799 1832 2833 19.
1857 2788 1940 2822 ἀπο-

355 2831 517 2865 κτένουσα
535 2831 627 2864 B.D.
644 2831 894 2877 [ἀποκτενοῦσα
910 2831 969 2876 Β.]
986 2831 1231 2867 ἀποκτείνουσα
1248 2832 1313 2867 Ed.
1362 2833 1647 2877 λιθοβολήσουσα
1664 2834 1704 2868 Β.
1794 2846 1849 2869 21.
1868 2834 1940 2869 ε’πι-

354 2879 492 2922 συνάγει
510 2890 579 2912 om.
602 2878 642 2911 B.
664 2879 717 2921 (ut
736 2891 843 2923 supra
863 2889 928 2924 150
946 2879 992 2921 c.)
1102 2890 1156 2924 23·
1183 2880 1259 2922 ὑμῖν
1277 2892 1345 2914 om.
1368 2880 1408 2914 B.
1474 2879 1582 2925 ὑμῶν]
1606 2885 1643 2921 -Ι-
1664 2881 1786 2925 ἔρημος
1806 2881 1940 2926 Migne.

353 2927 419 2957 τῶν
436 2936 498 2968 pro
516 2925 574 2967 τῆς
593 2925 727 2970 Migne.
862 2926 917 2959 26.
944 2924 1211 2961 κατακούσαντες
1229 2926 1424 2969 ἐθαύμασαν
1441 2927 1625 2980 δραμόντες
1640 2928 1841 2970 βαδίζουσιν
1857 2928 1942 2973 πρὸς

353 2982 391 3014 τὸ
410 2981 529 3024 θαῦμα.
560 2982 612 3016 ἐπὶ
630 2984 688 3016 τὸν
705 2981 838 3026 Ἰησοῦν
856 2983 894 3016 οὐ
912 2984 983 3018 ταῖς
1000 2983 1039 3017 Β.
1059 2983 1123 3017 alia
1142 2995 1247 3017 manu
1267 2983 1308 3017 ad
1326 2982 1460 3028 Ἰησοῦν
1478 2986 1574 3019 addit
1593 2985 1781 3030 ἐπείγονται
1800 2984 1829 3018 Β
1844 2997 1915 3030 mg.
