2084 3317
329 153 411 193 158
729 153 780 194 Β.
814 152 1088 193 CYRILLI
1130 152 1512 193 ALEXANDR
1804 152 1830 193 i.
1853 152 1916 192 18.

101 272 202 346 51⁰¹}
328 284 448 315 τινες
472 266 568 313 τῶν
594 265 842 329 θεομαχεῖν
869 262 1159 327 εἰθισμένων,
1183 269 1209 291 “
1225 259 1290 312 ὧν
1316 260 1370 312 τὸ
1398 267 1540 328 κρῖμα
1567 261 1746 312 ἔνδικόν
1772 260 1917 312 ἐστι·”

103 340 248 391 1ν[’ῐο.’ῑὶί.
327 343 484 394 πάντα
517 343 610 411 γὰρ
646 343 705 395 τὰ
742 343 861 411 ὀρθὰ
897 343 1255 412 διαστρέφουσι,
1289 342 1408 394 κατὰ
1444 342 1530 407 τὴν
1556 348 1639 394 τοῦ
1671 343 1922 412 προφήτου

102 412 133 443 9-
328 425 507 493 φωνὴν,
561 424 644 479 τὰς
702 431 797 476 τῶν
854 425 1198 492 ἁπλουστέρων
1252 425 1578 492 παραλύοντες
1634 425 1790 488 ἀκοὰς,
1846 428 1922 476 καὶ

103 509 238 590 ἑίξρξὲ
281 511 355 551 b“
382 508 729 574 ἁμαρτάνοντες
780 506 1069 576 ἀφυλάκτως
1122 511 1184 561 εἷς
1235 505 1342 560 τοῦς
1395 506 1645 576 ἀδελφοὺς,
1692 508 1807 573 ὑπὲρ
1858 506 1923 558 ὧν

105 605 154 626 11·
328 597 355 618 ‘⁶
383 589 597 655 Χριστὸς
637 590 884 641 ἀπέθανε.”
1943 606 1966 645 5

402 673 467 722 Τι’
492 670 586 738 γὰρ
623 673 680 736 δὴ
716 675 792 723 καὶ
829 677 991 722 νοοῦσι
1026 673 1102 722 καὶ
1139 670 1336 736 λέγουσι
1371 674 1445 721 καὶ
1477 671 1717 722 διδάσκειν
1742 672 1924 738 ἑτέρους

325 756 660 821 ἐπιχειροῦσιν,
691 756 946 820 ἀναγκαῖον
980 757 1137 804 εἰπεῖν·
1188 758 1246 807 εἷς
1281 754 1348 804 τὶν
1384 754 1549 804 κόλπον
1583 756 1654 804 τοῦ
1688 757 1812 804 Θεοῦ
1847 757 1923 805 καὶ

329 837 504 903 Πατρὶς
543 835 626 887 τὸν
658 835 777 888 Υἱὸν
812 834 927 887 εἶναι
966 841 1048 886 τοῦ
1088 835 1224 900 ἁγίου
1265 834 1490 900 λέγοντος
1533 835 1918 900 Εὑαγγελιστοῦ,

326 916 425 969 εἶτα
463 922 557 969 τῶν
596 921 680 983 τῆς
716 919 1011 982 Ἐκκλησίας
1055 917 1229 968 τέκνων
1275 917 1507 967 νοούντων
1552 917 1716 982 ὀρθῶς,
1756 919 1831 968 καὶ
1874 920 1924 968 ἐκ

328 998 521 1066 Πατρὸς
557 1003 631 1051 καὶ
671 1002 720 1052 ἐν
754 1004 911 1067 Πατρὶ
950 999 1025 1052 διὰ
1058 1005 1198 1050 τοῦτο
1238 998 1666 1062 διαβεβαιουμένων
1698 997 1924 1067 ὑπάρχειν
1947 1022 1994 1047 10

327 1081 483 1145 αὐτὸν,
525 1085 601 1134 καὶ
639 1083 693 1134 τὸ
733 1085 780 1134 ἐν
819 1082 1037 1149 γεννήσει
1077 1081 1279 1147 γνήσιον
1318 1081 1654 1147 ἀποσώζεσθαι
1699 1083 1807 1144 δεῖν,
1848 1085 1924 1133 καὶ

327 1163 461 1227 μάλα
500 1164 701 1228 εἰκότως,
740 1165 1136 1234 φιλονεικούντων
1175 1164 1343 1225 αὐτῶν,
1385 1167 1672 1228 διαγελῶσιν
1711 1164 1842 1217 εὐθὺς
1882 1168 1924 1215 οἱ

325 1246 462 1314 πάσῃ
514 1246 764 1308 μεθύοντες
815 1248 1007 1316 ἀμαθίᾳ,
1053 1249 1128 1298 καὶ
1173 1246 1229 1309 δὴ
1283 1248 1357 1296 καὶ
1408 1247 1722 1308 ἀποτολμῶσι
1767 1246 1924 1311 λέγειν

286 1350 309 1378 c
328 1330 499 1393 Λῆρος,
528 1326 565 1379 ῶ
602 1330 743 1392 οῦτοι,
775 1328 835 1380 τὰ
868 1331 977 1395 παρ’
1009 1331 1128 1393 ὑμῖν·
1174 1329 1227 1379 οὐ
1263 1327 1358 1394 γὰρ
1395 1328 1706 1381 εὐπαιδεύτως
1732 1328 1791 1378 τὰ
1816 1331 1924 1395 περὶ

327 1414 453 1461 Θεοῦ
489 1410 718 1480 δοξάζετε,
754 1410 828 1462 διὰ
867 1410 921 1462 τὸ
960 1412 1008 1461 ἐν
1045 1412 1209 1480 κόλπῳ
1249 1411 1477 1475 λέγεσθαι
1517 1412 1589 1460 τοῦ
1627 1411 1802 1477 Πατρὶς
1840 1410 1923 1461 τὸν
1947 1433 1993 1471 15

327 1492 444 1543 Υιὸν
471 1493 793 1562 ἐκπεφυκέναι,
819 1493 1009 1547 πάντως
1036 1492 1178 1544 αὐτὸν
1206 1491 1406 1554 οἰόμενοι
1443 1495 1524 1556 τῆς
1560 1492 1724 1546 οὐσίας
1758 1493 1919 1562 αὐτοῦ,

326 1576 402 1624 καὶ
429 1578 512 1639 τῆς
545 1575 774 1641 ἀγενήτου
811 1574 1003 1644 φύσεως
1039 1573 1153 1626 εἶναι
1189 1572 1371 1640 καρπὸν
1397 1574 1602 1638 ἀνοήτως
1632 1574 1916 1638 ὑπολαμβά-

326 1680 501 1711 νοντες.
556 1657 585 1722 ἢ
625 1658 717 1724 γὰρ
759 1659 842 1709 οὐκ
880 1657 1131 1722 ἠκούσατε,
1170 1658 1337 1725 φασὶν,
1377 1658 1424 1706 ἐν
1463 1660 1563 1709 ταῖς
1601 1657 1924 1722 εὐαγγελικαῖς

324 1746 642 1805 παραβολαῖς,
670 1741 746 1792 ὅτε
784 1739 892 1793 τοῦς
931 1744 1034 1806 περὶ
1073 1745 1157 1791 τοῦ
1196 1739 1436 1790 πλουσίου
1476 1740 1551 1788 καὶ
1590 1743 1673 1789 τοῦ
1706 1738 1924 1805 Λαζάρου

325 1820 502 1887 λόγους
529 1822 668 1877 αὐτὸς
695 1825 891 1874 ἐποιεῖτο
918 1822 1146 1888 Χριστὸς,
1176 1821 1246 1872 ὅτι
1273 1820 1455 1886 ἐγένετο
1484 1818 1532 1871 δὲ
1564 1821 1816 1871 ἀποθανεῖν
1842 1822 1924 1872 τὸν
1945 1849 1995 1874 20

102 1912 226 1985 ἓξὲξ
328 1903 563 1970 Λάζαρον,
597 1913 622 1935 “
643 1908 719 1957 καὶ
755 1907 1068 1972 ἀπενεχθῆναι
1104 1902 1195 1955 ὑπὸ
1230 1907 1324 1953 τῶν
1351 1902 1572 1968 ἀγγέλων
1597 1906 1659 1956 εἰς
1695 1902 1777 1953 τὸν
1802 1902 1920 1954 κόλ-

163 1979 168 1985 ’
231 1979 237 1985 ¹
281 1992 354 2043 (1ιζ
381 2009 472 2037 πον
499 1993 582 2038 τοῦ
608 1987 895 2054 (Αβραάμ;”
938 1987 1115 2038 δώσετε
1151 1985 1207 2050 δὴ
1244 1986 1325 2035 οῦν
1359 1984 1434 2036 διὰ
1469 1984 1523 2035 τὸ
1559 1986 1606 2035 ἐν
1639 1982 1804 2054 κόλπῳ
1840 1990 1924 2036 τοῦ

325 2068 552 2134 Ἀβραὰμ
579 2070 801 2135 γενέσθαι
827 2069 910 2120 τὸν
938 2068 1171 2135 Λάζαρον,
1198 2067 1254 2136 ἐξ
1284 2068 1427 2117 αὐτοῦ
1461 2071 1535 2117 καὶ
1572 2069 1619 2117 ἐν
1645 2067 1771 2136 αὐτῷ
1805 2068 1924 2118 κατὰ

326 2148 477 2218 φύσιν
522 2152 749 2219 ὑπάρχειν
788 2151 944 2214 αὐτὸν,
984 2150 1013 2217 ἢ
1055 2156 1194 2202 τοῦτο
1237 2150 1322 2213 μὲν
1363 2148 1722 2216 παραιτήσεσθε
1767 2149 1924 2214 λέγειν

326 2238 566 2286 ποιοῦντες
602 2235 768 2300 ὀρθῶς,
795 2233 871 2284 διὰ
908 2232 956 2284 δὲ
993 2239 1075 2284 τοῦ
1112 2231 1294 2283 κόλπου
1330 2231 1415 2295 τὴν
1442 2229 1687 2297 ἀγάπησιν
1713 2236 1924 2282 νοεῖσθαι
1945 2255 1994 2294 25

327 2316 404 2365 καὶ
438 2316 568 2366 αὐτοὶ
603 2315 696 2366 σῦν
723 2316 832 2380 ἡμῖν
858 2313 1229 2382 συγχωρήσετε,
1273 2311 1388 2364 εῖναι
1421 2318 1672 2378 τοιγαροῦν
1698 2311 1781 2364 τὸν
1806 2312 1924 2364 Υιὸν

327 2398 375 2446 ἐν
409 2396 575 2466 κόλπῳ
616 2397 772 2467 φαμὲν
806 2403 889 2448 τοῦ
930 2401 1056 2447 Θεοῦ
1096 2398 1171 2447 καὶ
1209 2394 1413 2459 Πατρὸς,
1449 2396 1550 2444 ἀντὶ
1589 2400 1671 2445 τοῦ
1709 2396 1758 2445 ἐν
1796 2397 1919 2460 ἀγα-

104 2485 198 2515 Infra
211 2485 257 2516 iii.
327 2477 485 2542 πήσει,
519 2479 641 2531 καθὰ
676 2484 752 2530 καὶ
789 2478 926 2531 αὐτός
968 2501 1060 2530 που
1100 2478 1253 2546 φησίν
1289 2485 1315 2506 “
1336 2477 1398 2527 ‘O
1429 2475 1598 2543 Πατὴρ
1637 2478 1804 2545 ἀγαπᾷ
1841 2477 1923 2527 τὸν

105 2536 156 2568 35·
328 2568 356 2590 ⁴⁶
382 2560 543 2612 devf’

402 2644 544 2693 Ἀλλ’
574 2642 688 2694 ὅταν
713 2641 895 2696 τούτοις
922 2642 1042 2706 ἡμᾶς
1068 2640 1246 2692 παίωσι
1272 2644 1367 2693 τοῖς
1404 2637 1567 2705 λόγοις
1602 2643 1643 2689 οἱ
1679 2645 1918 2708 φιλεπιτι-
1944 2668 1994 2703 30
2058 2702 2060 2707 λ

289 2750 310 2776 e
327 2727 483 2789 μηταὶ,
518 2723 605 2776 κάν
639 2723 758 2790 πρὸς
793 2723 938 2787 μόνον
972 2722 1027 2773 τὸ
1064 2724 1462 2786 διαλοιδορεῖσθαι
1497 2723 1677 2787 γοργοὶ,
1704 2720 1809 2772 τότε
1846 2725 1923 2772 καὶ

375 2920 406 2954 6.
435 2921 488 2954 καὶ
507 2921 662 2965 primum
679 2927 713 2955 et
730 2920 865 2965 ἑτέρους
883 2925 1067 2964 assumpta
1083 2930 1124 2951 ex
1145 2917 1187 2951 B.
1310 2929 1362 2959 14.
1389 2916 1467 2961 ὑμῖν
1486 2917 1580 2951 D.E.
1602 2917 1736 2961 Migne.
1756 2916 1833 2960 ἡμῖν
1851 2916 1917 2951 Ed.

331 2978 384 3011 15.
411 2967 585 3010 δοξάζεται
606 2968 647 3001 Β.
743 2979 799 3012 30.
826 2967 911 3011 ἡμᾶς
928 2965 1059 3001 τούτοις
1074 2965 1213 2999 inverso
1232 2963 1354 2998 Ordine
1374 2963 1415 2998 Β.
1512 2974 1570 3008 31.
1597 2964 1656 2998 κᾶν
1675 2963 1717 2998 Β.
1735 2962 1789 2998 καὶ
1810 2963 1875 2998 Ed.
