2084 3317
308 185 392 224 294
711 184 760 226 B.
793 183 1067 225 CYRILLI
1108 183 1486 225 ALEXANDR.
1752 182 1806 223 iv.
1826 196 1892 238 34.

309 300 336 321 ‘⁶
362 292 518 358 γησάς
541 316 613 357 με,
640 295 713 345 καὶ
740 292 858 357 μετὰ
884 293 1027 362 δόξης
1053 292 1364 360 προσελάβου
1391 294 1491 356 με·”
1533 292 1686 358 ὁράτω
1712 291 1897 355 θέλημα

84 367 137 440 ξδ’
158 367 246 397 xxix.
308 375 457 427 πάλιν
500 377 548 426 ἐν
590 379 656 445 τῷ
704 375 861 440 λέγειν
902 374 1044 426 αὐτόν
1083 383 1110 405 “
1140 375 1285 441 Κύριε
1329 377 1377 426 ἐν
1421 379 1487 444 τῷ
1533 372 1767 438 θελήματί
1806 395 1898 423 σου

310 466 336 489 “
361 457 617 525 παράσχου
666 461 733 526 τῷ
784 456 952 508 κάλλει
1003 479 1095 521 μου
1145 456 1388 520 δύναμιν.”
1463 461 1617 522 νευροῖ
1661 454 1755 521 γὰρ
1805 458 1901 505 τῶν

309 541 455 606 ἁγίων
489 538 542 590 τὸ
575 538 767 601 κάλλος,
794 538 1011 589 τουτέστι
1049 536 1135 601 τὴν
1169 542 1230 591 εἷς
1266 536 1462 589 ἅπασαν
1493 536 1661 604 ἀρετὴν
1695 536 1896 605 εὐεξίαν,

310 621 364 672 τὸ
391 620 481 687 ζῶν
506 644 555 671 τε
582 622 657 670 καὶ
688 618 1010 670 ἐνυπόστατον
1036 617 1225 683 θέλημα
1260 625 1343 670 τοῦ
1371 619 1576 686 Πατρὸς,
1604 618 1848 670 τουτέστιν
1875 618 1900 668 ὁ
1921 631 1943 669 5

311 703 441 757 Υἱός.
505 702 576 752 ὅτι
614 701 706 769 γάρ
745 703 848 752 ἐστι
887 703 963 751 καὶ
1001 700 1207 765 δύναμις,
1242 699 1391 752 πάλιν
1429 702 1637 752 ἐντεῦθεν
1676 698 1899 763 συνήσεις

88 789 171 823 198
193 788 237 821 A·
272 782 617 846 3“’Έντειλαι,
652 784 817 852 φησιν,
857 784 882 834 ὃ
922 782 1044 837 Θεὸς
1082 787 1141 851 τῇ
1180 781 1369 846 δυνάμει
1407 805 1515 844 σου,
1554 781 1835 845 δυνάμωσον
1873 782 1899 831 ὁ

86 838 246 922 {Es-,mm
314 874 341 896 ‘⁶
368 864 490 920 Θεὸς
523 871 662 917 τοῦτο
699 864 724 916 ὃ
759 865 1028 931 κατηρτίσω
1064 865 1205 929 ήμΐν.’

1210 863 1220 879 ›

1273 865 1383 931 ὁρᾶς
1410 866 1459 915 ἐν
1484 864 1663 917 τούτοις
1693 864 1900 929 ἀκριβῶς

312 949 495 1018 εὐδοκία
528 953 612 999 τοῦ
648 951 772 999 Θεοῦ
809 948 886 998 καὶ
923 946 1127 1013 Πατρός,
1159 950 1494 1013 σαρκωθεΐσαν
1529 947 1670 996 αὐτοῦ
1705 944 1791 1009 τὴν
1822 945 1901 996 δυ’-

312 1053 464 1095 ναμιν,
503 1028 718 1081 τουτέστι
755 1028 839 1080 τὸν
876 1028 1008 1091 Υὶὸν,
1046 1028 1122 1079 ἵνα
1161 1028 1419 1096 δυναμώσῃ
1457 1033 1596 1080 τοῦτο
1635 1026 1751 1094 ὅπερ
1795 1027 1901 1090 ἡμῖν
1925 1046 1973 1071 10

312 1113 631 1180 κατηρτίσατο
664 1115 822 1177 σῶμα.
879 1115 916 1162 εὶ
950 1108 1015 1175 μὴ
1052 1109 1146 1177 γὰρ
1182 1109 1456 1175 ἐσκήνωσεν
1487 1111 1535 1161 ἐν
1565 1109 1686 1173 ἡμῖν,
1715 1108 1815 1159 οὐδ’
1844 1107 1902 1159 ἂν

313 1194 437 1249 ὅλως
476 1194 560 1259 τὴν
591 1192 686 1246 ἀπὸ
725 1197 907 1263 φθορᾶς
947 1193 1196 1243 ἀσθένειαν
1227 1192 1255 1256 ἡ
1294 1195 1376 1256 τῆς
1414 1189 1594 1258 σαρκὸς
1633 1190 1902 1242 ἀπεδύσατο

313 1276 474 1345 φύσις.
541 1275 680 1330 αὐτὸς
723 1280 974 1342 τοιγαροῦν
1013 1273 1238 1341 ὑπάρχων
1277 1274 1302 1324 ὁ
1341 1272 1454 1326 Υἱὸς
1499 1272 1552 1323 τὸ
1597 1272 1777 1338 ἀγαθὸν
1818 1278 1901 1323 τοῦ

315 1357 506 1425 Πατρὸς
547 1357 748 1423 θέλημα,
787 1361 953 1409 τελειοῖ
994 1357 1039 1407 τὶ
1087 1356 1205 1427 ἔργον
1246 1358 1389 1418 αὑτοῦ,
1429 1357 1642 1422 σωτηρία
1685 1360 1782 1409 τοῖς
1824 1378 1901 1406 πι-

313 1439 567 1491 στεύουσιν
593 1443 655 1494 εἰς
681 1438 823 1491 αὐτὸν
850 1438 1244 1502 ἀναδεικνύμενος.
1925 1450 1971 1489 15

268 1518 295 1559 b
386 1523 528 1573 Ἀλλ’
556 1524 651 1589 ἐρεῖ
683 1544 753 1575 τις
789 1519 908 1587 πρὸς
946 1525 1085 1571 τοῦτο
1124 1519 1267 1587 τυχόν
1295 1523 1353 1571 El
1388 1517 1526 1572 αὑτός
1561 1520 1692 1570 ἐστιν
1728 1521 1752 1570 ὁ
1787 1519 1901 1574 Υἱὸς

312 1604 367 1656 τὸ
401 1604 587 1669 θέλημα
617 1609 699 1656 τοῦ
729 1602 935 1670 Πατρός,
961 1607 1097 1654 ποῖον
1124 1603 1377 1666 ἀπεσταλη
1402 1601 1680 1667 πληρώσων
1700 1600 1899 1670 θέλημας

312 1691 382 1739 δεῖ
413 1686 507 1754 γὰρ
544 1686 700 1754 ἕτερον
732 1684 847 1736 εἶναι
879 1683 1010 1751 παρὰ
1043 1682 1126 1735 τὸν
1155 1689 1432 1750 πληροῦντα
1465 1683 1519 1734 τὸ
1554 1683 1898 1750 πληρούμενον.

312 1769 361 1820 τί
407 1770 489 1820 οὖν
533 1769 625 1835 ἄρα
669 1767 788 1835 πρὸς
832 1766 970 1818 τοῦτό
1017 1771 1205 1835 φαμεν;
1264 1768 1453 1818 ἀπαιτεῖ
1492 1765 1576 1829 μὲν
1620 1765 1767 1820 ὅντως
1808 1770 1903 1816 τῶν

314 1850 558 1914 ὀνομάτων
593 1851 621 1914 ἡ
662 1850 791 1904 θέσις
829 1853 925 1900 τῶν
960 1847 1319 1912 σημαινομένων
1351 1847 1436 1912 τὴν
1468 1846 1729 1914 ἑτερότητα,
1764 1850 1898 1898 ἀδια-
1925 1868 1974 1893 20

316 1937 456 2001 φορεῖ
477 1931 524 1983 δὲ
549 1932 783 1985 πολλάκις
810 1933 884 1982 ἐπὶ
911 1935 1051 1992 Θεοῦ,
1074 1932 1148 1982 καὶ
1175 1929 1228 1981 τὸ
1255 1929 1444 1997 ἀκριβὲς
1470 1932 1518 1981 ἐν
1543 1931 1722 1983 τούτοις
1747 1931 1772 1980 ὁ
1797 1931 1902 1996 περὶ

315 2017 397 2077 τῆς
433 2012 656 2064 ἀνωτάτω
693 2013 883 2075 φύσεως
917 2017 1209 2080 παραιτεῖται
1244 2011 1404 2079 λόγος.
1459 2017 1673 2063 λαλεῖται
1712 2010 1806 2078 γὰρ
1844 2010 1905 2062 τὰ

314 2097 420 2161 περὶ
459 2096 614 2159 αὐτῆς,
654 2096 740 2162 οὐχ
780 2096 842 2148 ὡς
881 2094 973 2162 ἔχει
1017 2093 1205 2149 πάντως
1250 2094 1486 2158 ἀληθείας,
1526 2094 1637 2145 ἀλλ’
1679 2092 1805 2147 ὅπως
1846 2092 1904 2144 ἂν

276 2178 502 2229 Οδύναιτο
543 2177 853 2244 διερμηνεύειν
893 2176 919 2240 ἡ
961 2180 1171 2242 γλῶττα,
1210 2177 1287 2227 καὶ
1333 2177 1411 2230 οὖς
1451 2179 1805 2241 κατακροᾶσθαι
1849 2174 1904 2226 τὸ

314 2259 623 2325 ἀνθρώπινον.
677 2260 702 2309 ὁ
740 2257 835 2324 γὰρ
873 2260 921 2309 ἐν
958 2259 1195 2324 αἰνίγματι
1233 2259 1444 2320 βλέπων,
1476 2259 1525 2308 ἐν
1557 2257 1794 2323 αἰνίγματι
1828 2259 1903 2308 καὶ
1926 2273 1974 2312 25

314 2346 466 2393 λαλεῖ.
531 2342 627 2392 ἐπεὶ
671 2341 721 2391 τί
759 2338 972 2405 ποιήσεις
1016 2339 1128 2390 ὅταν
1172 2341 1197 2390 ὁ
1244 2340 1426 2394 ἁπλοῦς
1470 2340 1580 2403 ἡμῖν
1624 2337 1710 2404 τὴν
1753 2338 1904 2407 φύσιν

314 2423 532 2491 εἰσβαίνῃ
571 2425 783 2485 διπλοῦς,
814 2421 890 2472 διὰ
923 2427 1006 2472 τοῦ
1041 2421 1196 2488 λέγειν
1229 2424 1333 2488 περὶ
1368 2426 1463 2472 τῶν
1489 2422 1545 2490 ἐξ
1575 2421 1779 2488 Ἰσραήλ
1809 2420 1903 2472 Καὶ

90 2509 212 2592 1131ξὲΓὸ
315 2504 373 2555 τὰ
398 2504 536 2556 τέκνα
562 2505 716 2555 αὐτῶν
743 2506 906 2570 διῆγον
933 2502 1009 2555 διὰ
1033 2503 1193 2569 πυρὸς,
1223 2503 1291 2555 “b
1319 2505 1402 2554 οὐκ
1427 2503 1722 2567 ἐνετειλάμην
1748 2504 1904 2558 αὐτοῖς

90 2596 204 2678 ΞΞΧῙΧ·
315 2594 341 2617 “
369 2589 444 2639 καὶ
481 2588 563 2638 οὐκ
598 2586 743 2650 ἀνέβη
780 2588 854 2638 ἐπὶ
888 2584 974 2650 τὴν
1000 2587 1195 2653 καρδίαν
1221 2586 1356 2649 μου.”
1409 2584 1439 2649 ἢ
1475 2585 1568 2652 γὰρ
1605 2586 1688 2636 οὐκ
1721 2584 1904 2651 ἀνάγκη

366 2766 394 2788 ῐ.
422 2755 474 2788 καὶ
491 2755 575 2798 μετὰ
593 2755 693 2797 δόξης
710 2755 933 2798 προσελάβου
950 2768 990 2797 με
1010 2760 1190 2797 assumpta
1207 2765 1247 2787 ex
1271 2753 1309 2787 B.
1420 2765 1450 2788 2.
1477 2754 1570 2798 λέγει
1589 2753 1683 2787 Aul).
1798 2766 1831 2795 4.
1859 2752 1905 2788 εἷς

314 2802 452 2835 ἅπασαν
468 2802 589 2845 ἀρετὴν
608 2801 650 2835 Β.
669 2802 806 2835 ἅπασαν
823 2801 942 2845 ἀρετῆς
962 2800 1028 2834 Ed.
1093 2800 1126 2834 8.
1144 2800 1335 2844 κατηρτίσω
1357 2800 1397 2834 Β.
1417 2801 1628 2845 κατειργάσω
1648 2799 1713 2834 Ed.
1778 2811 1810 2844 9.
1831 2805 1904 2833 Ha·

313 2848 392 2892 τρὸς
411 2855 443 2881 et
462 2851 550 2881 Θεοῦ
568 2848 658 2882 inter
677 2860 713 2881 se
731 2848 929 2892 transponit
950 2847 988 2880 B.
1098 2858 1149 2888 14.
1176 2847 1325 2891 σωτηρία
1347 2847 1421 2880 B.a.
1441 2847 1612 2891 σωτηρίαν
1630 2846 1735 2880 Cord.
1757 2846 1814 2879 Cr.
1835 2846 1901 2880 Ed.

318 2905 370 2936 15.
396 2894 669 2939 ἀναδεικνύμενος
687 2906 717 2928 a.
738 2894 844 2928 Cord.
865 2894 923 2928 Cr.
941 2893 1149 2936 δεικνύμενος
1170 2893 1209 2926 B.
1229 2893 1438 2937 δωρούμενος
1456 2893 1523 2928 Ed.
1626 2893 1678 2927 16.
1698 2894 1802 2938 τυχὸν
1818 2893 1903 2936 πρὸς

313 2942 414 2974 τοῦτο
432 2942 570 2975 inverso
588 2941 711 2975 ordine
732 2941 772 2974 B.
946 2951 1001 2974 21.
1027 2941 1104 2984 περὶ
1123 2946 1344 2984 assumptum
1363 2952 1404 2974 ex
1425 2940 1502 2974 B.a.
1671 2951 1725 2973 22.
1753 2940 1852 2973 λαλεῖ
1869 2950 1900 2972 a.

315 2986 369 3021 26.
396 2986 473 3030 ἡμῖν
489 2989 507 3020 ὁ
525 2987 653 3024 ἁπλοῦς
671 2988 809 3022 inverso
829 2987 949 3022 ordine
969 2986 1010 3021 B.
1157 2997 1210 3030 27.
1237 2989 1296 3020 τοῦ
1315 2998 1378 3031 pro
1395 2991 1461 3021 τῶν
1479 2987 1613 3032 Migne.
