2084 3317
328 153 412 192 584
730 153 778 194 B.
815 154 1088 195 CYRILLI
1130 153 1512 194 ALEXANDR.
1790 154 1858 194 vii.
1879 154 1917 193 6.

328 261 634 327 χρηματίσαι,
670 264 746 313 καὶ
784 265 1018 327 διαπρεπῆ
1055 262 1329 327 κτήσασθαι
1364 261 1448 325 τὴν
1480 260 1746 323 εὐλάβειαν.
1801 261 1920 329 ἔχεις

330 345 405 393 καὶ
440 350 579 395 τοῦτο
615 343 690 395 διὰ
728 347 811 408 τῆς
849 348 944 394 τῶν
969 348 1231 412 προφητῶν
1261 342 1586 412 προᾳδόμενον
1616 345 1790 411 φωνῆς.
1843 345 1920 393 καὶ

330 430 448 489 γοῦν
475 426 499 476 6
524 424 751 492 μακάριός
783 429 935 493 φησιν
959 426 1198 491 Ἱερεμίας,
1225 427 1287 478 ὡς
1321 423 1441 491 πρὸς
1474 423 1557 475 τὸν
1586 424 1762 491 Κύριον
1788 423 1921 487 ἡμῶν

103 501 266 577 {³32³st
287 502 314 544 d
330 506 522 570 Ἰησοῦν
548 506 631 558 τὸν
655 505 873 573 Χριστόν
900 514 926 536 “
945 504 1062 557 “Ort
1089 509 1164 557 καὶ
1193 509 1235 557 οἱ
1261 506 1468 574 ἀδελφοί
1498 528 1591 557 σου
1626 508 1702 557 καὶ
1738 507 1762 556 6
1798 503 1920 558 οἶκος

332 595 358 617 “
384 594 467 639 τοῦ
493 589 672 655 πατρός
698 611 803 651 σου,
826 590 902 639 καὶ
928 587 1055 639 οῦτοι
1080 586 1320 652 ἠθέτησαν
1346 611 1417 650 σε,
1440 589 1515 638 καὶ
1541 588 1671 638 αὐτοὶ
1696 587 1920 651 ἐβόησαν,

331 676 357 699 “
383 671 431 720 ἐκ
483 675 578 721 τῶν
623 670 780 721 ὀπίσω
830 693 922 721 σου
973 669 1382 738 ἐπισυνήχθησαν·
1444 668 1509 733 μὴ
1559 669 1824 737 πιστεύσῃς
1873 669 1921 719 ἐν

329 757 357 779 “
382 752 552 814 αὐτοῖς,
592 751 663 802 ὅτι
702 752 984 816 λαλήσουσι
1025 751 1144 818 πρὸς
1185 751 1243 802 σὲ
1283 750 1455 802 καλά.”
1495 754 1538 802 οἱ
1576 750 1669 818 γὰρ
1706 750 1801 817 πρὸ
1838 753 1922 814 τῆς

328 834 536 888 πίστεως
588 833 904 898 ἀθετήσαντες
955 835 1172 903 ἀδελφοὶ,
1217 835 1293 884 καὶ
1340 832 1416 884 διὰ
1459 837 1554 884 τῶν
1598 833 1768 900 ἀρτίως
1811 833 1922 898 ἡμῖν

329 916 596 981 εἰρημένων,
646 917 898 983 μονονουχὶ
950 918 1026 967 καὶ
1075 920 1318 977 καταβοᾶν
1367 916 1706 983 ἐπιχειροῦντες
1756 916 1919 978 αὐτοῦ,

329 996 647 1065 συνήχθησαν
675 998 752 1049 διὰ
787 1000 1009 1061 πίστεως,
1037 997 1346 1062 λελαλήκασί
1376 1019 1426 1048 τε
1460 996 1585 1048 καλὰ
1620 998 1726 1064 περὶ
1761 999 1919 1059 αὐτοῦ,

332 1082 408 1130 καὶ
447 1084 876 1150 προσωφελοῦντες
923 1080 1118 1146 ἑτερους,
1166 1082 1242 1131 καὶ
1293 1084 1390 1134 τοῖς
1439 1081 1546 1145 περὶ
1589 1082 1672 1143 τῆς
1716 1080 1924 1134 πίστεως

293 1161 720 1229 οέπαγωνιζόμενοι
766 1160 946 1228 λόγοις.
1005 1164 1317 1228 ἐπαγρύπνως
1363 1160 1412 1212 δὲ
1458 1161 1568 1212 λίαν
1607 1162 1632 1212 6
1676 1161 1925 1231 προφήτης

331 1242 570 1312 ἀδελφοὺς
594 1242 848 1307 ὀνομάσας,
876 1243 1083 1312 ἐπιφέρει
1110 1243 1360 1311 χρησίμως
1385 1243 1448 1294 ‘O
1476 1241 1599 1297 οἶκος
1633 1249 1717 1295 τοῦ
1747 1243 1926 1311 πατρός

332 1347 437 1388 σου,
464 1326 540 1376 ἵνα
573 1325 638 1390 μὴ
676 1328 753 1376 καὶ
791 1327 922 1376 αὐτοὶ
957 1324 1205 1391 γεγονότες
1242 1323 1422 1375 νοοῖντό
1457 1348 1558 1379 πως
1594 1326 1644 1376 ἐκ
1677 1329 1761 1391 τῆς
1788 1326 1926 1393 ἁγίας

331 1408 582 1475 παρθένου,
614 1413 806 1473 μᾶλλον
833 1407 881 1459 δὲ
911 1410 973 1462 ὡς
999 1409 1049 1459 ἐκ
1074 1406 1222 1473 μόνου
1248 1406 1428 1474 πατρὸς
1452 1413 1537 1459 τοῦ
1561 1407 1761 1477 Ἰωσήφ.

292 1579 314 1615 6
347 1586 463 1633 ΛέΓει
501 1583 574 1627 οὖν
613 1585 756 1628 αὐτοῖς
796 1586 818 1627 6
850 1585 1017 1627 Ἰι-ισοῦε
1049 1584 1103 1625 ‘O
1144 1585 1290 1640 καιρὸς
1329 1585 1351 1627 6
1388 1584 1492 1632 ἐμὸς
1530 1584 1652 1626 οὔπω
1690 1586 1908 1642 Πάρεστιν,

534 1669 557 1710 6
596 1668 641 1710 δε
683 1669 830 1725 καιρὸς
867 1669 889 1711 6
928 1669 1133 1725 ῐμὲτεροε
1170 1667 1355 1709 Πάντοτε
1393 1667 1507 1709 ἐστιν
1545 1669 1730 1717 ἕτοιμος.

108 1800 199 1835 399
219 1798 264 1833 A·
297 1808 319 1833 a
409 1789 818 1854 Ἐπεσκιασμένος
869 1790 937 1840 ἀεὶ
983 1794 1066 1840 τοῦ
1112 1790 1334 1854 Σωτῆρος
1379 1789 1403 1838 6
1449 1785 1610 1853 λόγος’
1667 1789 1789 1838 οὕτω
1835 1787 1928 1854 γὰρ

111 1882 272 1915 Es.xxxii.
336 1871 602 1938 γέγραπται
627 1874 734 1938 περὶ
761 1873 920 1933 αὐτοῦ,
950 1870 1021 1922 ὅτι
1047 1877 1074 1899 “
1095 1873 1170 1921 καὶ
1209 1869 1342 1920 ε”σται
1375 1870 1399 1920 6
1435 1869 1683 1935 ἄνθρωπος
1707 1868 1927 1936 κρύπτων

114 1935 143 1956 ²*
336 1960 362 1983 ‘⁴
388 1952 495 2007 τοὺς
535 1952 708 2020 λόγους
741 1954 930 2004 αὑτοῦ.”
982 1952 1054 2003 ὅτι
1093 1951 1141 2003 δὲ
1180 1953 1255 2003 καὶ
1294 1957 1433 2002 τοῦτο
1471 1951 1719 2019 χρησίμως
1757 1953 1921 2016 ἐπετη-

336 2035 505 2097 δεύετο,
544 2036 614 2089 τίς
652 2039 747 2086 τῶν
786 2036 835 2086 εὖ
875 2033 1180 2103 φρονούντων
1218 2034 1302 2084 οὐκ
1341 2034 1461 2098 ἐρεῖς
1519 2032 1638 2084 οὔπω
1677 2040 1928 2099 τοιγαροῦν

334 2118 603 2184 παῤῥησίας
627 2117 831 2183 ἀκράτου
862 2117 1026 2187 καιρὶς,
1056 2117 1222 2183 φησὶν,
1251 2115 1361 2165 ἀλλ’
1392 2113 1497 2165 οὐδὲ
1532 2115 1810 2184 ἀναδείξεως
1844 2118 1928 2180 τῆς

335 2203 398 2252 εἰς
441 2198 655 2253 ἅπαντας
700 2198 1104 2267 ἀπημφιεσμένως
1156 2199 1278 2248 οὕτω
1321 2199 1404 2261 τῆς
1444 2197 1685 2248 Ἰουδαίων
1724 2198 1927 2251 διανοίας

334 2280 680 2345 πεπαινομένης
724 2284 788 2334 εἷς
832 2281 1044 2342 σύνεσιν,
1084 2281 1145 2333 ὡς
1186 2278 1294 2346 δίχα
1333 2283 1483 2342 θυμοῦ
1521 2280 1596 2329 καὶ
1636 2279 1780 2345 ὀργῆς
1819 2278 1928 2334 τοὺς

334 2363 445 2428 παρ’
498 2364 611 2425 ἐμοῦ
664 2361 898 2413 δύνασθαι
946 2364 1165 2430 χωρῆσαι
1217 2359 1408 2425 λόγους·
1478 2360 1590 2410 ἀλλ’
1645 2359 1750 2411 οὐδὲ
1803 2360 1927 2415 ὅλως

287 2443 650 2510 ὺγνωρίζεσθαί
696 2467 752 2508 με
805 2448 872 2513 τῷ
920 2443 1088 2512 κόσμῳ
1139 2448 1221 2493 νῦν
1267 2443 1460 2511 ἐφίησιν
1509 2443 1533 2492 6
1578 2441 1750 2508 καιρὸς,
1797 2443 1928 2494 οὔπω

333 2531 580 2580 παντελῶς
618 2526 990 2595 ἀποφοιτώντων
1027 2527 1110 2588 τῆς
1148 2523 1339 2592 χάριτος
1378 2524 1631 2587 Ἰουδαίων,
1671 2525 1781 2576 ἀλλ’
1823 2523 1928 2575 οὐδὲ

335 2609 482 2661 οὕτως
533 2608 985 2675 ἐμπαροινησάντων
1034 2610 1097 2660 εἰς
1147 2605 1238 2670 ἐμὲ,
1285 2607 1347 2660 ὡς
1398 2605 1487 2670 ἤδη
1537 2608 1707 2673 χρῆναι
1758 2604 1927 2657 λοιπὸν

335 2690 724 2756 μεθορμίσασθαι
769 2690 889 2756 πρὸς
933 2688 1130 2756 ἑτέρους.
1208 2688 1327 2739 οὔπω
1366 2693 1618 2754 τοιγαροῦν
1660 2687 1735 2739 διὰ
1779 2694 1927 2739 ταῦτα

387 2827 418 2850 2.
445 2820 512 2850 τῶν
529 2822 752 2861 assumptum
771 2828 812 2850 ex
833 2816 874 2850 B.
1152 2826 1204 2849 10.
1233 2814 1472 2860 συνήχθησαν]
1497 2820 1533 2855 -ι-
1557 2815 1592 2849 δὲ
1613 2814 1678 2849 Ed.
1696 2815 1814 2849 invitis
1835 2815 1926 2849 BD.

341 2874 394 2905 14.
421 2863 519 2908 ἁγίας
538 2863 579 2897 B.
598 2864 762 2907 μακαρίας
780 2863 846 2897 Ed.
975 2872 1027 2907 15.
1053 2863 1181 2906 πατρὸς
1198 2864 1302 2905 μόνου
1318 2863 1459 2896 inverso
1477 2862 1599 2896 ordine
1621 2862 1661 2895 Β.
1790 2862 1842 2895 16.
1867 2861 1927 2895 οὖν

338 2916 558 2953 assumptum
579 2922 620 2943 ex
642 2910 682 2943 B.
867 2920 921 2943 22.
947 2911 1057 2954 φησιν
1075 2916 1154 2942 ante
1171 2909 1318 2953 ἀκράτου
1337 2915 1380 2942 tr.
1403 2909 1444 2942 B.
1627 2920 1683 2953 23.
1710 2907 1813 2953 οὕτω]
1834 2911 1925 2942 οὔπω

338 2956 483 3000 conjecit
502 2956 596 2990 Aub.
614 2957 649 2989 in
669 2968 740 3001 mg.
760 2963 850 2990 recte
869 2963 907 2990 ut
926 2956 1074 2990 videtur.
1223 2967 1279 2997 24.
1307 2954 1538 2998 πεπονημένης
1557 2955 1598 2989 Β.

1945 1019 1994 1046 10

1948 1425 1995 1463 15

1949 1978 1998 2004 20
