2084 3317
335 146 421 186 604
737 146 788 187 B.
822 146 1095 187 CYRILLI
1137 130 1514 188 AL'EXANDR.
1766 144 1837 185 vii.
1860 142 1924 183 16.

338 275 530 315 στατον,
557 253 613 321 ἐξ
643 251 708 304 ὧν
736 254 824 305 ἔδει
855 254 1073 318 μάλιστα
1098 259 1335 306 ποιεῖσθαι
1361 253 1446 319 τὴν
1473 253 1725 322 ἀπόδειξιν.
1779 251 1922 302 συνέ·

338 357 462 388 σεως
489 333 581 401 γὰρ
607 335 710 402 πέρι
737 339 811 386 καὶ
839 337 1130 404 φιλομαθίας
1164 339 1248 400 τῆς
1279 337 1386 403 δίχα
1413 333 1704 402 γραμμάτων
1729 335 1754 384 ὁ
1781 332 1927 398 λόγος

339 414 396 479 ἧν
447 421 543 470 τοῖς
594 418 742 467 ἐκεῖνα
792 416 1210 481 διενθυμουμένοις.
1289 418 1438 484 ἑαυτῷ
1490 421 1740 483 τοιγαροῦν
1787 419 1927 466 τοῦτο

300 498 560 548 θδεικνύειν
594 496 857 565 ἐνυπάρχον
890 499 1046 564 ἐχρῆν,
1081 497 1292 564 καθάπερ
1331 496 1495 560 ἀμέλει
1535 500 1610 548 καὶ
1648 500 1715 566 τῷ
1751 495 1924 561 Πατρί.

341 580 409 632 τίς
449 580 530 630 οῦν
563 581 587 630 ὁ
624 582 706 642 τῆς
740 579 1022 647 ἀποδείξεως
1055 579 1263 645 τρόπος;
1308 579 1400 630 ἀπὸ
1442 585 1525 630 τοῦ
1560 578 1645 642 τὴν
1670 578 1782 641 ’ίσην
1809 577 1970 644 ε”χειν5

339 660 495 729 ἐκείνῳ
530 661 724 728 σοφίαν,
750 664 787 710 εἱ
825 663 901 710 καὶ
940 660 1010 710 ὅτι
1049 660 1265 723 μάλιστα
1304 660 1423 711 κατὰ
1461 659 1545 711 τὸν
1578 662 1734 723 ἀληθῆ
1770 682 1818 710 τε
1855 660 1931 710 καὶ

341 741 575 810 σώφρονα
627 740 880 807 λογισμὸν,
932 741 1070 795 αὐτός
1120 744 1252 792 ἐστιν
1303 743 1330 806 ἡ
1383 743 1535 811 σοφία
1580 744 1655 792 καὶ
1705 743 1753 791 ἐκ
1806 744 1931 791 Θεοῦ

343 822 548 889 Πατρὸς,
595 820 633 891 ᾧ
676 824 751 873 καὶ
798 822 917 873 κατὰ
961 822 1119 874 πάντα
1162 823 1454 890 προσεοικὼς
1503 822 1653 874 ταυτά
1696 821 1932 873 διδάσκειν

343 905 498 973 ἐκείνῳ
534 906 672 971 φησὶ,
699 903 798 955 κατ’
827 905 991 955 οὐδένα
1027 906 1205 971 τρόπον
1230 904 1612 974 ἐξηλλαγμένως.
1667 903 1696 969 ἢ
1730 903 1824 970 γὰρ
1857 901 1933 954 διὰ

343 985 397 1037 τὸ
424 990 486 1040 εἷς
513 985 657 1052 ἄκρον
683 985 1011 1054 ἐξωμοιῶσθαι
1037 991 1095 1055 τῇ
1121 992 1203 1038 τοῦ
1232 985 1423 1052 Πατρὸς
1451 983 1623 1054 διδαχῇ
1648 985 1734 1048 τὴν
1754 985 1932 1047 ἑαυτοῦ,
1955 1004 2003 1030 10

343 1065 519 1132 ταύτην
554 1065 668 1118 εἶναι
706 1066 792 1131 τὴν
827 1069 1000 1119 ἐκείνου
1039 1070 1204 1137 φησὶν,
1240 1067 1269 1133 ἢ
1309 1067 1385 1119 διὰ
1423 1067 1477 1119 τὸ
1516 1067 1658 1118 αὑτὸν
1696 1065 1811 1118 εἶναι
1848 1065 1934 1131 τὴν

345 1149 526 1216 σοφίαν
558 1154 642 1199 τοῦ
679 1148 883 1214 Πατρὸς,
912 1151 965 1200 δι’
995 1150 1049 1214 ἧς
1087 1149 1146 1200 τὰ
1183 1150 1341 1201 πάντα
1380 1154 1526 1200 λαλεῖ
1560 1152 1633 1199 καὶ
1674 1152 1932 1211 νομοθετεῖ,

121 1248 201 1282 413
216 1247 270 1281 A.
308 1256 328 1280 a
347 1231 488 1281 αὐτοῦ
523 1231 598 1281 καὶ
631 1228 717 1294 τὴν
745 1228 944 1294 διδαχὴν
970 1229 1081 1281 εἶναι
1112 1232 1278 1299 φησίν·
1324 1232 1440 1292 ὁμοῦ
1472 1231 1527 1280 δέ
1554 1253 1597 1281 τι
1632 1229 1751 1296 πρὸς
1784 1228 1936 1298 τούτῳ

346 1314 421 1362 καὶ
450 1312 606 1377 ἕτερον
626 1316 871 1375 οἰκονομεῖ,
886 1311 1004 1379 πρὸς
1032 1311 1079 1362 δὲ
1105 1312 1191 1376 τὴν
1210 1317 1306 1362 τῶν
1329 1312 1676 1376 παιδευομένων
1696 1309 1937 1377 σωτηρίαν

347 1395 401 1444 οὑ
433 1394 629 1458 μετρίως
664 1399 966 1444 λυσιτελοῦν.
1019 1392 1174 1457 ἐπειδὴ
1208 1392 1302 1460 γὰρ
1337 1394 1589 1459 ἄνθρωπον
1617 1394 1829 1459 ὁρῶντες,
1862 1391 1937 1442 διὰ
1960 1412 2006 1451 15

346 1474 432 1538 τὴν
459 1473 553 1525 ἀπὸ
579 1477 666 1540 γῆς
693 1473 851 1541 σάρκα
887 1475 971 1525 οὐκ
1007 1474 1222 1542 ἐδέχοντο
1257 1474 1340 1525 τὸν
1366 1473 1515 1540 λόγον
1541 1477 1603 1528 ὡς
1633 1474 1763 1540 παρὰ
1790 1477 1933 1536 Θεοῦ,

346 1555 550 1620 πιθανὴν
591 1556 647 1606 δέ
684 1579 789 1606 τινα
829 1555 904 1606 διὰ
945 1562 1084 1607 τοῦτο
1129 1561 1285 1607 νοσεῖν
1324 1555 1514 1606 ἐδόκουν
1555 1556 1641 1620 τὴν
1681 1557 1936 1619 ἀπείθειαν,

349 1637 598 1702 ἀνατίθησι
638 1638 886 1704 χρησίμως
924 1641 991 1706 τῷ
1024 1642 1133 1707 Θεῷ
1173 1640 1247 1688 καὶ
1288 1641 1444 1704 Πατρὶ
1483 1636 1569 1702 τὴν
1602 1637 1936 1700 διδασκάλιαν,

350 1720 467 1781 ὁμοῦ
506 1721 583 1769 καὶ
621 1723 821 1785 πρᾶγμα
859 1719 1015 1785 λε’γων
1047 1718 1232 1783 ἀληθὲς,
1266 1721 1341 1770 καὶ
1382 1717 1522 1788 φόβῳ
1560 1724 1644 1769 τοῦ
1682 1717 1941 1785 θεομάχους

350 1798 465 1850 εἶναι
506 1803 656 1851 δοκεῖν
694 1801 1031 1854 ἀντιτείνοντας
1071 1801 1137 1851 ε”τι
1174 1806 1271 1855 τοῖς
1313 1801 1493 1852 ἄνωθεν
1532 1801 1760 1866 ὁρισμοῖς,
1799 1822 1941 1851 κατα-
1961 1821 2011 1847 20

304 1882 573 1949 bsse'xefffflac
610 1883 785 1933 πείθων
822 1880 881 1933 τὰ
921 1880 1169 1947 λεγόμενα.

424 1962 606 2013 Ἰστέον
637 1962 685 2013 δὲ
723 1963 793 2013 ὅτι
829 1963 904 2014 διὰ
941 1969 1024 2014 τοῦ
1060 1964 1207 2015 πάλιν
1241 1964 1544 2015 ἀπεστάλθαι
1578 1964 1745 2030 λέγειν,
1775 1965 1859 2015 οὐκ
1894 1966 1943 2015 ἐν

351 2043 578 2109 δευτέροις
616 2046 698 2107 τῆς
737 2049 820 2094 τοῦ
860 2044 1052 2110 Πατρὸς
1091 2045 1227 2113 ἀξίας
1265 2044 1429 2095 ἑαυτὸν
1468 2044 1582 2096 ὄντα
1621 2045 1830 2096 δεικνύει·
1888 2046 1942 2096 οὐ

351 2124 445 2191 γὰρ
470 2128 770 2191 δουλοπρεπῆ
799 2125 987 2189 νοητέον
1013 2125 1100 2190 τὴν
1125 2125 1420 2190 ἀποστολὴν,
1448 2130 1485 2177 εἰ
1517 2129 1592 2177 καὶ
1625 2127 1695 2177 ὅτι
1725 2126 1942 2190 μάλιστα

354 2206 438 2270 τὴν
469 2211 553 2257 τοῦ
588 2205 761 2256 δούλου
795 2206 987 2274 μορφὴν
1017 2207 1352 2275 ἠμφιεσμένος,
1381 2208 1680 2273 ἀνεγκλήτως
1719 2207 1777 2258 ἂν
1810 2208 1942 2274 λε’γοι
1963 2230 2011 2268 25

354 2290 430 2339 καὶ
468 2292 615 2339 ταῦτα
653 2290 758 2353 περὶ
797 2288 977 2339 ἑαυτοῦ.
1039 2287 1292 2353 ἀπεστάλη
1333 2287 1382 2339 δὲ
1422 2290 1569 2342 οὕτως
1607 2292 1669 2343 ὡς
1708 2289 1855 2354 λόγος
1893 2291 1943 2340 ἐκ

354 2375 450 2430 νοῦ,
478 2371 540 2423 ὡς
578 2370 874 2435 ἀπαύγασμα
913 2367 967 2419 τὸ
1006 2369 1203 2433 ἡλιακὸν
1233 2371 1290 2439 ἐξ
1325 2371 1480 2422 αὐτοῦ.
1533 2376 1682 2421 ταῦτα
1716 2370 1809 2437 γάρ
1842 2393 1944 2424 πως

356 2453 458 2502 ἐστὶ
494 2455 587 2502 τῶν
613 2453 661 2502 ἐν
687 2450 754 2504 οἷς
789 2455 908 2502 εἶσιν
940 2451 1212 2518 ἐκφαντικά,
1239 2450 1315 2502 διὰ
1348 2457 1432 2502 τοῦ
1465 2452 1751 2518 προκύπτειν
1781 2454 1854 2503 ἐπὶ
1887 2451 1943 2502 τὸ

318 2533 449 2601 οέξω
488 2536 650 2595 δοκεῖν,
685 2533 816 2597 πλὴν
853 2539 948 2587 τοῖς
987 2532 1069 2601 ἀφ’
1107 2531 1170 2583 ὧν
1209 2537 1328 2584 εἰσιν
1366 2532 1690 2601 ἐνυπάρχοντα
1729 2537 1945 2602 φυσικῶς

359 2616 434 2665 καὶ
468 2614 781 2668 ἀδιαστάτως.
836 2616 890 2666 οὐ
924 2613 1017 2681 γὰρ
1053 2614 1300 2680 ἐπειδήπερ
1339 2614 1532 2685 ἐξεδόθη
1571 2614 1717 2681 λόγος
1754 2615 1803 2665 ἐκ
1839 2619 1940 2677 νοῦ,
1963 2637 2013 2673 30

406 2759 437 2782 2.
463 2763 540 2793 περι
559 2763 730 2783 συνεσεως
746 2748 811 2793 γὰρ
830 2748 969 2783 inverso
987 2748 1109 2782 ordine
1129 2748 1170 2783 B.
1218 2747 1449 2791 πολυμαθειας
1467 2748 1510 2782 Β.
1607 2759 1641 2794 3.
1667 2750 1767 2783 τοῦτο
1784 2748 1945 2783 δεικνύειν

357 2793 564 2840 ενυπάρχον]
585 2795 754 2829 δείκνυσιν
771 2797 870 2828 τοῦτο
888 2795 1041 2839 ὑπάρχον
1060 2795 1102 2829 Β.
1201 2806 1254 2837 14.
1280 2796 1315 2829 δε
1334 2808 1403 2830 om.
1424 2795 1465 2830 B.
1565 2803 1619 2840 17.
1643 2793 1774 2840 νοσεῖν]
1793 2796 1881 2829 νοεῖν
1899 2794 1942 2828 Β.

360 2852 414 2886 19.
439 2844 499 2875 τοῦ
516 2840 722 2886 θεομάχους]
742 2844 788 2887 τῷ
807 2841 1036 2887 θεομαχοῦσιν
1056 2841 1097 2875 Β.
1299 2852 1353 2876 20.
1381 2842 1481 2886 ἕτι]’
1465 2857 1519 2876 επι
1538 2841 1580 2876 Β.
1781 2852 1837 2886 23.
1863 2855 1944 2874 οντα

357 2887 476 2921 εαυτὸν
492 2887 633 2921 inverso
651 2888 773 2922 ordine
794 2888 835 2921 B.
1012 2887 1067 2922 26.
1095 2888 1214 2921 ἑαυτοῦ
1235 2888 1275 2922 Β.
1282 2888 1327 2922 D.
1348 2889 1451 2923 αὐτοῦ
1469 2887 1535 2923 Ed.
1599 2886 1722 2934 λόγος]
1742 2889 1760 2921 ὁ
1776 2889 1882 2933 λόγος
1901 2887 1943 2921 Β.

358 2943 415 2977 30.
441 2933 621 2979 ἐπειδήπερ
639 2932 796 2979 ἐξεδόθη]
817 2934 930 2978 ἐπειδὴ
948 2934 1158 2979 παρεξεδόθη
1179 2933 1221 2968 Β.
