2084 3317
358 193 444 234 300
760 198 811 238 B.
845 198 1117 239 CYRILLI
1159 198 1539 240 ALEXANDR.
1799 196 1852 236 iv·
1871 206 1939 248 45·

357 302 593 370 σωτήριον
619 304 781 372 λόγον,
802 309 877 357 καὶ
902 313 1114 373 γεωργοῦ
1138 331 1260 362 τινος
1287 310 1419 372 δίκην
1445 307 1530 372 τὴν
1555 308 1719 358 πίστιν
1744 307 1941 370 ἐγκατα-

359 384 545 454 κρύψας
587 392 683 441 τοῖς
725 392 934 439 οἰκοῦσιν
972 389 1130 453 αὐτὴν,
1172 391 1258 457 οὐχ
1298 391 1373 441 ἵνα
1414 395 1514 442 ταῖς
1559 394 1652 440 τῶν
1691 386 1942 448 λαβόντων

319 471 701 531 οκαταδεσμοῖτο
739 475 956 531 σιωπαῖς,
994 471 1235 536 ἠρεμοῦσα
1273 469 1449 537 τρόπον
1488 470 1591 521 τινὰ
1630 472 1705 521 καὶ
1744 490 1938 519 κατακε-

356 549 594 615 χωσμένη,
626 551 737 600 ἀλλ’
769 551 843 601 ἵνα
881 550 938 615 δὴ
975 556 1168 615 μᾶλλον
1201 557 1303 605 ταῖς
1341 552 1564 603 ἁπάντων
1597 549 1941 618 ἐγκαταφύοιτο

355 633 546 697 ψυχαῖς,
574 631 786 697 ἕρπουσοί
811 655 858 683 τε
895 635 969 683 καί
1005 634 1295 697 διικνουμένη
1330 632 1448 701 πρὸς
1482 633 1536 684 τὸ
1569 633 1722 699 μεῖζον
1748 634 1835 694 ἀεὶ,
1866 634 1940 682 καὶ
1962 649 1984 688 5

352 711 471 776 πρὸς
509 712 595 776 τὴν
633 714 984 781 ἐκφανεστέραν
1021 715 1258 782 τρέχουσα
1298 716 1507 777 δύναμιν.
1576 713 1730 778 ἐπειδὴ
1773 713 1821 764 δὲ
1866 713 1942 764 διὰ

352 794 503 856 με’σου
547 795 758 860 κειμένην
801 796 1084 864 παρατρέχει
1134 796 1220 860 τὴν
1265 797 1493 864 Ναζαρὲτ,
1539 799 1586 847 ἐν
1634 794 1753 864 ᾗπερ
1799 794 1941 846 αὐτὸν

352 879 429 927 καὶ
479 875 740 945 τετράφθαι
788 878 946 944 λόγος,
993 881 1055 933 ὡς
1106 881 1316 930 ἐντεῦθεν
1360 880 1449 943 ἤδη
1500 882 1573 929 καί
1625 877 1777 928 ἀστὸν
1826 875 1940 928 εἶναι

352 961 516 1020 δοκεῖν,
556 961 763 1026 καταίρει
808 959 856 1011 δὲ
893 965 1085 1024 μᾶλλον
1127 964 1188 1014 εἰς
1227 960 1313 1025 τὴν
1353 962 1634 1012 Γαλιλαίαν·
1681 958 1940 1025 ἀναγκαίαν

350 1045 549 1091 ποιεῖται
599 1041 685 1106 τὴν
729 1043 996 1108 ἀπολογίαν
1047 1045 1129 1107 τῆς
1173 1046 1480 1109 παραδρομῆς
1532 1046 1606 1093 καί
1659 1044 1822 1110 φησὶν,
1868 1041 1938 1092 ὅτι
1962 1063 2013 1088 10

305 1122 678 1192 ἃμεμοιρτῦρηκεν
709 1128 840 1179 αὐτὸς
876 1131 893 1176 ὁ
926 1128 1088 1185 Ἰησοῦς
1123 1125 1183 1176 ’ότι
1221 1128 1441 1194 προφήτης
1476 1127 1514 1176 ἑν
1546 1127 1597 1195 τῇ
1632 1121 1723 1195 ἰθιᾳ
1758 1121 1939 1192 πατρίδι

349 1203 474 1271 τιμὴν
520 1209 596 1256 οὐκ
648 1206 756 1268 ἔχει.
828 1207 1104 1274 πεφύκαμεν
1148 1206 1240 1273 γάρ
1291 1230 1390 1261 πως
1443 1207 1574 1257 οὐδὲν
1616 1207 1833 1272 ἡγεῖσθαι
1884 1204 1938 1256 τὸ

349 1286 564 1350 σύνηθες,
597 1285 684 1337 κᾶν
723 1287 925 1355 ὑπάρχοι
965 1287 1085 1353 με’γα
1124 1290 1197 1338 καὶ
1237 1290 1403 1352 τίμιον.
1459 1290 1533 1339 καὶ
1573 1289 1626 1338 οὐ
1667 1287 1816 1351 δήπου
1855 1287 1938 1340 τὰς

346 1369 456 1432 παρ’
483 1368 667 1419 ἐκείνων
694 1368 764 1420 ὅτι
791 1369 953 1433 δεήσοι
979 1374 1218 1436 θηρᾶσθαι
1243 1369 1380 1434 τιμὰς
1408 1372 1432 1420 ὁ
1459 1369 1625 1435 Σωτὴρ
1657 1369 1936 1435 ἐδοκίμαζεν,

345 1451 394 1500 ἐν
425 1449 594 1516 ἀνδρὸς
633 1451 896 1520 φιλοδόξου
935 1451 1058 1505 τινὸς
1097 1451 1225 1520 τάξει
1265 1454 1340 1503 καὶ
1380 1456 1792 1520 φιλοκομπαστοῦ,
1825 1452 1934 1502 ἀλλ’
1962 1469 2008 1507 15

345 1531 583 1594 ἠπίστατο
616 1537 803 1600 σαφῶς,
835 1533 906 1584 ὅτι
944 1537 1039 1587 τοῖς
1078 1534 1301 1597 μηδόλως
1336 1534 1559 1597 οἰομένοις
1595 1534 1666 1585 ὅτι
1702 1532 1938 1600 προσήκοι

344 1618 484 1676 τιμᾶν
522 1614 605 1665 τὸν
643 1613 944 1679 διδάσκοντα,
977 1615 1075 1666 οὐδ’
1113 1614 1170 1666 ἂν
1204 1616 1269 1667 ε”τι
1308 1615 1485 1682 γλυκύς
1525 1639 1573 1667 τε
1613 1618 1688 1667 καὶ
1726 1614 1934 1682 εὐπαρά-

345 1698 505 1750 δεκτος
536 1697 561 1746 ὁ
593 1699 675 1761 τῆς
709 1698 915 1752 πίστεως
949 1697 1130 1763 γένοιτο
1166 1697 1325 1764 λόγος.
1379 1699 1662 1765 παρελαύνει
1689 1703 1937 1764 τοιγαροῦν

306 1776 545 1839 εείκότως,
578 1782 640 1833 εἰς
679 1779 1039 1847 ὠφελουμένους
1079 1779 1213 1830 οὐδὲν
1243 1781 1439 1834 εἰκαίους
1478 1783 1727 1831 ἀναλῶσαι
1765 1778 1936 1833 πόνους

345 1859 428 1909 οὐκ
455 1859 614 1928 ἀξιῶν,
641 1863 714 1911 καὶ
741 1859 878 1928 χάριν
906 1861 953 1911 δὲ
980 1860 1057 1912 διὰ
1083 1861 1250 1913 τούτου
1277 1868 1372 1916 τοῖς
1399 1867 1754 1930 καταφρονοῦσι
1785 1884 1931 1913 κατα·
1956 1888 2007 1916 20

344 1941 498 1994 τιθείς.
544 1942 598 1992 οὐ
624 1941 717 2009 γὰρ
743 1941 801 2006 ἧν
827 1942 945 1997 εἰκὸς
972 1946 1035 1997 εἰς
1060 1950 1291 1994 τοσοῦτον
1317 1944 1726 2013 ἐξαμαρτάνοντας
1753 1948 1936 2009 νηποινὶ

343 2028 481 2073 τοῦτο
510 2021 702 2089 δράσειν
728 2023 906 2086 αὐτοὺς,
935 2026 1317 2090 ὁμολογουμένου
1352 2026 1408 2090 δὴ
1443 2027 1632 2081 πάντως
1668 2028 1743 2077 καὶ
1776 2028 1930 2090 ἀναμ-

343 2105 656 2172 φισβητήτως
694 2105 896 2173 ἔχοντος,
929 2109 991 2160 ὡς
1029 2106 1115 2171 τὴν
1147 2109 1220 2158 ἐπὶ
1259 2112 1355 2161 τοῖς
1393 2108 1614 2176 ἐσχάτοις
1652 2109 1934 2160 ἀποίσονται

341 2184 546 2237 κόλασιν
590 2190 632 2237 οἱ
677 2192 990 2255 καταφρονεῖν
1033 2187 1285 2253 ἐγνωκότες
1334 2190 1491 2252 αὐτοῦ,
1540 2192 1614 2240 καὶ
1657 2190 1742 2254 τὴν
1786 2191 1933 2245 οὕτως

342 2268 729 2336 ἀξιοθαύμαστόν
755 2269 1087 2336 περιπτύοντες
1112 2269 1304 2336 δωρεάν.
1953 2289 2002 2328 25

273 2403 440 2450 45”Οτε
478 2401 551 2446 οὖν
585 2401 713 2446 ἦλθεν
745 2403 805 2445 εἰς
838 2406 914 2446 τι-ὶν
948 2405 1190 2458 Γαλιλαίαν,
1224 2406 1428 2451 ἐδέξαντο
1462 2409 1591 2452 αὐτὸν
1624 2408 1662 2451 οἷ
1698 2406 1930 2463 Γαλιλαῖοι,

117 2496 204 2531 203
219 2496 271 2531 A.
301 2507 323 2531 a
409 2488 548 2529 Πάντα
583 2487 829 2544 ἑωρακότες
863 2490 941 2531 ὅσα
977 2488 1175 2531 ὲτῐοιἨσεν
1207 2491 1251 2531 ἐν
1272 2491 1591 2548 Ἱεροσολύμοις
1624 2493 1668 2534 ἐν
1696 2496 1748 2551 τῷ
1783 2494 1926 2552 ἑορτῇ·

409 2571 477 2610 καὶ
510 2570 629 2612 αὐτοὶ
663 2571 740 2627 scip
775 2567 905 2613 ἦλθον
931 2570 991 2612 εἰς
1024 2572 1100 2613 τὴν
1127 2573 1297 2629 ἑορτήν.

477 2669 485 2682 ‚
576 2671 586 2685 ,
780 2670 792 2685 1
990 2674 999 2684 .
1238 2676 1257 2685 Α
1386 2672 1398 2689 ,
1627 2672 1639 2687 x
1714 2675 1723 2688 ‚
1856 2679 1875 2688 ,

414 2671 519 2718 Ουκ
561 2692 915 2735 απερισκεπτως
960 2693 1002 2720 οι
1044 2673 1295 2722 Γαλιλαιοι
1341 2675 1554 2740 δεχονται
1595 2696 1677 2724 τον
1731 2676 1923 2738 Ιησουν,

390 2803 417 2824 1.
445 2791 504 2834 τὴν
520 2792 637 2825 πίστιν
655 2792 916 2837 ἐγκατακρύψας
933 2792 999 2826 hoc
1017 2792 1138 2827 ordine
1158 2794 1198 2828 Β.
1295 2807 1327 2840 3.
1354 2797 1593 2842 κατεχωσμένη
1615 2797 1655 2832 Β.
1753 2811 1784 2841 4.
1811 2798 1925 2832 ἐναντι-

337 2836 460 2881 φύοιτο
481 2837 521 2872 B.
610 2848 642 2883 5.
662 2839 707 2873 εἰς
728 2839 768 2872 Β.
858 2840 890 2873 8.
909 2840 962 2872 καὶ
979 2840 1168 2885 τετράφθαι
1188 2841 1279 2875 Β.Ι).
1299 2844 1571 2890 κατατετράφθαι
1590 2844 1655 2880 Ed.
1675 2845 1925 2890 ἀνατετράφθαι

337 2899 353 2939 ἢ
374 2900 390 2932 ε’
406 2901 557 2945 τριιφθαι
576 2901 656 2944 (sic)
675 2902 814 2947 conjicit
834 2902 867 2936 D
885 2915 958 2947 mg.
1041 2889 1100 2936 80¹²
1118 2905 1243 2938 ναστὸν
1262 2905 1294 2938 D
1315 2917 1386 2950 mg.
1621 2918 1654 2952 9.
1681 2907 1861 2952 ἀναγκαίαν
1879 2907 1922 2943 Β.

335 2946 520 2991 ἀναγκαίως
540 2947 605 2982 Ed.
698 2960 750 2982 11.
770 2948 886 2994 αὐτὸς]
907 2950 1019 2985 αὐτοῖς
1040 2949 1081 2984 Β.
1132 2950 1259 2984 Statim
1277 2953 1295 2984 ὁ
1313 2952 1428 2996 Σωτὴρ
1448 2952 1490 2988 Β.
1580 2964 1633 2987 12.
1651 2953 1808 2998 ἡγεῖσθαι
1825 2954 1924 2989 οὐδέν

336 2992 405 3025 inv.
425 2993 499 3027 ord.
522 2993 562 3026 B.
664 3006 717 3039 13·
736 2995 869 3041 ὑπάρχῃ
889 2996 935 3031 D.
1036 3005 1087 3041 17.
1108 2998 1386 3042 συμπαράδεκτος
1406 2999 1447 3034 Β,
1548 3000 1600 3034 18.
1617 3000 1748 3045 γένοιτο
1766 3010 1836 3035 om.
1856 3000 1898 3036 B.
