2084 3317
310 183 395 223 228
715 177 763 216 B.
798 171 1073 215 CYRILLI
1116 164 1497 209 ALEXANDR.
1754 157 1811 198 iii.
1834 166 1899 208 17.

313 289 475 356 ἀγάπη
501 293 584 338 τοῦ
613 284 802 351 Πατρὸς
840 280 955 347 ὑπὲρ
990 282 1072 342 τῆς
1104 282 1186 328 τοῦ
1222 274 1405 338 κόσμου
1441 271 1557 338 ζωῆς
1584 269 1650 321 τὶν
1676 267 1732 337 ἐξ
1755 265 1906 318 ἑαυτοῦ

316 374 389 422 καὶ
416 371 532 422 ἰ’διον
559 369 701 420 αὐτοῦ
729 363 978 417 δεδωκότος
1004 362 1112 412 Ὑὶἇν.

279 498 300 524 ο

254 568 297 606 ¹7
321 566 379 608 Οὐ
420 565 496 621 Γὰρ
535 564 785 604 ἀπέστειλεν
821 560 842 599 ὁ
878 555 986 597 Θεὸς
1024 554 1095 596 τὸν
1131 550 1230 593 Υἶὸν
1270 552 1399 592 αὐτοῦ
1439 547 1498 590 εἰς
1536 546 1608 589 τὸν
1645 544 1802 592 κόσμον
1840 540 1909 581 ἵνα

434 646 550 704 κρίνῌ
588 644 661 686 τὸν
702 643 873 691 κόσμον,
911 639 998 680 ἀλλ’
1045 638 1114 678 ἵνα
1153 638 1271 693 omo&
1311 634 1333 675 ὁ
1373 632 1530 680 κόσμος
1568 628 1614 670 δι’
1659 626 1800 668 αὐτοῦ.

396 776 514 828 Υὶὸν
547 772 710 826 ἑαυτὸν
744 768 996 838 διαρῤήδην
1030 764 1272 829 ὀνομάσας
1310 769 1393 814 τοῦ
1429 764 1554 812 Θεοῦ
1593 763 1668 809 καὶ
1701 752 1912 821 Πατρὸς,
1937 766 1959 807 5

323 861 405 911 οὐκ
432 854 760 923 ἀμαρτύρητον
787 855 866 903 ἐᾶν
892 850 1035 901 οἴεται
1069 852 1162 899 δεῖν
1188 846 1270 899 τὸν
1297 843 1457 911 λόγον,
1485 841 1597 892 ἀλλ’
1626 840 1675 890 ἐκ
1708 839 1792 901 τῆς
1823 838 1919 886 τῶν

325 938 634 1007 πραγμάτων,
673 936 749 987 ἵνα
788 935 935 987 οὕτως
973 932 1101 994 ε’ίπω,
1138 928 1386 993 ποιότητος
1424 923 1634 992 ἐπιφέρει
1670 919 1758 984 τὴν
1793 915 1916 968 ἀπό-

328 1023 485 1092 δειξιν,
531 1018 928 1087 ἀσφαλεστέρους
975 1018 1037 1068 εἰς
1080 1013 1245 1064 πίστιν
1286 1008 1393 1063 τοὺς
1437 1002 1758 1073 ἀκροωμένους
1803 1001 1920 1050 ἀπο-

329 1108 499 1156 τελῶν.
574 1102 627 1152 οὐ
675 1098 768 1166 γὰρ
817 1096 1114 1159 ἀπεστάλην,
1161 1095 1297 1162 φησί,
1345 1089 1463 1142 κατὰ
1514 1087 1597 1139 τὸν
1641 1080 1924 1152 ἱεροφάντην

286 1193 313 1234 d
335 1187 568 1248 Μωυσῆν,
597 1181 725 1252 νόμῳ
752 1180 1042 1245 κατακρίνων
1069 1176 1154 1241 τὴν
1180 1172 1466 1238 οἰκουμένην,
1494 1169 1597 1221 οὐδὲ
1627 1166 1746 1233 πρὸς
1781 1163 1919 1229 ἐ’λεγ-
1946 1180 1994 1206 10

331 1292 418 1337 χον
463 1270 545 1330 τῆς
596 1264 827 1329 ἁμαρτίας
872 1260 1107 1329 εἰσφέρων
1154 1257 1240 1322 τὴν
1285 1254 1497 1318 ἐντολὴν,
1544 1251 1647 1303 οὐδὲ
1699 1245 1926 1310 οἰκετικὴν

331 1355 553 1412 ποιοῦμαι
615 1347 700 1410 τὴν
751 1344 1000 1404 διακονίαν,
1052 1340 1184 1392 ἀλλὰ
1234 1336 1464 1404 Δεσπότῃ
1514 1333 1791 1401 πρέπουσαν
1840 1327 1928 1393 τὴν

335 1428 701 1503 φιλανθρωπίαν
735 1426 954 1494 εἰσφέρω·
1010 1426 1238 1489 ἐλευθερῶ
1279 1420 1333 1472 τὸ
1373 1421 1561 1479 δοῦλον,
1600 1417 1663 1469 ὡς
1699 1411 1814 1466 Υἱὸς
1853 1412 1928 1463 καὶ

336 1512 631 1580 κληρονόμος
682 1515 766 1561 τοῦ
814 1507 1019 1574 Πατρὸς,
1065 1501 1395 1569 μετασκευάζω
1437 1501 1520 1552 τὸν
1564 1494 1931 1562 καταδικάζοντα

341 1596 485 1660 νόμον
524 1598 587 1648 εἰς
627 1595 902 1643 δικαιοῦσαν
940 1588 1093 1657 χάριν,
1124 1587 1281 1651 ἀνίημι
1319 1587 1402 1648 τῆς
1442 1580 1672 1648 ἁμαρτίας
1709 1577 1793 1629 τὸν
1818 1572 1929 1629 ταῖς
1954 1600 2001 1639 15

116 1680 277 1754 gfff&
342 1683 436 1731 τῶν
478 1676 656 1728 οἰκείων
695 1670 1124 1738 πλημμελημάτων
1165 1665 1547 1735 κατεσφιγμένον
1589 1664 1779 1727 σειραῖς,
1819 1660 1931 1709 ἀνα-

344 1760 524 1812 σώσων
562 1757 647 1821 τὴν
687 1754 972 1819 οἰκουμένην,
1012 1754 1065 1805 οὐ
1104 1751 1394 1817 κατακρίνων
1430 1738 1655 1811 ἐλήλυθα.
1713 1742 1802 1793 ἔδει
1839 1739 1934 1806 γὰρ

306 1863 326 1889 e
346 1843 434 1894 ἔδει
463 1839 650 1892 Μωσέα
677 1838 775 1901 μὲν,
802 1838 967 1906 φησὶν,
1000 1838 1061 1888 ὡς
1087 1833 1268 1898 οἰκέτην
1295 1829 1439 1895 νόμου
1463 1834 1546 1880 τοῦ
1578 1823 1936 1891 κατακρίνοντος

346 1923 568 1991 γενέσθαι
604 1921 831 1981 διάκονον,
859 1917 937 1981 ἐμὲ
972 1916 1020 1968 δὲ
1059 1919 1120 1970 ὡς
1146 1915 1264 1966 Υἰὸν
1290 1915 1366 1964 καὶ
1400 1909 1526 1963 Θεὸν
1557 1911 1640 1973 τῆς
1675 1911 1758 1958 τοῦ
1792 1903 1938 1969 νόμου

349 2005 555 2072 κατάρας
590 2003 708 2067 ὅλην
735 1999 960 2053 ἀπολύειν
986 1998 1072 2063 τὴν
1102 1995 1386 2060 οἰκουμένην,
1414 1994 1489 2044 καὶ
1525 1996 1625 2044 ταῖς
1659 1993 1720 2043 εἰς
1756 1992 1933 2057 φιλαν-
1959 2011 2007 2035 20

351 2087 561 2154 θρωπίαν
589 2087 872 2151 ὑπερβολαῖς
900 2085 1186 2148 θεραπεῦσαι
1222 2083 1306 2129 τοῦ
1340 2076 1523 2139 κόσμου
1559 2072 1645 2137 τὴν
1672 2068 1936 2122 ἀσθένειαν.

352 2173 388 2220 εἰ
413 2168 461 2220 δὲ
488 2167 686 2231 ἀμείνων
711 2166 739 2229 ἡ
767 2168 1014 2216 δικαιοῦσα
1040 2161 1177 2230 χάρις
1207 2163 1291 2225 τῆς
1327 2154 1699 2223 κατακρινούσης
1724 2152 1938 2214 ἐντολῆς,

352 2255 451 2304 πῶς
483 2251 564 2300 οὐκ
602 2246 865 2299 ἀκόλουθον
891 2246 979 2310 ἤδη
1007 2249 1126 2295 νοεῖν
1149 2241 1204 2294 τὸ
1231 2239 1452 2293 οἰκετικὸν
1479 2237 1746 2299 ἀναβαίνειν
1772 2232 1943 2298 μέτρον

353 2332 436 2384 τὸν
475 2334 595 2383 οὕτω
635 2331 872 2395 θεοπρεπῆ
912 2325 997 2390 τὴν
1032 2326 1254 2394 ἐξουσίαν
1289 2321 1582 2390 εἰσφέροντα,
1620 2319 1694 2368 καὶ
1731 2320 1827 2366 τῶν
1861 2316 1945 2378 τῆς

358 2414 586 2480 ἁμαρτίας
613 2414 802 2473 δεσμῶν
830 2408 1026 2478 ἀφιέντα
1052 2406 1134 2458 τὸν
1161 2407 1440 2472 ἄνθρωπον,
1966 2415 2014 2454 25

436 2495 520 2549 Εἷς
558 2493 642 2559 μὲν
680 2494 761 2544 οὖν
796 2496 891 2543 τῶν
925 2489 1240 2556 προκειμένων
1267 2487 1446 2543 οὑτοσὶ,
1477 2486 1551 2535 καὶ
1591 2483 1673 2534 οὐκ
1711 2480 1947 2547 ἄκομψος,

134 2592 216 2626 154
232 2590 281 2624 A·
322 2582 422 2633 acbs'
469 2576 608 2641 οἶμαι,
654 2574 815 2641 λόγος·
876 2571 1085 2637 δεύτερος
1128 2569 1177 2621 δὲ
1221 2571 1295 2620 ἐπὶ
1339 2568 1489 2636 τούτῳ
1536 2563 1612 2616 διὰ
1655 2567 1750 2614 τῶν
1795 2561 1948 2612 αὐτῶν

409 2759 441 2792 3.
469 2746 514 2781 εἷς
532 2747 589 2780 τὸν
608 2746 736 2788 κόσμον
754 2745 811 2777 τὸν
829 2743 908 2776 Υἱόν
925 2741 1027 2775 αὐτοῦ
1047 2740 1184 2773 inverso
1203 2736 1322 2771 ordine
1345 2736 1384 2770 B.
1481 2735 1539 2768 τὸν
1556 2735 1634 2767 Υἶὸν
1651 2730 1771 2777 αὐτοῦ]
1791 2731 1829 2765 τὸ
1847 2730 1950 2764 αὐτοῦ

362 2794 396 2827 ἐν
414 2796 459 2839 τῷ
477 2794 573 2838 ι”ίλλῳ
591 2793 662 2836 ἕγρ.
685 2791 723 2836 [i.
738 2803 766 2824 e.
786 2796 823 2823 ut
842 2788 911 2822 vid.
931 2788 1033 2821 αὐτοῦ
1051 2786 1189 2830 scripsit
1206 2785 1241 2817 in
1261 2785 1367 2817 altero
1387 2780 1521 2827 codice]
1547 2782 1577 2815 D
1597 2792 1668 2825 mg.
1769 2789 1821 2812 10.
1846 2782 1948 2810 Μωυ-

363 2842 429 2883 σῆν
450 2840 490 2874 B.
511 2839 638 2873 Μωσεά
658 2837 764 2872 Cord.
785 2837 844 2870 Cr.
864 2834 929 2869 Ed.
1078 2844 1130 2866 11.
1156 2830 1328 2876 εἰσφέρων
1349 2830 1389 2863 B.
1408 2828 1524 2874 φέρων
1541 2840 1571 2861 a.
1590 2825 1743 2871 εἰσφέρω
1762 2823 1869 2859 Cord.
1890 2823 1949 2857 Cr.

363 2887 430 2920 Ed.
650 2897 701 2926 14.
729 2884 903 2925 δικάζοντα
924 2882 970 2916 D.
987 2880 1106 2914 invitis
1126 2879 1218 2913 Catt.
1437 2885 1489 2920 15.
1515 2877 1587 2910 ταῖς
1605 2878 1827 2917 assumptum
1845 2882 1886 2903 ex
1906 2869 1948 2903 B.

367 2934 418 2966 18.
446 2933 557 2977 φησὶν
573 2938 652 2965 ante
671 2930 800 2965 Μωσέα
817 2928 1013 2973 transponit
1034 2927 1073 2960 Β.
1140 2922 1260 2969 νόμου]
1280 2925 1364 2968 ὁμοῦ
1383 2923 1463 2967 (sic)
1484 2921 1526 2957 B.
1712 2929 1767 2953 20.
1794 2917 1878 2960 ὅλην
1895 2927 1950 2950 as-

364 2985 547 3023 sumptum
565 2991 605 3012 ex
627 2978 668 3012 B.
814 2975 869 3010 26.
894 2974 952 3009 οὖν
971 2974 1013 3008 Β.
1033 2973 1072 3017 δὴ
1092 2972 1157 3006 Ed.
