2084 3317
331 195 415 234 310
731 196 779 235 B.
814 195 1089 236 CYRILLI
1134 196 1508 237 ALEXANDR.
1705 210 1742 234 v.
1767 207 1915 244 11—14.

267 337 382 379 ¹1‘O
421 338 466 380 δὲ
505 339 714 397 ἀπεκρίΟΗ
757 339 901 382 αὐτοῖς
933 341 986 382 ‘O
1026 342 1210 383 Ποιήσας
1250 357 1300 389 με
1343 343 1448 392 ὑΓιιΞ,
1486 338 1649 383 ἐκεῖνος
1688 356 1758 389 μοι
1799 335 1916 380 εἶπεν

270 430 312 454 12
370 419 501 478 9Αρον
528 423 600 466 τὸν
630 425 869 480 κράββοιτόν
897 439 970 466 σου
999 425 1066 465 καὶ
1093 425 1332 481 Περιπάτει.
1377 425 1606 481 ιῖιρόΠΗσαν
1634 421 1706 464 οὖν
1734 424 1878 466 αὐτόν.

293 546 314 571 0
409 535 703 603 Σοφωτάτην
731 538 755 587 ὁ
782 536 929 603 λόγος
954 538 1103 588 ὠδίνει
1131 536 1216 601 τὴν
1243 538 1435 599 ἔννοιαν,
1464 540 1538 589 καὶ
1574 541 1657 602 τῆς
1681 537 1920 588 Ἰουδαίων

334 618 623 683 δυστροπιάς
673 618 1070 685 ἀποκρουστικήν.
1152 618 1308 682 ἐπειδὴ
1359 619 1452 684 γὰρ
1503 620 1586 670 οὐκ
1635 619 1821 688 ἔξεστιν
1871 620 1920 669 ἐν

332 698 584 768 σαββάτῳ,
611 702 777 768 φησὶν,
805 700 959 751 οἴκαδε
993 700 1080 764 τὴν
1112 703 1278 765 κλίνην
1305 701 1476 752 ἑλόντα
1510 700 1727 767 βαδίζειν,
1757 723 1914 766 παρα·
1940 719 1962 756 5

332 782 494 843 νομιάς
543 786 610 850 τῷ
659 782 1040 852 τεθεραπευμένῳ
1090 782 1348 849 ῥάπτοντες
1398 784 1604 851 γραφὴν,
1656 783 1921 848 ἀναγκαίως

332 864 488 917 αὐτοῖς
526 865 814 929 γοργοτέραν
853 864 1099 934 ἀντεξάγει
1141 865 1226 929 τὴν
1265 867 1546 932 ἀπολογίαν,
1586 867 1758 916 ἐκεῖνον
1797 865 1922 915 αὐτῶ

330 951 603 1010 περιπατεῖν
628 946 939 998 ἐντέλλεσθαι
973 946 1191 1013 λέγων,
1172 971 1222 1002 ος
1258 971 1333 998 και
1368 950 1451 1011 τῆς
1487 947 1640 1012 ὑγειας
1677 947 1920 1014 ἀνεδείχθη

334 1026 490 1094 δοτὴρ,
517 1027 663 1091 μόνον
694 1028 741 1079 δὲ
776 1029 878 1096 οὐχι
915 1027 1128 1080 τοιοῦτόν
1163 1052 1208 1080 τι
1247 1029 1400 1098 φησίν
1425 1028 1857 1097 Ἀξιολογώτατον,
1884 1026 1922 1079 ὠ

333 1109 476 1168 οὗτοι,
505 1111 627 1179 φημι
661 1133 779 1177 προς
814 1109 868 1162 τὸ
904 1114 1073 1178 χρῆναι
1107 1115 1349 1175 τιμᾶσθαι,
1378 1110 1466 1161 κᾶν
1496 1116 1661 1162 λυπεῖν
1690 1109 1921 1162 ἐπιτάττει
1944 1133 1991 1158 10

108 1205 188 1240 210
205 1203 254 1239 A.
294 1214 315 1238 ·ι
336 1215 416 1246 τας
444 1199 525 1243 τοῦ
551 1192 807 1253 σαββατου
833 1193 983 1256 τιμὰς,
1010 1194 1093 1244 τὸν
1120 1217 1156 1243 ω
1183 1193 1394 1290 τοσαύτη
1419 1193 1682 1259 πρόσεστιν
1710 1193 1847 1260 ἰσχύς
1872 1215 1922 1243 τε

332 1298 407 1325 και
435 1274 584 1342 χάρις,
614 1277 675 1328 ὡς
701 1274 786 1339 τὴν
812 1275 926 1339 ε’μὴν
952 1245 1181 1344 ἐξελάσαι
1208 1275 1367 1327 νόσον.
1408 1299 1445 1326 ει
1471 1298 1563 1341 γαρ
1589 1281 1672 1326 τοῦ
1698 1274 1923 1342 τυχόντος

331 1359 432 1407 ἐστὶ
460 1356 514 1407 τὸ
545 1358 593 1407 ἐν
620 1356 800 1410 τούτοις
827 1357 1096 1423 διαπρέπειν
1123 1357 1393 1424 ἀλλότριον,
1421 1357 1620 1423 ἁρμόσει
1652 1356 1701 1408 δὲ
1731 1361 1923 1420 μᾶλλον

329 1441 535 1508 ἐνεργείᾳ
574 1441 650 1490 καὶ
689 1438 879 1502 δυνάμει
919 1443 1178 1506 θεοπρεπεῖ,
1212 1443 1313 1493 πῶς
1352 1438 1411 1489 ἂν
1448 1438 1663 1505 ἁμάρτοι,
1695 1441 1861 1507 φησὶν,
1897 1440 1922 1490 ὁ

330 1521 508 1572 τούτων
535 1519 765 1588 ἐργάτης;
808 1520 836 1585 ἢ
864 1525 965 1575 πῶς
992 1520 1049 1572 ἂν
1077 1523 1130 1572 οὐ
1154 1520 1340 1574 πάντως
1373 1520 1433 1572 τὰ
1469 1521 1788 1589 κεχαρισμένα
1814 1524 1922 1590 Θεῷ
1946 1543 1992 1581 15

329 1603 734 1665 συμβουλεύσειεν
761 1604 785 1654 ὁ
814 1606 1050 1670 θεοπρεπῆ
1077 1603 1164 1668 τὴν
1185 1603 1381 1667 δύναμιν
1402 1603 1546 1672 ε”χων;
1582 1604 1740 1672 τρέφει
1767 1604 1923 1655 τοίνυν

329 1686 377 1735 ἐν
401 1685 549 1755 ἑαυτῷ
573 1684 747 1752 πικρὰν
773 1687 798 1736 ὁ
826 1685 972 1751 λόγος
998 1686 1084 1750 τὴν
1111 1686 1340 1755 ἔμφασιν.

286 1850 312 1890 b
332 1845 406 1886 Tic
448 1847 562 1888 ἐστιν
601 1847 623 1889 ὁ
666 1847 896 1904 ἅνθρωπος
939 1848 961 1889 ὁ
1004 1845 1137 1889 εἰπών
1177 1862 1242 1889 σοι
1276 1844 1408 1904 ςΑρον
1447 1847 1519 1889 τὸν
1565 1847 1802 1903 κρὰββατόν
1846 1862 1921 1888 σου

268 1938 313 1973 13
402 1930 471 1970 καὶ
505 1930 757 1987 Περιπάτει,
796 1931 818 1973 ὁ
857 1931 901 1972 δὲ
937 1929 1068 1972 ἰαθεὶς
1102 1931 1177 1972 οὐκ
1215 1931 1307 1989 ᾔδει
1338 1930 1400 1972 τίς
1433 1931 1558 1972 ἐστιν·
1598 1931 1620 1973 ὁ
1657 1931 1922 1987 ΓὰρἸΗσοῡε

268 2025 314 2058 14
402 2012 624 2054 ἐξένευσεν
673 2013 801 2069 ὄχλου
846 2014 970 2056 ὄντος
1020 2014 1062 2055 ἐν
1107 2016 1169 2068 τῷ
1210 2015 1347 2068 τόπῳ.
1412 2015 1518 2062 μετὰ
1560 2018 1693 2055 ταῦτα
1737 2013 1922 2071 εὑρίσκει
1947 2028 1996 2051 20

401 2096 530 2139 αὐτὸν
569 2096 591 2138 ὁ
622 2096 791 2139 ἸΗσοῡε
828 2097 873 2138 ἐν
911 2100 973 2152 τῷ
1007 2095 1117 2154 ἱερῷ,
1158 2096 1221 2138 καὶ
1261 2093 1379 2138 εἶπεν
1418 2097 1551 2151 αὐτῷ.

398 2208 690 2274 ”Απληστος
724 2214 787 2264 εἰς
822 2211 1095 2280 μιαιφονίαν
1120 2214 1215 2261 τῶν
1240 2212 1481 2261 Ἰουδαίων
1507 2212 1532 2261 ὁ
1568 2215 1690 2264 νοῦς.
1745 2214 1920 2277 διερευ-

334 2297 454 2344 νῶσι
498 2292 582 2344 τὸν
619 2294 921 2362 ἐπιτάξαντα,
959 2293 1319 2345 συνεπιπλέκειν
1358 2292 1500 2344 αὐτὸν
1538 2297 1605 2363 τῷ
1642 2292 1925 2362 παραδόξως

335 2375 608 2441 ὑγιασθέντι
645 2374 996 2439 βουλευόμενοι·
1048 2375 1190 2440 μόνος
1228 2375 1337 2442 γὰρ,
1375 2377 1438 2429 ὡς
1476 2375 1609 2438 εἰκὸς,
1649 2375 1926 2427 κινδυνεύων

335 2456 496 2508 ἐλύπει
527 2457 603 2509 διὰ
633 2458 688 2509 τὸ
719 2456 991 2520 σάββατον,
1021 2459 1045 2509 ὁ
1072 2457 1276 2524 βρόχους
1312 2459 1416 2525 α”ρτι
1452 2461 1527 2509 καὶ
1561 2459 1765 2524 παγίδας
1803 2457 1924 2526 ἀφύ-
1949 2474 1996 2512 25

296 2561 319 2588 c
337 2563 472 2593 κτους
498 2538 782 2607 διαδραμὼν,
810 2542 886 2590 καὶ
912 2540 1065 2591 αὐτῶν
1092 2539 1452 2608 ἐξειλκυσμένος
1486 2544 1580 2591 τῶν
1606 2546 1689 2591 τοῦ
1723 2538 1927 2591 θανάτου

335 2625 518 2673 πυλῶν·
560 2627 702 2674 εἰπεῖν
729 2622 776 2674 δὲ
808 2621 890 2673 τὸν
917 2621 1077 2688 ἰατρὸν
1105 2622 1252 2672 καίτοι
1289 2621 1484 2691 σφόδρα
1519 2627 1927 2691 φιλοπευστοῦσιν

336 2705 420 2755 οὐκ
452 2704 558 2772 ἔχει,
591 2709 750 2759 καλῶς
789 2728 838 2755 τε
877 2708 951 2755 καὶ
991 2708 1291 2768 οἰκονομικῶς
1331 2705 1724 2774 κατακρύψαντος
1762 2702 1927 2755 ἑαυτὸν

386 2872 419 2905 3.
447 2863 652 2906 Σοφώτατον
672 2861 712 2895 Β.
857 2862 890 2896 8.
917 2861 1139 2896 ἐντέλλεσθαι
1158 2861 1200 2895 Β.
1219 2861 1414 2895 ἐντετάλθαι
1434 2860 1499 2895 Ed.
1652 2871 1705 2894 10.
1732 2859 1792 2894 κᾶν
1808 2860 1928 2894 λυπεῖν

339 2907 507 2941 ἐπιτάττει
528 2908 572 2941 Β.
590 2923 643 2942 και
656 2908 812 2968 λυπεῖν
797 2909 984 2943 επιτάττειν
1003 2907 1070 2942 Ed.
1250 2919 1302 2941 11
1329 2923 1364 2941 τε
1386 2908 1426 2942 Β.
1445 2908 1522 2942 ε’στι
1540 2906 1606 2941 Ed.
1790 2917 1842 2940 12.
1867 2907 1928 2940 τοῦ

338 2953 516 3000 τυχόντος]
536 2954 596 2989 τοὺ
614 2970 652 2989 το
682 2957 844 3001 τυχόντος
864 2955 906 2990 Β.
1065 2965 1118 2999 13.
1145 2955 1202 2988 τὸν
1220 2966 1282 2999 pro
1300 2956 1338 2988 τὸ
1360 2954 1401 2988 Β.
1559 2964 1611 3000 15.
1639 2952 1865 2999 κεχηρισμένα
1884 2952 1927 2987 Β.

339 3011 394 3042 24.
419 3003 623 3045 βουλόμενοι
643 3002 685 3036 Β.
829 3012 884 3046 27.
911 3002 1051 3047 σφόδρα
1070 3009 1290 3046 assumptum
1311 3014 1351 3035 ex
1373 3001 1413 3036 B.
