2084 3317
273 310 322 346 33

294 752 322 792 d

296 1420 318 1447 e

113 2067 199 2101 463
213 2065 265 2101 A.
294 2075 316 2099 a
353 2055 362 2070 ’

342 144 425 183 678
747 145 795 186 Β.
830 146 1105 187 CYRILLI
1148 148 1531 189 ALEXANDR.
1775 145 1846 186 vii.
1865 158 1932 200 33.

2072 135 2076 177 Ξ

2072 212 2076 240 ι

429 300 446 316 ,3,
2072 265 2076 302 Q

397 303 526 347 Ειπεν
564 303 638 348 οὖν
678 304 823 349 αὐτοῖς
862 309 884 351 ὁ
915 308 1085 351 ἸΗσοῡε
1117 308 1211 351 ”En
1249 309 1400 366 μικρὸν
1438 308 1590 366 χρόνον
1627 308 1718 357 μεθ’
1763 306 1882 356 ὑμῶν
2072 309 2076 373 ξ

2072 377 2084 390 ..

2072 431 2076 465 1

621 387 719 442 εἶμι,
758 390 827 432 καὶ
865 391 1017 439 finds-oo
1054 392 1163 449 Πρὸς
1204 391 1275 433 τὸν
1313 392 1544 443 Πέμψαντά
1583 407 1647 441 με.

417 497 522 548 Οὐκ
555 497 765 562 ἠγνόησε
800 498 963 562 πάλιν,
993 499 1074 550 ἅτε
1099 499 1156 564 δὴ
1185 499 1307 554 Θεὸς
1334 500 1560 567 ὑπάρχων
1585 498 1704 550 κατὰ
1731 497 1880 566 φύσιν
1907 500 1933 549 ὁ

345 578 534 644 Κύριος,
573 579 633 630 τὰ
677 580 908 648 μιαιφόνα
946 586 1041 632 τῶν
1074 583 1354 648 Φαρισαίων
1392 580 1691 646 τολμήματα,
1732 582 1807 631 καὶ
1846 578 1932 644 τὴν

342 658 417 726 ἐφ’
455 661 604 729 ἑαυτῷ
642 666 737 712 τῶν
778 663 1031 730 ἀρχιερέων
1071 662 1266 714 ἀνόσιον
1304 663 1500 731 σκέψιν.
1554 667 1718 729 θεωρεῖ
1751 659 1799 713 δὲ
1836 666 1973 716 τοῖς5

341 743 424 805 τῆς
459 741 677 807 θεότητος
712 744 984 811 ὀφθαλμοῖς
1017 744 1106 809 ἤδη
1144 748 1219 796 καὶ
1255 745 1506 812 παρόντας,
1535 746 1610 795 καὶ
1640 749 1737 798 τοῖς
1768 743 1932 811 ὄχλοις

341 824 741 890 ἀναμεμιγμένους
776 825 884 880 τοὺς
921 827 1054 893 οἵπερ
1089 826 1216 891 ἦσαν
1251 827 1568 896 ἐξειλεγμένοι
1607 826 1717 892 παρ’
1747 825 1931 876 ἐκείνων

339 907 565 972 ὑπηρέται
603 905 721 972 πρὸς
759 906 814 958 τὸ
852 913 1124 969 συλλαβεῖν
1155 907 1315 960 αὐτόν.
1381 907 1457 959 διὰ
1492 913 1631 960 τοῦτο
1666 906 1822 959 κοινὸν
1846 907 1931 971 μὲν

339 990 402 1040 ὡς
437 987 556 1055 πρὸς
591 987 782 1041 ἅπαντα
818 989 903 1041 τὸν
927 995 1222 1057 περιεστῶτα
1256 994 1405 1055 δῆμον
1430 995 1625 1042 ποιεῖται
1652 989 1735 1041 τὸν
1759 989 1926 1055 λόγον,

338 1069 508 1137 ἔχοντα
532 1070 580 1122 δὲ
606 1069 769 1138 ὥσπερ
794 1070 914 1138 πρὸς
939 1074 1139 1127 ἐκείνους
1164 1072 1420 1139 ἀπόκρισιν
1447 1071 1611 1135 ἱδικὴν,
1638 1073 1757 1135 ὁμοῦ
1781 1071 1828 1122 δὲ
1853 1073 1929 1123 καὶ
1952 1094 2000 1119 10

337 1152 386 1202 ἐν
422 1153 578 1222 ταύτῷ
617 1153 784 1204 πολλα
829 1153 1039 1204 διδάσκει
1081 1153 1140 1204 τὰ
1179 1153 1410 1221 χρήσιμα
1484 1155 1672 1205 ἀπειλεῖ
1710 1176 1796 1217 μεν
1836 1152 1930 1219 γὰρ

336 1255 604 1300 χαριεντως,
636 1233 769 1285 ἀλλα
803 1258 893 1298 και,
925 1236 999 1305 ἐφ’
1029 1235 1097 1290 οῖς
1136 1236 1336 1300 ἥδεσθαι
1374 1237 1481 1303 χρὴ,
1512 1238 1930 1303 μικροψυχοῦντας

336 1315 536 1383 ἐλέγχει·
593 1316 837 1383 ἄπρακτον
863 1316 913 1368 δὲ
952 1320 1028 1368 καὶ
1063 1317 1229 1384 ἑτερως
1266 1318 1424 1372 αὐτοῖς
1459 1317 1657 1369 ἔσεσθαι
1689 1340 1745 1369 το
1776 1319 1927 1386 ἐγχεί-

335 1420 465 1463 ρημα
484 1397 571 1449 κᾶν
590 1399 813 1464 γενέσθαι
834 1404 1016 1467 συμβῇ.
1055 1404 1130 1451 καὶ
1157 1399 1298 1463 όπως,
1320 1402 1529 1467 ἐροῦμεν,
1546 1423 1629 1451 τον
1649 1400 1720 1468 ἐφ’
1740 1399 1929 1470 ἑκάστῳ

336 1479 570 1534 διελόντες
611 1480 778 1547 λόγον·
843 1483 891 1532 ἐν
929 1482 1014 1544 μὲν
1053 1481 1147 1549 γὰρ
1187 1486 1252 1552 τῷ
1293 1486 1436 1534 εἰπεῖν
1462 1481 1566 1533 ’[Ετι
1606 1482 1756 1550 μικρὶν
1786 1483 1928 1548 χρόνον
1950 1500 1998 1540 15

335 1561 433 1630 μεθ’
471 1562 586 1629 ὑμῶν
621 1568 726 1630 εἰμι,
763 1566 1016 1631 μονονουχὶ
1053 1569 1193 1615 τοῦτο
1232 1564 1471 1615 διδάσκων
1507 1563 1720 1633 φαίνεται
1757 1562 1934 1630 Λέγετέ

334 1666 428 1707 μοι,
457 1646 595 1712 φησὶ,
622 1644 699 1695 διὰ
736 1646 878 1696 ποίαν
909 1646 1062 1696 αἰτίαν
1098 1647 1160 1699 ὡς
1198 1648 1246 1697 ἐν
1277 1647 1396 1715 τῷδε
1434 1650 1501 1715 τῷ
1542 1644 1709 1715 κόσμῳ
1747 1645 1926 1712 βραδύ-

336 1728 466 1777 νοντί
505 1750 586 1790 μοι
631 1727 803 1779 λοιπὸν
842 1728 1214 1796 ἐπασχάλλετε;
1271 1728 1495 1798 φορτικός
1541 1732 1633 1792 εἶμι
1677 1733 1774 1781 τοῖς
1819 1729 1926 1779 καθ’

336 1809 467 1872 ὑμᾶς,
495 1809 733 1874 ὁμολογῶ,
761 1811 836 1860 καὶ
863 1814 958 1863 τοῖς
986 1811 1039 1860 οὐ
1069 1814 1246 1874 τιμῶσι
1271 1809 1358 1874 τὴν
1383 1809 1553 1876 ἀρετὴν
1581 1810 1635 1861 οὐ
1660 1808 1770 1860 λίαν
1797 1809 1925 1874 ἡδὺς,

335 1891 608 1957 συντρίβων
637 1890 721 1942 τὸν
751 1892 804 1942 οὐ
842 1890 1084 1961 φιλόθεον,
1110 1894 1187 1943 καὶ
1222 1891 1543 1956 ὑποπλήττων
1571 1892 1785 1959 ἐλέγχοις
1819 1892 1925 1943 ἔσθ’
1948 1914 1998 1940 20

336 1970 411 2023 ὅτε
456 1971 540 2023 τὸν
581 1975 816 2036 δυσσεβῆ.
889 1978 1033 2036 μῖσος
1071 1975 1256 2043 ἐμαυτῷ
1296 1974 1578 2040 γεωργήσας
1623 1976 1706 2025 οὐκ
1747 1976 1922 2040 ἀγνοῶ.

336 2052 468 2104 αλλὰ
505 2053 570 2118 μὴ
608 2052 827 2121 πρόωρον
853 2056 1000 2108 οὕτως
1034 2056 1104 2106 ἐπ’
1137 2057 1237 2117 ἐμοὶ
1272 2054 1355 2106 τὸν
1388 2061 1472 2106 τοῦ
1507 2055 1713 2107 θανάτου
1745 2057 1928 2125 βρόχον

335 2135 569 2188 ἐκτείνετε.
613 2136 762 2207 μικρὶν
789 2135 848 2186 ἔτι
875 2134 973 2204 μεθ’
1001 2135 1117 2205 ὑμῶν
1144 2136 1315 2200 ἔσομαι
1341 2139 1494 2205 χρόνον,
1520 2137 1927 2202 ἀπαναστήσομαι

334 2218 527 2285 χαίρων,
556 2217 671 2268 ὅταν
707 2219 732 2269 ὁ
769 2222 835 2287 τῷ
869 2221 1038 2270 παθεῖν
1063 2218 1257 2284 πρέπων
1290 2217 1410 2287 ἐ’λθῃ
1446 2219 1617 2286 καιρὸς,
1647 2221 1752 2271 οὔτε
1786 2219 1927 2274 αὐτὸς

335 2299 562 2368 ἀνέξομαι
605 2304 815 2351 συνεῖναι
862 2304 1034 2362 κακοῖς,
1077 2301 1165 2367 οὐχ
1210 2301 1356 2364 ἡδεῖαι
1400 2302 1484 2366 μοί
1522 2307 1675 2371 φησιν
1716 2305 1764 2353 αἱ
1808 2301 1925 2367 μετὰ
1945 2322 1994 2362 25

336 2381 593 2449 φονώντων
631 2385 880 2449 διατριβαὶ,
914 2384 1277 2449 ἀποδραμοῦμαι
1315 2387 1410 2434 τῶν
1448 2382 1831 2447 δυσσεβούντων,
1863 2386 1926 2439 ὡς

337 2463 473 2526 Θεὸς,
500 2464 764 2528 συνέσομαι
791 2464 840 2515 δὲ
866 2469 963 2518 τοῖς
990 2466 1114 2529 ἐμοῖς
1140 2463 1303 2518 πάσας
1329 2464 1413 2519 τὰς
1440 2466 1613 2532 ἡμέρας
1644 2471 1727 2517 τοῦ
1760 2469 1927 2519 αἰῶνος

335 2544 423 2596 κᾶν
457 2546 641 2596 ἀπεῖναι
675 2549 798 2597 δοκῶ
836 2549 895 2613 τῇ
933 2547 1093 2613 σαρκί.
1149 2548 1197 2597 ἐν
1223 2545 1272 2597 δὲ
1302 2550 1369 2617 τῷ
1407 2546 1564 2613 λέγειν
1588 2547 1783 2613 Ὑπάγω
1819 2548 1926 2617 πρὶς

386 2679 439 2703 10.
465 2669 583 2714 ὥσπερ
601 2680 631 2703 a.
649 2659 727 2704 ‹bg-⁶⁹
749 2669 790 2703 B.
809 2669 854 2705 ὡς
874 2669 993 2703 Holst.
1013 2668 1081 2703 Ed.
1230 2679 1283 2703 12.
1309 2669 1592 2714 μικροψυχοῦντα
1612 2670 1655 2704 Β.
1675 2669 1740 2704 Ht.
1795 2670 1926 2704 Emen-

335 2715 430 2749 davit
448 2715 544 2749 Aub.
703 2726 757 2759 15.
774 2714 854 2750 ''E-n
875 2716 951 2750 B.a.
971 2715 1022 2750 ὅτι
1042 2715 1105 2751 Ht.
1125 2715 1192 2750 Ed.
1349 2716 1401 2752 16.
1429 2716 1599 2751 διδάσκων
1615 2728 1646 2751 a.
1665 2716 1838 2751 διδάσκειν
1856 2716 1923 2751 Ed.

337 2762 462 2796 Statim
488 2762 644 2807 φαίνεται
670 2774 700 2797 a.
723 2762 818 2808 λέγει
843 2763 1001 2807 φαίνεται
1029 2763 1069 2797 Β.
1093 2764 1188 2808 λόγῳ
1213 2762 1372 2807 φαίνεται
1397 2762 1595 2797 emendavit
1623 2763 1686 2798 Ht.
1708 2762 1804 2797 unde
1829 2763 1924 2797 Aub.

336 2819 392 2843 22.
418 2809 462 2851 μὴ
486 2809 562 2844 B.a.
583 2809 718 2853 Migne.
736 2824 793 2853 μοι
821 2810 884 2844 Ht.
911 2809 977 2843 Ed.
1069 2809 1118 2843 ἐπ’
1146 2809 1219 2852 ἐμοὶ
1245 2809 1443 2843 emendavit
1468 2821 1487 2843 e
1513 2809 1591 2843 Cat.
1614 2810 1714 2844 Harl.
1735 2809 1830 2844 Aub.
1851 2809 1927 2844 εἶπέ

333 2870 391 2898 μοι
411 2855 453 2889 Β.
474 2855 537 2889 Ht.
643 2866 699 2900 23.
726 2855 1012 2899 ἀπαναστήσομαι
1032 2855 1108 2890 B.a.
1128 2854 1409 2899 ἐπαναστήσομαι
1430 2855 1492 2889 Ht.
1512 2855 1579 2890 Ed.
1646 2855 1772 2890 Statim
1789 2856 1826 2890 δὲ
1843 2855 1924 2890 add.

335 2901 429 2935 Aub.
497 2913 553 2944 ²4·
571 2900 635 2948 τῷ]
655 2904 715 2936 τοῦ
731 2914 762 2937 a.
826 2903 915 2948 αὐτῷ
935 2903 977 2936 Β.
996 2902 1095 2938 αὐτὸς
1112 2902 1309 2936 emendavit
1329 2902 1392 2937 Ht.
1410 2908 1444 2936 et
1461 2903 1510 2937 sic
1528 2902 1562 2945 (e
1579 2903 1650 2947 sil.)
1667 2915 1698 2936 a.
1765 2904 1822 2937 26.
1839 2901 1922 2948 τῶν]

336 2948 396 2989 μὲν
413 2951 478 2982 τῶν
495 2959 525 2982 a.
673 2957 728 2993 27.
755 2951 824 2985 τοῖς
842 2948 950 2994 ἐμοῖς]
970 2951 1041 2985 τοῖς
1057 2950 1195 2993 σεμνοῖς
1212 2961 1242 2983 a.
1260 2955 1293 2983 et
1313 2949 1415 2993 (teste
1432 2948 1542 2993 Aub.)
1563 2948 1640 2983 Cat.
1661 2949 1762 2984 Harl.
