2084 3317
148 153 176 194 i.
201 167 240 210 9.
364 154 441 195 IN
482 154 524 196 S.
558 153 897 196 JOANNEM.
960 153 1084 194 LIB.
1118 154 1154 194 Ι.
1217 154 1352 195 CAP.
1386 155 1516 195 VIII.
1652 156 1733 196 107

148 267 175 290 “
201 262 353 329 ἅρτι.”
395 260 720 328 προαιρετικὸν
746 262 837 328 ἄρα
862 262 908 314 τὶ
935 260 1033 331 φῶς
1059 263 1107 312 ἐν
1132 262 1256 326 ἡμῖν,
1285 263 1359 312 καὶ
1388 261 1507 312 κατὰ
1534 261 1733 325 θέλησιν

146 348 338 407 μᾶλλον
374 342 404 408 ἢ
443 344 541 394 κατ’
583 343 750 394 οὐσίαν
787 343 1103 410 προσπέφυκε
1143 348 1238 396 τοῖς
1276 349 1500 408 γενητοῖς,
1540 342 1665 408 εἴπερ
1706 344 1730 392 ὁ
1753 348 1780 388 d

145 429 301 489 μισῶν
325 423 408 475 τὸν
433 423 646 493 ἀδελφὸν
677 425 819 475 αὐτοῦ
854 426 901 474 ἐν
935 428 994 492 τῇ
1029 425 1198 493 σκοτίᾳ
1233 426 1351 475 ἐστί·
1402 428 1505 493 φῶς
1544 423 1591 474 δὲ
1630 427 1728 475 κατ’

146 506 312 557 οὐσίαν
351 507 376 556 ὁ
410 505 701 572 Μονογενής·
746 507 799 557 οὐ
840 505 933 572 γὰρ
971 507 1288 572 προαιρέσεως
1326 506 1419 573 ἕχει
1458 505 1639 572 καρπὸν
1677 504 1732 556 τὸ

104 587 346 656 5ἀξίωμα.
413 588 592 651 οὐκοῦν,
632 587 736 639 οὐδὲ
781 587 994 656 ὁμοφυὴς
1039 593 1134 642 τοῖς
1178 593 1386 654 γενητοῖς
1429 589 1453 638 ὁ
1499 592 1732 638 τοσοῦτον

146 669 482 736 ὑπερκείμενος.

219 772 339 801 ΑΛΛο
373 771 516 801 ΤΟΥΤΩ
550 771 787 802 ΣΥΓΓΕΝΕΣ.
838 758 865 780 “
890 752 954 802 ‘O
994 754 1194 817 ἀγαπῶν
1229 750 1312 801 τὸν
1343 750 1554 819 ἀδελφὸν
1589 751 1730 801 αὐτοῦ
1795 757 1956 830 fig-&⁰³11-

147 844 176 868 “
201 836 250 886 ἐν
289 839 356 907 τῷ
398 837 522 905 φωτὶ
563 835 732 899 με’νει.”
799 835 828 899 ἡ
873 833 1036 898 ἀγάπη
1087 837 1184 886 τοῖς
1224 837 1435 898 γενητοῖς
1484 831 1604 897 ἅπερ
1649 833 1731 882 οὐκ
1821 825 1827 829 ¹
1888 825 1894 831 ¹

145 918 308 986 ἔχουσι
349 918 578 987 προξενεῖ,
616 917 664 968 τὶ
704 915 802 986 φῶς
843 914 1076 980 δηλονότι·
1137 918 1240 982 φῶς
1279 913 1327 964 δὲ
1366 915 1391 964 ὁ
1433 913 1726 979 Μονογενής·

79 1020 126 1045 10
145 1001 298 1067 ἕτερος
323 1001 405 1051 οὖν
431 1000 523 1066 ἄρα
547 1000 649 1049 ἐστὶ
673 997 804 1064 παρὰ
828 997 888 1049 τὰ
912 999 960 1048 ἐν
986 995 1053 1050 οἷς
1078 996 1134 1065 ἐξ
1156 993 1344 1062 ἀγάπης
1369 995 1558 1061 γίνεται.
1751 1008 1772 1034 0

237 1163 271 1198 3.
297 1152 399 1186 αὐτοῦ
417 1155 639 1196 assumptum
657 1161 698 1184 ex
718 1149 760 1184 B.
955 1156 986 1193 7.
1012 1146 1119 1194 τούτῳ
1138 1146 1301 1193 συγγενές
1319 1158 1388 1181 om.
1409 1146 1449 1181 E.
1469 1145 1573 1181 habet
1593 1146 1636 1180 D.
