2084 3317
346 149 427 189 150
743 150 795 191 Β.
828 150 1105 191 CYRILLI
1146 151 1526 192 ALEXANDR.
1731 149 1758 192 i.
1784 150 1846 200 16,
1872 159 1932 201 17.

304 278 326 304 e
344 255 514 322 μέτρον
538 260 604 326 τῷ
632 260 817 325 Σωτῆρι
843 262 1057 327 Χριστῷ,
1084 258 1204 310 κατά
1228 282 1282 324 γε
1307 259 1390 310 τὸν
1415 263 1497 323 τῆς
1523 260 1732 312 εὐκλείας
1759 257 1928 322 λόγον,

346 336 396 390 ὃς
423 340 470 388 ἐν
497 342 554 405 τῇ
587 343 680 389 τῶν
708 340 858 405 ἔργων
885 345 1122 405 θεωρεῖται
1158 341 1486 406 λαμπρότητι,
1530 344 1572 392 οἱ
1597 341 1682 404 μὲν
1707 340 1788 390 οὖν
1814 337 1933 389 κατὰ

345 417 452 472 τοὺς
489 423 571 482 τῆς
609 421 853 484 ἐπιδημίας
891 421 1077 487 καιροὺς
1120 420 1368 487 γεγονότες
1411 422 1549 487 ἅγιοι,
1590 421 1675 486 τὴν
1713 420 1934 471 Ἰωάννου

345 507 641 552 πλεονεκτεῖν
676 503 757 552 οὐκ
792 501 850 553 ἂν
882 501 1065 569 ἔχοντες
1102 503 1283 569 ἀρετὴν,
1321 503 1424 554 οὐδὲ
1462 502 1516 554 τὸ
1556 503 1710 572 ἐκείνῳ
1747 501 1935 568 προσὸν

346 583 676 640 ἀναβαίνοντες
699 583 883 649 μέτρον,
910 585 1322 651 παραχωρήσουσι
1348 583 1439 635 σὺν
1465 586 1591 654 αὐτῷ
1622 584 1676 635 τὸ
1711 588 1843 635 νικᾶν
1869 587 1934 652 τῷ
1954 602 1976 640 5

345 665 561 733 Χριστῷ,
602 664 728 730 ε’ίπερ
770 665 891 732 ἔχων
930 667 978 715 ἐν
1017 667 1211 731 ἀγαθοῖς
1250 666 1303 717 τὸ
1344 667 1602 732 ἀκρότατον
1641 667 1665 716 ὁ
1709 665 1937 731 μακάριος

344 745 627 808 βαπτιστὴς,
657 748 731 796 καὶ
756 747 934 812 τρόπον
963 749 1230 812 ὑπερβολῆς
1257 748 1614 800 καταλελοιπὼς
1647 748 1823 809 οὐδένα,
1850 745 1937 810 τὴν

345 826 415 877 ἐπ’
444 825 669 877 ἐλάττοσι
695 830 867 897 ψῆφον
894 829 947 879 οὐ
975 827 1049 879 διὰ
1076 832 1157 893 τῆς
1184 830 1340 895 ἑτέρου
1368 828 1602 892 λαμβάνει
1629 832 1802 898 φωνῆς,
1823 829 1933 879 ἀλλ’

122 926 198 959 101
218 924 268 957 A.
307 906 485 961 ειαὺτὸς
528 908 691 959 ἑαυτοῦ
737 909 1097 978 κατεσφράγισε
1141 909 1195 960 τὸ
1237 915 1450 977 πρᾶγμα,
1489 911 1656 976 λέγων,
1697 912 1758 964 ὡς
1804 909 1937 974 ἅγιος

347 991 550 1053 άληθῶς.
605 989 758 1054 ἐπειδὴ
796 990 844 1041 δὲ
880 993 955 1042 καὶ
991 996 1085 1042 τῶν
1116 992 1429 1059 ἀρχαιοτέρων
1461 993 1608 1058 ἁγίων
1643 994 1784 1059 ἐχρῆν
1816 994 1932 1042 ἀνα-

348 1071 601 1139 φαίνεσθαι
638 1073 878 1139 κρείττονά
913 1097 962 1124 τε
999 1075 1074 1124 καὶ
1109 1074 1294 1140 μείζονα
1327 1074 1410 1124 τὸν
1436 1073 1758 1138 Ἐμμανουὴλ,
1788 1075 1934 1139 ἀναγ-

348 1154 487 1206 καίως
531 1155 556 1204 ὁ
601 1153 827 1220 μακάριος
870 1154 1234 1220 Εὐαγγελιστὴς
1277 1157 1352 1206 ἐπὶ
1395 1160 1584 1222 πρῶτον
1628 1155 1810 1222 ἔρχεται
1856 1155 1938 1206 τὸν

121 1244 227 1318 ἓξὲξ
349 1234 629 1303 ἱεροφάντην
658 1236 887 1298 Μωυσέα,
913 1236 1032 1302 πρὸς
1071 1235 1124 1287 ὃν
1159 1236 1312 1303 ε’ίρητο
1346 1236 1477 1302 παρὰ
1516 1241 1640 1288 Θεοῦ
1673 1244 1698 1266 “
1722 1234 1846 1287 Οἶδά
1879 1259 1938 1287 σε

126 1340 175 1361 12-
348 1323 374 1346 “
401 1315 531 1381 παρὰ
557 1316 751 1380 πάντας,
779 1320 852 1368 καὶ
880 1317 1019 1385 χάριν
1045 1319 1169 1384 εὗρες
1202 1319 1311 1385 παρ’
1341 1319 1482 1380 ἐμοί.”
1539 1319 1609 1369 ὅτι
1644 1318 1737 1384 γὰρ
1771 1318 1932 1384 ἐγινώ-

346 1421 490 1449 σκετο
531 1397 662 1465 παρὰ
699 1399 879 1452 πάντας·
920 1404 987 1468 τῷ
1026 1403 1148 1468 Θεῷ,
1190 1402 1263 1450 καὶ
1306 1399 1383 1450 διὰ
1420 1401 1587 1452 τούτου
1624 1400 1772 1451 πάλιν
1813 1401 1938 1464 ἡμεῖς

122 1477 283 1508 Num.xii.
373 1484 382 1498 ⁹
436 1479 447 1495 '
575 1497 582 1503 -
625 1487 651 1509 cc
676 1481 685 1496 ’
747 1479 759 1497 ⁸
876 1480 888 1497 Ι
1175 1484 1188 1500 ³
1381 1481 1393 1497 '
1530 1484 1541 1495 '
1596 1486 1616 1496 ἢ
1798 1483 1808 1498 ‘
1904 1484 1914 1498 ³

122 1520 196 1552 6-8.
347 1484 570 1543 εισομεθα
693 1484 793 1531 Εαν
828 1503 1032 1545 γενηται,
1066 1486 1203 1550 φησι,
1230 1485 1480 1551 προφητης
1519 1505 1648 1544 υμων
1682 1486 1856 1551 Κυριῷ,
1892 1505 1940 1532 εν

302 1574 328 1615 b
349 1569 375 1592 ‘⁶
403 1560 603 1627 ὁράματι
640 1563 766 1631 αὐτῷ
801 1562 1150 1628 γνωσθήσομαι
1190 1566 1264 1614 καὶ
1302 1566 1348 1614 ἐν
1380 1565 1511 1634 ὕπνῷ
1546 1562 1753 1628 λαλήσω
1791 1565 1934 1632 αὐτῷ.

347 1653 373 1673 “
401 1645 488 1711 οὐχ
524 1646 671 1698 οὕτως
708 1647 769 1697 ὡς
806 1646 830 1694 ὁ
867 1643 1086 1711 θεράπων
1116 1669 1207 1710 μου
1246 1649 1479 1709 Μωυσῆς,
1510 1647 1559 1696 ἐν
1591 1645 1691 1715 ὅλῳ
1726 1649 1792 1714 τῷ
1829 1645 1939 1715 οἴκῳ

346 1733 375 1754 “
399 1749 490 1788 μου
525 1725 696 1779 πιστός
733 1728 852 1777 ἐστι·
913 1725 1075 1791 στόμα
1113 1726 1233 1777 κατὰ
1271 1728 1433 1791 στόμα
1471 1727 1678 1791 λαλήσω
1717 1728 1857 1796 αὐτῷ,
1892 1730 1940 1778 ἐν

348 1815 375 1837 “
401 1808 505 1857 ε’ίδει
532 1810 607 1857 καὶ
636 1809 689 1857 οὐ
716 1809 770 1858 δι’
801 1808 1134 1874 αἱνιγμάτων.”
1189 1809 1377 1876 ἔχοντος
1403 1811 1559 1861 τοίνυν
1585 1810 1662 1860 καὶ
1695 1814 1778 1860 τοῦ
1812 1832 1936 1860 παν-

348 1887 509 1958 σόφου
555 1889 801 1943 Μωυσέως
848 1890 966 1941 κατὰ
1010 1894 1104 1941 τῶν
1150 1891 1467 1958 ἀρχαιοτέρων
1509 1892 1656 1957 ἁγίων
1694 1889 1780 1954 τὴν
1819 1892 1941 1942 οὕτω

348 1971 564 2036 μεγάλην
617 1970 864 2038 ὑπεροχὴν,
916 1972 1157 2038 κρείττονά
1207 1996 1255 2023 τε
1311 1975 1387 2023 καὶ
1439 1972 1773 2038 εὐκλεέστερον
1822 1973 1942 2024 κατὰ

127 2081 288 2112 001.i.18.
349 2053 506 2104 πάντα
542 2051 718 2118 τρόπον
752 2053 1020 2104 ἐπιδεικνύει
1060 2054 1142 2105 τὸν
1170 2057 1438 2120 Μονογενῆ,
1474 2055 1551 2105 ἵνα
1589 2055 1813 2122 φαίνηται
1848 2061 1875 2084 “
1893 2056 1942 2105 ἐν

352 2143 378 2164 “
404 2139 554 2185 πᾶσιν
580 2134 717 2188 αὐτὸς
745 2135 1036 2200 πρωτεύων,”
1057 2139 1119 2190 ὡς
1145 2138 1170 2187 ὁ
1197 2135 1394 2191 Παῦλός
1422 2140 1559 2206 φησι·
1599 2138 1674 2186 καὶ
1702 2134 1778 2187 διὰ
1803 2142 1942 2187 τοῦτο

351 2216 479 2281 λέγει
506 2223 593 2267 Καὶ
631 2214 760 2283 χάριν
786 2221 877 2267 ἀντὶ
915 2217 1110 2286 χάριτος,
1136 2218 1198 2268 ὅτι
1235 2225 1252 2270 ὁ
1291 2221 1416 2286 νόμος
1453 2215 1528 2268 διὰ
1556 2229 1777 2272 Μωυσεως
1814 2215 1940 2281 ἐθόθη,

312 2301 373 2358 eh
407 2297 541 2367 χάρις
579 2301 657 2348 καὶ
695 2301 716 2358 ἦ
750 2297 935 2358 ἀλήθεια.
971 2296 1210 2360 &blm-013
1243 2301 1425 2368 Χριστοῦ
1461 2298 1637 2365 ἐγένετο·
1688 2297 1815 2362 οἶμαι
1849 2299 1942 2366 γὰρ

351 2379 498 2444 ε”γωγε
535 2378 744 2429 τοιοῦτόν
775 2402 819 2429 τι
854 2380 1118 2440 βούλεσθαι
1152 2383 1329 2444 δηλοῦν
1356 2379 1439 2431 τὸν
1464 2380 1694 2446 μακάριον
1720 2382 1939 2447 Εὐαγγε-

350 2461 540 2525 λιστήν.
609 2463 778 2526 ἀληθῆ,
823 2466 959 2529 φησὶ,
1002 2461 1088 2525 τὴν
1129 2463 1389 2528 ὁμολογίαν
1431 2463 1455 2512 ὁ
1497 2461 1642 2528 μέγας
1685 2462 1943 2528 ἐποιήσατο

350 2542 620 2607 βαπτιστὴς
670 2545 776 2608 περὶ
828 2548 911 2594 τοῦ
964 2547 1268 2608 Μονογενοῦς
1319 2543 1573 2610 διαῤῥήδην
1617 2545 1943 2611 ἀπαγγέλλων

1414 2693 1434 2709 U

404 2728 433 2751 Ι.
459 2716 516 2762 γε]
536 2731 572 2751 τε
593 2717 680 2752 Β.Ε.
801 2727 832 2750 2.
859 2717 940 2751 κατὰ
958 2718 1016 2751 τὸν
1033 2718 1091 2760 τῆς
1109 2715 1285 2760 ἐπιδημίας
1302 2720 1418 2761 καιροῦ
1446 2717 1486 2751 Β.
1601 2730 1633 2760 4.
1660 2718 1700 2751 ἂν
1716 2720 1943 2762 assumptum

353 2775 395 2797 ex
416 2763 458 2797 Β.
565 2775 597 2807 9.
624 2762 762 2809 ἑαυτοῦ]
783 2764 885 2797 αὐτοῦ
907 2764 946 2797 B.
1012 2764 1050 2797 τὸ
1069 2774 1139 2797 0111.
1161 2763 1202 2796 B.
1314 2775 1365 2797 12.
1393 2763 1667 2809 Εὐαγγελιστὴς]
1687 2765 1880 2808 βαπτιστὴς
1899 2764 1941 2798 Β.

359 2821 410 2853 13.
437 2811 621 2854 ἱεροφάντα
641 2811 681 2844 Ε.
783 2821 835 2852 14.
855 2810 905 2844 ὅτι
923 2811 988 2855 γὰρ
1007 2809 1049 2843 Β.
1069 2808 1085 2842 ὂ
1105 2821 1187 2843 cum
1204 2810 1329 2844 lacuna
1348 2810 1388 2843 E.
1408 2811 1533 2844 lacuna
1552 2811 1598 2844 D.
1618 2811 1684 2844 Ed.
1777 2820 1829 2853 15.
1849 2811 1943 2854 ἡμεῖς

353 2867 423 2889 om.
445 2856 484 2889 Β.
726 2856 779 2890 16.
804 2856 995 2900 προφήτης,
1014 2856 1124 2900 φησὶν
1140 2857 1279 2890 inverso
1296 2856 1418 2891 ordine
1437 2857 1480 2891 B.
1546 2857 1659 2902 Κυρίῳ
1676 2858 1821 2891 accessit
1837 2869 1879 2891 ex
1900 2856 1941 2890 B.

359 2913 410 2945 19.
438 2905 550 2945 στόμα
568 2904 649 2936 κατὰ
668 2905 780 2947 στόμα
797 2903 941 2947 λαλήσω
958 2903 1047 2949 αὐτῷ
1067 2914 1135 2936 om.
1160 2902 1201 2937 B.
1498 2914 1554 2949 23.
1580 2902 1777 2938 ἐπιδεικνύει
1797 2903 1839 2938 Β.
1857 2902 1941 2937 ἇπον·

354 2947 492 2982 δεικνύει
512 2948 576 2982 Ed.

1959 1016 2006 1040 10

1961 1835 2009 1859 20
