2021 3296
500 169 574 209 IN
616 167 659 207 S.
693 165 877 206 JOAN.
910 159 1294 204 PRAEFATIO.
1662 156 1688 196 3

105 278 331 346 σιδήριον,
373 298 631 338 τουτεστιν,
672 273 799 335 ὅταν,
841 271 905 336 μὴ
951 268 1070 321 κατὰ
1113 270 1195 330 τῆς
1241 268 1448 330 ἀληθοῦς
1489 263 1690 315 διανοίας

103 365 198 411 τῶν
235 357 572 425 γεγραμμένων
610 357 635 406 ὃ
674 360 780 408 νοῦς
818 353 1031 419 ἐνεχθεὶς,
1070 349 1162 418 ἔξω
1199 346 1390 413 γένηται
1427 348 1510 409 τῆς
1548 345 1690 410 ὀρθῆς
1709 350 1736 391 d

104 439 392 509 διαλήψεως,
431 440 506 490 καὶ
543 437 630 502 τὴν
667 437 846 488 εὐθεῖαν
887 431 1050 498 ὥσπερ
1090 432 1239 498 ἀφεὶς,
1278 429 1349 498 ἐφ’
1391 427 1550 494 ἑτέραν
1588 424 1692 476 τινὰ

106 522 304 592 φέρηται
342 521 535 587 θεωρίας
574 519 683 570 ὁδὸν
717 514 1089 582 ἐκτετραμμένην
1121 516 1204 562 τοῦ
1242 510 1519 576 πρέποντος.
1570 506 1594 558 ὃ
1634 505 1690 570 δὴ

65 620 87 658 5
108 605 182 655 καὶ
207 602 387 666 παθὼν,
414 604 462 653 ἐν
488 601 678 669 θορύβῳ
708 597 794 662 μὲν
820 594 1112 659 καταστήσει
1145 591 1199 643 τὸ
1227 595 1392 642 οἰκεῖον
1418 592 1502 653 τῆς
1530 591 1693 657 ψυχῆς

106 683 382 751 πρόσωπον,
438 682 653 734 τουτέστι
717 678 802 744 τὴν
869 677 1078 743 καρδίαν,
1142 672 1408 736 δυναμώσει
1473 669 1522 722 δὲ
1586 670 1691 720 καθ’

106 767 271 818 ἑαυτοῦ
315 768 391 817 καὶ
431 763 514 818 τὰς
557 760 766 829 πονηράς
808 782 858 811 τε
899 760 975 810 καὶ
1016 752 1328 818 ἀντικειμένας
1373 751 1604 814 δυνάμεις,
1650 748 1697 800 αἳ

106 853 289 915 πικροῖς
332 870 382 898 τε
429 848 504 897 καὶ
544 841 928 909 διεστραμμένοις
967 836 1364 905 κατασοφίζονται
1403 832 1564 899 λόγοις
1602 835 1697 882 τῶν

107 927 431 993 πλανωμένων
467 926 550 978 τὸν
589 931 711 987 νοῦν,
750 921 869 991 πρὸς
906 920 990 985 μὲν
1028 918 1082 970 τὸ
1126 921 1208 981 τῆς
1252 915 1474 980 ἀληθείας
1516 913 1696 966 κάλλος

43 1033 91 1058 10
109 1010 251 1062 αὐτὸν
276 1010 563 1071 ἀναβλέπειν
589 1008 672 1058 οὐκ
710 1003 1057 1071 ἐπιτρέπουσαι,
1085 998 1460 1067 διαστρέφουσαι
1498 994 1546 1046 δὲ
1584 1016 1692 1046 ποι·
1715 1016 1736 1042 e

111 1092 254 1146 κίλως
298 1093 374 1142 καὶ
417 1093 480 1144 εἷς
530 1089 754 1140 ἐκτόπους
804 1085 981 1137 ἐννοίας
1031 1084 1298 1150 ἀποφοιτᾶν
1342 1077 1695 1130 ἀναπείθουσαι·

113 1173 240 1240 λέγει
269 1173 363 1239 γὰρ
390 1172 535 1226 οὐδείς
563 1179 588 1201 “
607 1169 851 1232 Ἀνάθεμα
873 1165 1091 1230 Ἰησοῦς”
1121 1166 1158 1214 εἰ
1185 1161 1248 1226 μὴ
1276 1162 1324 1212 ἐν
1351 1157 1663 1225 Βεελζεβούλ.
1761 1194 1815 1225 xii.
1838 1175 1871 1233 3]

191 1257 286 1306 Καὶ
323 1253 388 1319 μή
429 1277 498 1307 τις
537 1251 708 1303 οἰέσθω
753 1245 1111 1311 πεπλανημένος
1151 1240 1515 1306 πεπλανημένην
1553 1237 1581 1303 ὴ
1625 1239 1701 1288 καὶ

116 1337 281 1390 ἄλλως
306 1338 355 1387 ἐκ
379 1338 750 1402 παραλογισμοῦ
775 1333 1014 1382 ποιεῖσθαι
1040 1326 1125 1390 τὴν
1151 1326 1226 1376 ἐπὶ
1251 1322 1432 1376 τούτοις
1457 1320 1699 1390 ἐξήγησιν·

51 1431 97 1468 15
118 1417 244 1488 ξύλα
277 1418 371 1484 γὰρ
405 1417 508 1471 ε”θος
544 1414 782 1480 ὀνομάζειν
807 1412 913 1462 ἐσθ’
944 1410 1020 1461 ὅτε
1056 1411 1114 1475 τῇ
1151 1407 1250 1475 θείᾳ
1283 1407 1463 1473 γραφῇ,
1491 1400 1702 1466 καθάπερ

116 1501 204 1565 ἤδη
242 1501 540 1566 προείπομεν,
579 1496 638 1547 τὰ
678 1498 725 1546 ἐν
763 1499 863 1547 ταῖς
909 1489 1238 1543 θεοπνεύστοις
1278 1491 1486 1554 γραφαῖς
1529 1482 1702 1549 θεωρή-

117 1605 258 1646 ματα.
315 1584 390 1632 καὶ
415 1586 531 1647 γοῦν
558 1578 633 1630 διὰ
659 1583 741 1629 τοῦ
767 1572 1024 1643 πανσόφου
1052 1569 1300 1622 Μωυσέως
1325 1567 1444 1634 πρὸς
1469 1565 1576 1619 τοὺς
1602 1565 1699 1616 κατ’

116 1666 261 1715 ἐκεῖνο
295 1668 456 1729 καιροῦ
491 1660 700 1711 τοιοῦτόν
735 1681 779 1709 τι
814 1658 965 1727 φησὶν
999 1655 1023 1705 ὁ
1060 1655 1134 1704 ε’πὶ
1168 1650 1359 1703 πάντων
1386 1646 1507 1702 Θεός
1541 1645 1703 1697 “Ἐᾶν
1762 1656 1922 1685 Dent-XX·

116 1753 144 1775 ‘⁶
170 1745 218 1796 δὲ
255 1744 560 1811 περικαθίσῃς
597 1743 703 1807 περὶ
746 1738 888 1791 πόλιν
931 1735 1103 1801 ἡμέρας
1145 1733 1338 1784 πλείους
1382 1731 1704 1791 ἐκπολεμῆσαι
1768 1706 1882 1739 19’20'

48 1845 98 1871 20
118 1834 145 1857 ‘⁶
170 1826 314 1891 αὐτὴν
347 1830 410 1879 εἱς
445 1823 722 1891 κατάληψιν
752 1821 908 1882 αὐτῆς,
935 1818 1018 1868 οὐκ
1053 1812 1411 1885 ἐξολοθρεύσεις
1446 1810 1506 1862 τὰ
1540 1809 1744 1876 δένδραει
1831 1825 1925 1861 3Α.

119 1916 146 1940 “
172 1910 314 1972 αὐτῆς
347 1910 592 1967 ἐπιβαλεῖν
623 1904 692 1956 ἐπ’
722 1901 841 1953 αὐτοὶ
876 1900 1088 1965 σίδηρον,
1116 1897 1225 1948 ἀλλ’
1256 1896 1333 1946 ἀπ’
1370 1894 1511 1945 αὐτοῦ
1549 1890 1702 1961 φάγῃ,

121 1998 149 2021 “
175 1989 289 2042 αὐτὸ
324 1989 373 2041 δὲ
406 1989 489 2040 οὐκ
520 1986 761 2055 ἐκλήψεις.
815 1981 880 2048 μὴ
916 1982 1165 2048 ἄνθρωπος
1197 1977 1251 2029 τὸ
1289 1974 1439 2045 ξύλον
1473 1974 1527 2026 τὸ
1562 1976 1610 2025 ἐν
1643 1976 1710 2041 τῷ

124 2080 151 2103 “
177 2075 352 2142 δρυμῷ,
397 2073 626 2121 εἰσελθεῖν
671 2064 765 2118 ἀπὸ
807 2062 1071 2131 προσώπου
1116 2083 1208 2111 σου
1253 2063 1314 2112 εἰς
1358 2056 1441 2108 τὸν
1484 2054 1704 2123 χάρακα,

124 2163 151 2185 “
177 2153 309 2206 ἀλλὰ
349 2151 403 2203 τὸ
445 2150 594 2220 ξύλον
632 2148 657 2200 ὃ
697 2147 957 2198 ἐπίστασαι
998 2143 1069 2194 ὅτι
1112 2142 1164 2192 οὐ
1207 2135 1549 2206 καρπόβρωτόν
1587 2137 1707 2196 ἐστι,

56 2253 104 2291 25
125 2245 154 2267 ‘⁶
179 2242 318 2288 τοῦτο
343 2230 697 2303 ἐξολοθρεύσεις
725 2230 801 2280 καὶ
826 2224 1092 2294 ἔκλήψεις.”
1132 2222 1203 2274 ὅτι
1229 2221 1277 2273 δὲ
1305 2221 1414 2284 ἡμῖν
1434 2217 1495 2270 τὰ
1518 2222 1712 2269 τοιαῦτα

123 2321 401 2382 νομοθετεῖν,
427 2319 464 2366 εἰ
497 2315 601 2380 περὶ
634 2311 795 2381 ξύλων
820 2313 915 2361 τῶν
941 2307 1036 2358 ἀπὸ
1067 2309 1149 2370 τῆς
1185 2307 1271 2371 γῆς
1306 2307 1457 2354 νοοῖτο
1492 2298 1546 2350 τὸ
1582 2303 1707 2364 εἰρη-

120 2400 273 2466 μένον,
290 2399 373 2450 οῦκ
399 2394 456 2448 ἂν
482 2397 507 2446 ὁ
534 2399 629 2446 τῶν
655 2393 782 2444 ὅλων
807 2390 986 2459 ἠξίωσε
1013 2386 1149 2450 Θεὸς,
1169 2387 1311 2437 παντὶ
1336 2382 1420 2448 μέν
1445 2404 1537 2433 που
1564 2383 1712 2443 δῆλον

122 2481 348 2549 ὑπάρχειν
386 2474 729 2541 ὑπολαμβάνω·
788 2474 957 2540 χρῆναι
1003 2470 1048 2520 δ’
1090 2469 1171 2520 οῦν
1212 2466 1336 2530 ὅμως
1379 2467 1500 2532 φημὶ
1545 2464 1620 2512 καὶ
1658 2460 1755 2529 {gb

172 2617 204 2641 2.
230 2604 294 2648 ἔξω
313 2601 458 2637 accessit
476 2613 517 2634 ex
537 2600 580 2634 B.
631 2599 674 2633 In
694 2598 740 2632 D.
758 2597 885 2630 lacuna
902 2593 952 2627 fit.
1195 2601 1227 2634 3.
1254 2588 1326 2622 τινὰ
1344 2586 1440 2620 deest
1458 2585 1494 2618 in
1514 2584 1570 2623 B„
1587 2583 1714 2616 lacuna

126 2653 227 2687 facta.
376 2658 409 2691 5,
435 2646 571 2692 θορύβῳ
589 2645 734 2680 accessit
751 2655 792 2676 ex
812 2643 854 2676 B.
904 2640 1048 2674 Lacuna
1067 2637 1104 2671 fit
1122 2637 1156 2670 in
1176 2636 1242 2670 Ed.
1294 2633 1473 2678 [Lacunae
1490 2631 1561 2664 fere
1578 2639 1712 2667 ornnes,

126 2699 186 2744 qui
202 2698 238 2731 in
256 2695 323 2731 Ed.
342 2701 375 2729 et
391 2696 428 2728 in
446 2694 491 2729 D.
509 2692 630 2737 fiunt]
1050 2684 1084 2718 6.
1110 2685 1298 2727 πρόσωπον
1315 2684 1537 2722 assumptum
1555 2688 1596 2709 ex
1617 2674 1712 2708 B.D.

129 2755 161 2789 7.
187 2742 221 2778 αἳ
238 2744 370 2787 πικροῖς
388 2741 416 2775 Β
423 2766 544 2775 .....
563 2740 635 2783 ροῖς
652 2736 719 2771 Ed.
1098 2741 1129 2775 9.
1158 2731 1243 2773 πρὸς
1260 2727 1320 2770 μὲν
1339 2726 1381 2759 Β.
1433 2725 1575 2758 Lacuna
1592 2722 1627 2755 in
1647 2719 1714 2754 Ed.

132 2801 185 2825 12.
208 2789 343 2833 Ἰησοῦς
362 2788 453 2822 B.D.
469 2786 583 2829 Ἰησοῦ
602 2784 668 2819 Ed.
861 2792 914 2826 13.
939 2776 1195 2820 πεπλανημένος
1211 2772 1468 2815 πεπλανημένην
1485 2769 1503 2812 ἢ
1523 2769 1565 2803 Β.
1582 2769 1715 2802 πεπλα-

130 2836 257 2880 σμένην
275 2836 322 2869 D.
338 2832 593 2876 πεπλανημένην
612 2858 619 2865 .
641 2856 649 2864 .
669 2856 676 2864 .
697 2828 763 2863 Ed.
1059 2835 1111 2868 15.
1136 2823 1202 2867 γὰρ
1220 2821 1297 2855 ἔθος
1313 2818 1486 2861 ὀνομάζειν
1504 2814 1576 2849 ἐσθ’
1596 2814 1652 2847 ὅτε
1672 2813 1714 2846 Β.

86 2913 102 2923 ,,
130 2883 303 2928 ὀνομάζειν
319 2880 396 2915 ἕθος
413 2878 480 2914 Ed.
655 2877 708 2911 18.
732 2875 842 2921 φησὶν
858 2878 938 2918 post
956 2872 1041 2906 Θεός
1057 2877 1100 2904 tr.
1120 2869 1162 2902 B.
1340 2876 1391 2910 19.
1417 2863 1495 2907 περὶ
1514 2862 1556 2895 Β.
1584 2861 1630 2895 εἷς
1651 2859 1716 2893 Ed.

133 2941 188 2966 21.
216 2928 266 2963 ἐπ’
284 2925 384 2971 αὐτὰ]
404 2926 439 2960 ἐν
455 2924 585 2960 τούτοις
603 2923 646 2958 Β.
795 2932 850 2955 22.
875 2915 1055 2962 ἐκλήψεις]
1076 2913 1260 2958 ἐκκλὴψεις
1279 2911 1324 2945 D.
1343 2910 1502 2954 ἐκκόψεις
1521 2908 1562 2941 B.
1582 2906 1641 2941 sed
1660 2905 1715 2938 hic

132 2988 178 3011 an
194 2988 227 3010 v.
247 2976 314 3020 25?
341 2973 499 3016 ἐκκόψεις
515 2977 705 3016 utrumque
722 2967 871 3003 correxit
889 2965 1024 3009 Migne.
1127 2961 1182 2995 26,
1208 2961 1265 3002 τῆς
1283 2963 1504 3001 assumptum
1522 2966 1562 2988 ex
1584 2952 1676 2987 B.D.

887 3023 960 3052 ΒΖ
