2073 3296
283 116 338 155 94
685 117 734 157 B.
767 116 1039 157 CYRILLI
1080 116 1460 157 ALEXANDR.
1777 115 1802 156 i.
1827 115 1866 155 8.

280 224 516 292 μαρτυρίαν
536 224 608 276 ’ἵνα
633 225 878 298 μαρτυρήσῃ
905 229 998 292 περὶ
1024 226 1094 275 τοῧ
1121 225 1281 292 φωτός·
1310 225 1385 274 καὶ
1410 228 1512 293 φῶς
1535 222 1620 288 μὲν
1644 224 1693 274 ἐν
1717 223 1868 292 τούτῳ

281 303 364 354 τὸν
391 305 516 355 Θεὸν
543 304 704 370 Λόγον
731 307 973 368 ἀποκαλεῖ,
1001 305 1079 357 ἕνα
1106 304 1155 356 δὲ
1181 305 1295 357 ὄντα
1329 304 1533 367 δεικνύει,
1561 306 1637 355 καὶ
1670 303 1783 355 αὐτὸ
1810 303 1868 368 δὴ

281 391 420 436 τοῦτο
457 387 622 452 κυρίως
662 386 934 453 ὑπάρχοντα
972 391 1088 455 φῶς,
1127 385 1234 450 μεθ’
1274 387 1328 437 οὗ
1366 385 1486 437 κατὰ
1525 385 1674 454 φύσιν
1712 386 1870 452 ἕτερον

281 467 426 530 οὐδὲν,
455 466 540 531 τὴν
565 473 648 518 τοῦ
683 467 913 518 δύνασθαι
949 468 1162 535 φωτίζειν
1191 467 1421 533 ἐνέργειαν
1446 466 1568 534 ἕχον,
1598 468 1674 518 καὶ
1709 465 1868 535 φωτὸς

281 549 335 599 οὐ
361 548 536 612 δεηθέν.
594 549 759 599 οὐκοῦν
787 547 992 615 ε”κφυλός
1017 570 1066 599 τε
1094 550 1181 611 καὶ,
1208 547 1262 599 ἵν’
1291 549 1437 601 οὕτως
1463 548 1678 610 εἴπωμεν,
1708 549 1864 614 ἑτερο·
1887 559 1910 598 5

282 629 404 698 φυὴς
431 632 493 682 ὡς
518 628 636 695 πρὸς
667 628 753 693 τὴν
779 629 933 680 κτίσιν
960 630 984 679 ὁ
1019 635 1102 681 τοῦ
1129 633 1255 680 Θεοῦ
1282 627 1452 694 Λόγος,
1480 629 1606 695 ε’ίπερ
1640 628 1785 682 ὅντως
1819 651 1868 679 τε

281 713 356 761 καὶ
383 712 572 774 ἀληθῶς
596 709 735 764 αὐτὸς
760 710 846 774 μέν
865 712 969 761 ἐστι
993 710 1158 776 κυρίως
1184 709 1238 761 τὸ
1266 714 1382 778 φῶς,
1403 708 1562 778 φωτὸς
1588 709 1637 761 δὲ
1662 710 1691 773 ἡ
1717 710 1870 763 κτίσις

237 805 264 845 (1
280 791 489 859 μέτοχος.
545 793 570 842 ὁ
606 791 655 842 δὲ
687 797 783 845 τοῖς
813 792 1138 856 πεποιημένοις
1164 792 1458 845 ἀσύντακτος
1482 790 1584 855 ἤδη,
1612 792 1688 841 καὶ
1715 792 1868 857 ἑτερο-

281 873 404 941 φυὴς
443 872 518 924 διὰ
556 879 694 924 τοῦτο
733 873 993 936 νοούμενος,
1020 878 1120 927 πῶς
1158 872 1216 924 ἂν
1254 872 1321 937 ε’ίη
1359 870 1566 939 γενητὸς,
1594 876 1786 937 μᾶλλον
1821 870 1869 923 δὲ

279 959 380 1008 πῶς
406 955 488 1005 οὐκ
516 953 573 1005 ἂν
599 955 666 1019 ε’ίη
693 954 863 1006 λοιπὸν
888 955 1002 1006 εἵσω
1028 959 1122 1006 τῶν
1146 957 1229 1020 τῆς
1256 952 1473 1019 θεότητος
1507 953 1646 1021 ὅρων,
1675 955 1751 1005 καὶ
1785 955 1868 1017 τῆς

279 1042 362 1087 τοῦ
389 1035 603 1090 τεκόντος
627 1036 817 1104 εὐφυΐας
843 1036 1120 1099 ἀνάπλεως;

241 1251 370 1295 8οὑκ
409 1249 457 1293 ἦν
496 1248 660 1293 ἐκεῖνος
696 1251 745 1294 τὸ
784 1252 893 1308 φῶς,
931 1253 1020 1294 ἀλλ’
1064 1253 1133 1295 ἵνα
1170 1252 1424 1312 μαρτυρήσῌ
1461 1252 1559 1311 Περὶ
1595 1255 1670 1294 τοῦ
1708 1252 1868 1308 φωτός.

356 1385 458 1441 Τὰς
483 1388 531 1438 ἐν
557 1391 615 1456 τῇ
641 1387 795 1458 ἐρήμῳ
820 1387 1062 1455 διατριβὰς
1087 1393 1182 1440 τῶν
1209 1391 1256 1440 ἐν
1278 1388 1482 1441 πόλεσιν
1506 1387 1871 1452 ἐνδιαιτημάτων

241 1467 581 1534 θπροτιμήσας
619 1470 644 1519 ὁ
683 1470 967 1534 βαπτιστὴς,
1008 1472 1083 1521 καὶ
1123 1470 1261 1539 ξένην
1296 1471 1344 1521 ἐν
1382 1469 1585 1533 ἀσκήσει
1623 1468 1711 1533 τὴν
1750 1492 1864 1536 καρ-

281 1550 437 1616 τερίαν
463 1550 825 1619 ἐπιδειξάμενος,
851 1553 926 1602 καὶ
961 1554 1023 1606 εἷς
1057 1550 1171 1603 αὐτὸ
1205 1555 1288 1616 τῆς
1323 1553 1371 1603 ἐν
1397 1551 1660 1618 ἀνθρώποις
1692 1553 1864 1602 δικαιο-

281 1630 430 1696 σύνης
462 1631 516 1683 τὸ
553 1631 812 1698 ἀκρότατον
836 1632 1130 1700 ἀναδραμὼν,
1159 1636 1234 1685 καὶ
1266 1633 1400 1698 μάλα
1437 1634 1621 1688 δικαίως
1660 1634 1866 1684 ἀπεθαύ-

281 1712 462 1780 μάζετο,
509 1715 583 1764 καὶ
631 1713 687 1778 δὴ
732 1716 807 1765 καὶ
858 1716 1118 1779 ὑπείληπτο
1161 1715 1292 1782 παρά
1332 1738 1459 1767 τισιν
1501 1713 1615 1766 εἶναι
1659 1713 1871 1781 Χριστὸς

282 1795 436 1849 αὐτός.
490 1798 566 1846 καὶ
598 1801 712 1862 γοῦν
739 1799 780 1846 οἱ
819 1801 913 1847 τῶν
938 1797 1205 1848 Ἰουδαϊκῶν
1234 1797 1483 1863 ἡγούμενοι
1514 1796 1768 1862 ταγμάτων
1794 1795 1871 1847 διὰ

280 1881 376 1928 τῶν
425 1876 707 1944 προσόντων
756 1879 881 1948 αὐτῷ
941 1878 1060 1929 κατὰ
1116 1878 1285 1945 ἀρετὴν
1338 1877 1759 1944 πλεονεκτημάτων
1808 1882 1871 1932 εἷς

55 1968 156 2045 ξὲξτὸῐ
280 1958 498 2024 τοιαύτην
549 1959 808 2026 ἐνεχθέντες
865 1958 1100 2023 ὑπόνοιαν,
1150 1960 1514 2012 ἀποστέλλουσί
1570 1983 1698 2014 τινας
1752 1959 1870 2027 πρὸς

117 2036 125 2044 ’
162 2022 191 2055 9·
281 2040 423 2090 αὐτὸν
450 2039 773 2092 ἀναπυθέσθαι
802 2040 1174 2111 προστάξαντες,
1201 2046 1238 2093 εἰ
1263 2040 1402 2096 αὐτός
1428 2044 1559 2093 ἐστιν
1585 2043 1610 2092 ὁ
1637 2040 1867 2108 Χριστός.

281 2122 364 2172 οὐκ
408 2121 651 2186 ἀγνοήσας
694 2124 849 2174 τοίνυν
891 2124 916 2174 ὁ
962 2124 1187 2191 μακάριος
1231 2123 1595 2190 Εὐαγγελιστὴς
1639 2123 1699 2174 τὰ
1741 2123 1872 2189 παρὰ

59 2223 118 2258 64
133 2221 185 2256 A.
242 2208 482 2257 απολλοῖς
513 2204 946 2269 διατεθρυλλημένα
975 2208 1082 2272 περὶ
1115 2207 1274 2268 αὐτοῦ,
1302 2207 1490 2270 τίθησιν
1517 2206 1780 2271 ἀναγκαίως
1816 2204 1871 2257 τό

282 2289 384 2337 Οὐκ
420 2282 463 2346 ἧν
489 2285 643 2341 ἐκεῖνος
682 2286 729 2337 τὶ
770 2285 882 2354 φῶς,
908 2286 984 2337 ἵνα
1022 2289 1097 2338 καὶ
1135 2286 1324 2351 πλάνην
1350 2286 1650 2355 ἀποῤῥιζώσῃ
1685 2286 1771 2352 τὴν
1795 2289 1870 2339 ἐπὶ

282 2366 448 2437 τούτῳ,
493 2368 569 2417 καὶ
613 2365 761 2418 πάλιν
804 2368 1107 2436 ἀξιοπιστίαν
1150 2368 1450 2437 ἐπισωρεύσῃ
1492 2367 1596 2419 τινὰ
1645 2373 1711 2438 τῷ
1752 2368 1871 2436 πρὸς

281 2448 541 2515 μαρτυρίαν
586 2449 933 2518 ἀπεσταλμένη)
983 2449 1112 2515 παρὰ
1157 2454 1296 2502 Θεοῦ.
1371 2454 1470 2503 πῶς
1521 2449 1615 2517 γὰρ
1664 2452 1717 2502 οὐ
1761 2452 1872 2502 λίαν

283 2529 560 2599 ὑπερφερὴς,
586 2535 688 2585 πῶς
719 2529 768 2582 δὲ
802 2531 904 2598 οὐχὶ
939 2531 1058 2582 κατὰ
1083 2530 1240 2583 πάντα
1263 2529 1440 2597 τρόπον
1466 2531 1868 2600 ἀξιοθαύμαστος,

284 2614 309 2664 ὁ
340 2610 557 2680 μεγάλην
588 2614 709 2664 οὕτω
744 2613 1154 2682 κατημφιεσμένος
1190 2612 1371 2680 ἀρετὴν,
1399 2615 1474 2664 καὶ
1515 2614 1772 2681 διαπρεπὴς
1809 2617 1871 2669 εἰς

335 2775 364 2796 1.
391 2763 444 2797 καὶ
462 2763 538 2808 φῶς
554 2762 631 2809 μὲν]
652 2764 727 2809 φῶς
743 2763 804 2808 μὲν
820 2765 886 2809 γὰρ
905 2764 948 2799 Β.
1123 2776 1155 2810 3.
1183 2764 1222 2799 οὗ
1241 2764 1283 2799 Β.
1302 2763 1319 2798 ὃ
1339 2764 1406 2799 Ed.
1581 2777 1614 2810 9.
1640 2764 1727 2811 πῶς]
1752 2770 1789 2804 -l-
1810 2766 1870 2801 οὐκ

284 2809 351 2843 Ed.
370 2808 478 2844 invito
499 2810 541 2844 B.
559 2813 811 2854 πῶς-μᾶλλον
828 2811 864 2845 δέ
882 2822 952 2845 om.
971 2810 1106 2856 Migne.
1339 2820 1391 2856 17.
1418 2810 1501 2847 εἶναι
1519 2813 1669 2857 Χριστὸς
1685 2814 1785 2847 αὐτός
1802 2812 1869 2847 hoc

282 2855 405 2889 ordine
425 2855 466 2889 Β.
485 2856 585 2892 αὐτὸς
603 2855 685 2892 εἶναι
703 2859 721 2891 ὁ
738 2858 888 2902 Χριστὸς
906 2857 972 2892 Ed.
991 2859 1009 2891 ὁ
1028 2869 1099 2892 non
1117 2857 1222 2893 habet
1239 2858 1281 2892 E.
1481 2869 1536 2893 20.
1562 2859 1644 2902 πρὸς
1662 2859 1763 2892 αὐτόν
1779 2873 1869 2895 τινας

283 2902 421 2937 inverso
439 2902 561 2937 ordine
580 2903 621 2938 B.
735 2915 790 2939 21.
817 2903 1057 2940 ἀναπειθέσθω
1076 2904 1116 2940 Ε.
1239 2915 1294 2947 25.
1321 2904 1439 2950 πάλιν]
1459 2905 1592 2949 πολλὴν
1610 2905 1755 2950 conjecit
1774 2905 1821 2939 D.

1891 978 1940 1004 10

1892 1983 1942 2009 20
