2084 3317
121 495 280 526 S.Matth.

121 549 176 569 xv.
193 548 241 578 ²4·

118 908 210 940 Infra
226 910 269 940 ix.

119 961 170 993 39·

118 2425 215 2456 Rom.
235 2425 278 2457 xi.

119 2478 170 2508 ²4·

117 2511 256 2551 Es.i.4.

348 149 428 190 132
744 148 793 189 Β.
828 147 1104 188 CYRILLI
1146 147 1523 189 ALEXANDR.
1813 145 1839 187 i.
1863 155 1926 187 12.

344 265 370 286 ‘⁶
399 261 539 320 Θεοῦ,
590 258 665 308 καὶ
715 256 912 322 ἐγενήθη
962 258 1091 324 μερὶς
1145 257 1324 323 Κυρίου
1373 256 1491 310 λαὸς
1539 256 1681 307 αὑτοῦ
1730 253 1925 314 Ἰακὼβ,

344 345 372 368 “
395 340 658 406 σχοίνισμα
698 339 1012 403 κληρονομίας
1056 338 1199 388 αὐτοῦ
1235 337 1480 404 Ἰσραήλ”’
1536 336 1573 407 ᾧ
1615 338 1690 388 καὶ
1731 335 1924 403 ἐπεφοί-

343 444 509 485 τησεν,
551 423 614 474 ὡς
656 422 705 471 ἐν
743 421 843 489 ἰδίῳ
887 419 1049 488 κλήρῳ
1095 421 1171 470 καὶ
1211 420 1360 488 οἰκείῳ
1405 421 1731 487 σχοινίσματι,
1773 418 1931 482 λέγων

345 509 371 532 “
398 503 504 553 Οὐκ
549 500 831 565 ἀπεστάλην
873 505 910 552 εἱ
954 501 1020 564 μὴ
1065 504 1127 555 εἰς
1168 500 1228 551 τά
1271 500 1492 566 πρόβατα
1535 499 1594 552 τὰ
1638 497 1931 552 ἀπολωλότα

344 591 371 614 “
397 584 523 635 οἴκου
548 581 799 650 Ἰσραήλ.”
853 581 1010 646 ἐπειδὴ
1045 582 1094 633 δὲ
1121 582 1174 633 οὐ
1200 582 1480 649 παρεδέχθη,
1507 582 1593 647 τὴν
1619 581 1757 649 χάριν
1782 585 1845 635 εἰς
1870 578 1929 630 τὰ
1950 594 1973 633 5

341 666 451 730 ε”θνη
484 665 756 730 μεθίστησι,
783 666 860 715 καὶ
894 663 1143 733 φωτίζεται
1178 663 1263 728 μὲν
1298 665 1323 715 ὁ
1359 664 1539 728 κόσμος
1574 663 1651 714 διὰ
1683 662 1931 727 μετανοίας

341 748 416 798 καὶ
458 747 665 800 πίστεως
709 745 952 812 ἀγνοήσας
998 745 1140 797 αὐτὸν
1179 747 1228 797 ἐν
1268 747 1413 813 ἀρχῇ,
1457 748 1772 811 παλινδρομεῖ
1810 742 1859 795 δὲ
1904 743 1930 793 ὁ

302 846 323 871 C
341 827 544 895 Ἰσραὴλ
570 832 632 881 εἷς
659 827 742 878 τὸν
769 827 875 878 ὅθεν
901 827 1163 892 ἐκβέβληκε
1189 826 1379 879 σκότον·
1420 826 1491 878 διὸ
1524 825 1581 891 δὴ
1611 827 1687 878 καὶ
1718 826 1930 894 ἔφασκεν

342 911 367 960 ὁ
408 909 577 977 Σωτήρ
614 917 641 940 ‘⁶
665 914 748 963 Εἰς
787 914 929 976 κρῖμα
970 908 1062 975 ἐγὼ
1103 914 1166 963 εἰς
1209 908 1292 960 τὸν
1330 908 1515 972 κόσμον
1552 914 1718 960 τοῦτον
1756 906 1926 972 ἦλθον,

358 993 469 1043 6ἵνα
508 1016 550 1044 οι
587 991 652 1056 μὴ
690 989 952 1053 βλεποντες
989 991 1212 1053 βλέπωσι
1251 993 1326 1042 καὶ
1371 994 1413 1042 οἱ
1455 990 1716 1052 βλέποντες
1755 990 1930 1059 τυφλοὶ
1955 1008 2002 1034 10

341 1072 650 1140 ιγε’.’νωνται

275 1295 318 1318 12
373 1283 500 1326 ”Οσοι
538 1283 584 1324 δὲ
622 1284 776 1333 ἔλαβον
815 1281 960 1334 αὐτὸν,
996 1281 1159 1323 ἔδωκεν
1197 1278 1341 1324 αὐτοῖς
1377 1279 1572 1325 ἐξουσίαν
1609 1281 1736 1323 τέκνα
1774 1280 1884 1322 Θεοῦ

546 1379 753 1431 Γενέσθαι,
789 1377 877 1421 τοῖς
914 1378 1186 1421 Πιστεύουσιν
1224 1375 1284 1419 eie
1321 1378 1369 1420 τὸ
1406 1378 1541 1426 ὄνομα
1579 1377 1725 1419 αὑτοῦ.

416 1519 577 1582 Κρῖμα
613 1515 789 1566 δίκαιον
824 1513 970 1568 ὅντως
1006 1516 1081 1565 καὶ
1116 1513 1383 1581 θεοπρεπές.
1439 1515 1463 1564 ὁ
1498 1512 1796 1580 πρωτότοκος
1816 1512 1925 1577 >Ἰσ·-

294 1596 464 1663 ἃραὴλ
502 1598 781 1664 ἐκρίπτεται·
837 1597 890 1647 οὐ
929 1594 1023 1663 γὰρ
1061 1596 1299 1661 ἠθέλησεν
1336 1598 1384 1647 ἐν
1423 1594 1665 1660 οἰκειότητι
1704 1597 1929 1659 διαμεῖναι
1952 1615 1998 1653 15

339 1683 397 1747 τῇ
445 1679 564 1746 πρὸς
616 1678 754 1741 Θεὸν,
801 1677 904 1730 οὐδὲ
954 1677 1237 1744 προσήκατο
1285 1677 1369 1730 τὸν
1409 1676 1547 1741 Υἱὸν,
1598 1679 1660 1732 ὡς
1709 1678 1759 1728 ἐν
1801 1676 1931 1731 ἰδίοις

338 1761 710 1826 ἐπιδημήσαντα,
737 1760 819 1811 τὸν
849 1763 933 1825 τῆς
968 1760 1195 1826 εὐγενείας
1234 1761 1555 1822 ἀπεδοκίμασε
1592 1757 1816 1827 χορηγὸν,
1846 1757 1930 1810 τὸν

338 1845 514 1909 δοτῆρα
548 1846 629 1907 τῆς
666 1842 856 1910 χάριτος
890 1842 1158 1905 ἀπεώσατο,
1185 1842 1509 1911 προσεδέξατο
1536 1840 1585 1892 δὲ
1615 1840 1674 1892 τὰ
1712 1841 1822 1905 ε”θνη
1853 1839 1930 1890 διὰ

337 1928 420 1989 τῆς
457 1925 675 1979 πίστεως.
743 1926 910 1976 οὐκοῦν
949 1924 1041 1992 ἕξει
1079 1923 1164 1988 μὲν
1202 1922 1389 1978 εἰκότως
1434 1925 1459 1975 ὁ
1496 1921 1701 1990 Ἰσραὴλ
1744 1920 1804 1974 τὰ
1846 1924 1930 1986 τῆς

337 2008 559 2061 ἀπονοίας
596 2005 803 2076 ὀψώνια
845 2005 1071 2072 θρηνήσει
1105 2009 1201 2057 τῶν
1225 2007 1418 2072 ἀγαθῶν
1444 2004 1530 2069 τὴν
1555 2005 1735 2072 ζημίαν,
1761 2003 1930 2071 πικρὸν
1949 2029 1998 2053 20

337 2088 643 2159 ἀπολήψεται
681 2087 763 2140 τὸν
801 2090 885 2152 τῆς
927 2089 1094 2140 ἑαυτοῦ
1135 2089 1428 2149 δυσβουλίας
1470 2087 1666 2155 καρπὸν,
1704 2089 1788 2151 τῆς
1832 2089 1928 2137 υἱο-

339 2173 502 2226 θεσιας
552 2170 983 2236 ἀπογυμνούμενος·
1045 2169 1331 2238 εντρυφήσει
1374 2168 1422 2222 δε
1471 2168 1531 2221 τὰ
1575 2169 1685 2234 ε’θνη
1734 2172 1831 2222 τοῖς
1880 2168 1930 2218 ἐκ

301 2282 322 2308 e
340 2255 544 2307 πίστεως
571 2254 778 2319 ἀγαθοῖς,
805 2251 1006 2318 λαμπρὰ
1033 2255 1116 2315 τῆς
1142 2253 1350 2316 ὑπακοῆς
1381 2251 1567 2319 εὑρήσει
1601 2250 1661 2303 τὰ
1695 2251 1826 2318 γε’ρα,
1854 2252 1930 2301 καὶ

339 2335 459 2402 πρὸς
484 2335 566 2387 τὸν
585 2335 758 2386 ἐκείνου
783 2333 1284 2401 μεταμοσχευθήσεται
1309 2332 1469 2385 τόπον·
1509 2331 1820 2397 ἐκκοπήσεται
1844 2331 1931 2397 μὲν

340 2416 433 2484 γὰρ
460 2418 511 2468 ἐκ
536 2419 618 2481 τῆς
654 2414 775 2467 κατὰ
810 2416 960 2484 φύσιν
986 2416 1270 2483 ἀγριελαίου,
1297 2416 1587 2485 καλλιελαίῳ
1623 2414 1671 2466 δὲ
1706 2418 1765 2482 τῇ
1799 2412 1930 2481 παρὰ
1949 2439 1997 2478 25

341 2499 491 2568 φύσιν
517 2497 977 2565 ἐγκεντρισθήσεται,
997 2500 1073 2549 καὶ
1099 2496 1353 2549 ἀκούσεται
1379 2496 1464 2561 μὲν
1488 2498 1513 2548 ὁ
1533 2496 1738 2563 Ἰσραήλ
1760 2503 1788 2526 “
1805 2497 1930 2548 Οὐαὶ

390 2686 420 2707 1.
446 2674 529 2708 λαὸς
546 2678 579 2707 et
595 2673 690 2717 μερὶς
706 2672 797 2707 inter
814 2684 851 2707 se
867 2676 1002 2717 transp.
1023 2672 1064 2706 B.
1089 2671 1134 2706 cf.
1156 2672 1191 2706 in
1216 2672 1277 2706 Es.
1297 2679 1413 2717 5790.
1440 2672 1549 2707 Hom.
1574 2671 1700 2706 Pasch.
1718 2671 1787 2706 xxi.
1811 2671 1879 2717 276
1896 2683 1928 2706 c.

340 2719 384 2754 ab
404 2719 588 2754 Holmesio
606 2720 664 2754 cit.
867 2731 900 2763 3.
927 2718 1037 2776 οἰκείῳ
1058 2718 1098 2753 Β.
1118 2719 1153 2752 ἐν
1170 2718 1242 2764 ἰδίῳ
1261 2718 1329 2753 Ed.
1540 2731 1573 2761 4.
1601 2719 1647 2754 εἷς
1664 2719 1705 2753 τὰ
1721 2718 1928 2753 ἀπολωλότα

338 2768 497 2809 πρόβατα
517 2766 558 2800 Β.
666 2775 700 2811 5.
725 2765 886 2811 Ἰσραὴλ]
911 2770 946 2806 -1-
969 2764 997 2812 ᾦ
1014 2766 1068 2799 καὶ
1085 2765 1314 2810 ἐπεφοίτησεν
1331 2766 1364 2810 (e
1383 2766 1503 2810 supra)
1524 2765 1566 2799 B.
1664 2765 1697 2800 8.
1721 2764 1863 2809 Ἰσραὴλ
1885 2765 1927 2800 Β.

339 2814 398 2856 ⁷⁷³⁹
417 2839 424 2847 ·
440 2813 763 2904 ffssssngbssflffi
772 2801 1291 2903 ‘sfsszfissefi‘ssiszss‘ssssgffi
1332 2858 1354 2892 ι,
1383 2824 1416 2857 ⁹·
1443 2812 1503 2856 ελ
1486 2811 1680 2894 *2²⁶⁰ss
1670 2874 1679 2892 .
1706 2857 1743 2904 .]
1763 2811 1926 2897 Ἐδῗλὲ·

338 2873 523 2951 τιΐέῗηπρὸς]
549 2910 584 2946 -4-
605 2907 664 2940 τὸν
683 2905 749 2940 Ed.
769 2906 877 2941 invito
898 2907 939 2940 Β.
1033 2872 1055 2904 p
1075 2868 1133 2940 18Γ.ὅ
1153 2870 1332 2939 ‹indum-30
1353 2885 1394 2940 Β.
1412 2871 1587 2940 duasve-fg
1593 2873 1665 2940 Edp.²
1680 2874 1704 2903 μ
1790 2915 1846 2939 20.
1873 2884 1927 2939 καέ

340 2951 499 2995 θρηιὴσει
520 2952 561 2987 Β,
627 2967 681 2986 και
697 2954 817 2997 πικρὸν
837 2953 877 2987 Β.
1023 2964 1078 2998 23.
1105 2952 1158 2986 καὶ
1176 2952 1313 2996 λαμπρὰ
1336 2951 1376 2986 Β.
