2084 3317
149 182 187 207 v.
206 179 274 222 30.
381 166 456 208 IN
498 166 541 207 S.
575 165 912 207 JOANNEM.
975 166 1099 207 LIB.
1133 167 1194 207 II.
1257 167 1390 208 CAP.
1425 168 1503 208 IX.
1651 168 1733 207 355

149 274 375 339 ἐκβέβηκε
420 273 583 341 λόγον,
622 275 676 325 οὐ
717 274 862 338 μόνον
900 275 971 326 ὅτι
1016 277 1115 326 κατ’
1156 277 1300 327 ἐκεῖνο
1347 280 1522 341 καιροῦ,
1561 275 1667 326 καθ’
1711 273 1735 325 ὃ

149 358 352 409 ἔσεσθαί
398 361 523 425 φησι
569 356 656 421 τὴν
699 361 792 408 τῶν
838 362 1013 425 νεκρῶν
1057 359 1336 421 ἀναβίωσιν,
1381 359 1552 410 δίκαιος
1602 356 1736 407 ἔσται

149 439 306 505 κριτὴς
340 438 705 506 ἐπαγγέλλεται,
734 439 865 491 ἀλλὰ
889 438 983 507 γὰρ
1009 439 1098 505 ἤδη
1124 444 1201 491 καὶ
1227 439 1287 490 τὰ
1320 441 1368 491 ἐν
1393 441 1510 508 τῷδε
1546 442 1612 508 τῷ
1644 438 1736 506 βίῳ

148 521 408 587 πράγματα
434 522 604 588 κρίνειν
629 522 780 588 ὀρθῶς
806 523 881 572 καὶ
909 523 1094 576 δικαίως
1118 521 1465 590 διισχυρίζεται.
1521 522 1569 572 τί
1600 519 1647 571 δὲ
1679 517 1738 583 ἦν

107 615 128 653 5
149 601 203 654 τὸ
229 602 508 669 ζητούμενον
534 601 562 668 ἢ
594 605 670 654 καὶ
705 604 778 654 ἐπὶ
810 604 937 654 τίσιν
963 603 1088 658 ὅλως
1123 604 1148 654 ὁ
1185 602 1344 669 λόγος,
1372 604 1509 654 ἄκουε
1547 601 1733 654 λοιπόν.

149 684 374 750 ἐγεννήθη
413 686 468 736 δι’
508 685 629 749 ἡμᾶς
667 687 718 736 ἐκ
756 685 989 751 γυναικός·
1049 687 1111 740 ὡς
1149 685 1243 752 γὰρ
1282 687 1307 736 ὁ
1348 685 1544 739 Παῦλός
1585 689 1737 755 φησιν
1757 693 1784 734 (1

151 774 178 796 “
205 768 311 818 Οὐκ
350 766 571 833 ἀγγέλων
603 766 989 830 ἐπιλαμβάνεται,
1022 767 1154 819 ἀλλὰ
1191 767 1464 834 σπέρματος
1488 765 1732 833 Ἀβραάμ

152 856 178 879 “
204 849 312 900 ὅθεν
361 847 536 916 ὤφειλε
585 848 706 900 κατὰ
758 848 917 900 πάντα
970 854 1067 904 τοῖς
1123 852 1350 918 ἀδελφοῖς
1406 849 1736 913 ὁμοιωθῆναι.”

1798 762 1887 793 Heb.
1906 763 1940 794 ii.

1803 805 1852 845 16,
1872 812 1920 846 17.

150 930 305 995 ἐπειδὴ
344 930 392 982 δὲ
429 931 622 997 γέγονεν
656 931 904 997 ἄνθρωπος
943 933 1019 982 καὶ
1058 933 1106 982 ἐν
1135 935 1194 1000 τῇ
1229 937 1312 982 τοῦ
1347 931 1520 982 δούλου
1555 934 1737 999 μορφῇ,

84 1034 130 1058 10
150 1013 313 1077 γέγονε
356 1015 431 1063 καὶ
476 1011 566 1064 ὑπὸ
609 1012 754 1075 νόμον
793 1014 818 1064 ὁ
864 1013 1118 1077 νομοθέτης
1160 1016 1222 1067 ὡς
1261 1013 1384 1067 Θεὸς
1432 1014 1507 1064 καὶ
1550 1013 1739 1079 Κύριος.

149 1099 294 1145 λαλεῖ
324 1100 575 1161 τοιγαροῦν
600 1094 714 1146 ποτε
749 1094 835 1158 μὲν
862 1097 924 1149 ὡς
961 1094 1051 1147 ὑπὸ
1087 1095 1245 1159 νόμον,
1269 1094 1384 1147 ποτὲ
1420 1095 1468 1145 δὲ
1503 1096 1561 1146 αὖ
1595 1093 1744 1146 πάλιν

151 1179 211 1229 ὡς
252 1175 367 1242 ὑπὲρ
405 1176 489 1228 τὸν
524 1176 681 1241 νόμον,
715 1180 790 1229 καὶ
825 1177 1182 1244 ἀκατηγόρητον
1215 1179 1284 1229 ἐπ’
1318 1179 1498 1246 ἀμφοῖν
1532 1177 1624 1245 ἔχει
1658 1177 1743 1241 τὴν

150 1259 389 1326 ἐξουσίαν.
437 1259 702 1325 διαλέγεται
728 1259 776 1311 δὲ
804 1263 902 1311 νυνὶ
928 1259 1049 1326 πρὸς
1075 1261 1341 1322 Ἰουδαίους,
1370 1262 1432 1314 ὡς
1459 1260 1747 1329 νομοφύλαξ
1761 1282 1782 1308 e

153 1343 226 1391 καὶ
266 1341 527 1406 ἅνθρωπος,
562 1344 624 1395 ὡς
663 1343 747 1393 οὐκ
785 1341 914 1396 εἰδὼς
952 1343 1261 1408 παραβαίνειν
1300 1341 1383 1396 τὰς
1422 1342 1600 1393 ἄνωθεν
1639 1342 1739 1408 ὁρι-

85 1424 351 1476 Ι5σθείσας
396 1423 605 1486 ἐντολὰς,
644 1424 748 1476 οὐδὲ
793 1424 887 1476 ἀπὸ
930 1423 1122 1490 γνώμης
1166 1424 1332 1477 οἰκείας
1375 1423 1653 1491 ἀνεχόμενός
1699 1447 1744 1474 τι

151 1510 312 1567 ποιεῖν,
346 1505 371 1556 ὃ
405 1505 470 1569 μὴ
507 1509 572 1575 τῷ
607 1507 715 1576 θείῳ
752 1506 879 1576 νόμῳ
915 1510 1147 1557 συνδοκεῖ.
1204 1505 1280 1556 διὰ
1318 1506 1456 1556 τοῦτό
1497 1511 1647 1575 φησιν
1674 1510 1744 1557 Οὐ

154 1585 347 1652 δύναμαι
391 1586 480 1654 ἐγὼ
524 1591 657 1639 ποιεῖν
696 1592 780 1640 ἀπ’
822 1590 1011 1654 ἐμαυτοῦ
1056 1585 1181 1650 οὐδὲν,
1223 1586 1367 1642 καθὼς
1414 1587 1558 1639 ἀκούω
1605 1592 1741 1656 κρίνω·

153 1670 301 1738 ἑαυτῷ
340 1670 387 1721 δὲ
427 1670 479 1720 τὸ
518 1669 583 1734 μὴ
622 1671 858 1721 δύνασθαί
891 1694 935 1721 τι
973 1675 1121 1721 ποιεῖν
1152 1669 1234 1739 ἀφ’
1269 1671 1434 1721 ἑαυτοῦ
1472 1675 1740 1737 μαρτυρῶν,

154 1750 179 1802 b
204 1751 269 1815 μὴ
296 1751 483 1806 πάντως
507 1754 608 1803 ἐστὶ
636 1755 709 1803 καὶ
737 1752 939 1817 θελητὸν
964 1756 1030 1822 τῷ
1058 1751 1200 1821 νόμῳ,
1230 1754 1399 1817 κρίνειν
1426 1775 1475 1803 τε
1511 1754 1632 1803 οὕτω
1668 1756 1744 1802 καὶ

85 1857 133 1881 20
155 1834 352 1900 δικάζειν
385 1839 480 1888 τοῖς
514 1833 810 1900 πράγμασιν,
844 1832 1007 1899 ὥσπερ
1047 1833 1104 1884 ἂν
1140 1836 1356 1896 ἀκοῦσαι,
1393 1833 1743 1899 διαγορεύοντος

154 1914 375 1980 δηλονότι
409 1923 491 1968 τοῦ
529 1916 686 1979 νόμου,
711 1916 795 1970 τὰς
830 1921 924 1968 τῶν
947 1917 1188 1967 Ἰουδαίων
1213 1917 1448 1970 ἀπειθείας
1482 1915 1740 1985 ἐξελέγχει,

154 2000 229 2048 καὶ
255 1998 443 2064 τρόπων
469 2000 624 2050 αὐτῶν
654 2001 926 2064 ἀπογυμνοῖ
947 1998 1001 2049 τὸ
1028 1997 1226 2067 ἐξήνιον.
1282 2003 1422 2048 τοῦτο
1455 1997 1549 2064 γὰρ
1578 1998 1634 2062 δὴ
1670 2001 1744 2049 καὶ
1765 2020 1786 2044 a
1820 2011 1898 2044 241
1916 2010 1966 2044 A·

155 2081 432 2149 ὑπεμφαίνει
471 2085 629 2136 καλῶς
666 2081 929 2144 τεθειμένον
956 2080 1010 2131 τό
1043 2084 1112 2131 Οὐ
1144 2078 1338 2147 δύναμαι
1376 2078 1465 2146 ἐγω
1501 2083 1633 2131 ποιεῖν
1661 2084 1742 2131 ἀπ’

154 2162 345 2229 ἐμαυτοῦ
373 2160 501 2225 οὐδὲν,
531 2166 633 2213 ἀντὶ
660 2169 742 2214 τοῦ
769 2164 929 2226 Ὑμεῖς
956 2161 1245 2231 ἀφυλάκτως
1270 2161 1354 2215 τὰς
1387 2163 1607 2216 δοθείσας
1640 2164 1747 2225 ὑμῖν

87 2265 134 2302 25
154 2246 528 2311 παραβαίνοντες
567 2244 776 2309 ἐντολὰς,
810 2245 970 2297 πάντα
1007 2243 1232 2311 πράττειν
1267 2245 1348 2313 ἀφ’
1384 2245 1560 2295 ἑαυτῶν
1594 2247 1655 2297 ὡς
1694 2243 1751 2311 ἐξ

155 2326 400 2378 ἀκινδύνου
450 2327 620 2378 λοιπὸν
666 2328 981 2393 ε’θαρσήσατε,
1030 2329 1106 2377 καὶ
1158 2325 1243 2379 τὰς
1292 2327 1364 2395 ἐφ’
1414 2325 1602 2394 ἑκάστῳ
1653 2329 1748 2375 τῶν

155 2407 451 2474 πραγμάτων
496 2410 670 2476 κρίσεις
714 2410 798 2460 οὐκ
841 2407 1199 2462 ἀκολουθούσας
1245 2413 1342 2462 τοῖς
1387 2408 1547 2459 θεόθεν
1588 2409 1743 2457 διατε-

156 2491 405 2557 ταγμένοις
438 2496 675 2542 ποιεῖσθαι
708 2490 1009 2557 σπουδάζετε.
1063 2492 1308 2542 διδάσκετε
1344 2490 1438 2557 γὰρ
1464 2497 1490 2519 “
1511 2493 1741 2540 διδασκα-
1809 2495 1970 2526 SMatth.

1809 2548 1861 2569 XV·
1902 2563 1908 2569 .

156 2582 184 2602 “
212 2573 317 2626 λίας
343 2574 615 2635 ἐντάλματα
642 2573 944 2639 ἀνθρώπων,”
963 2575 1038 2624 καὶ
1067 2573 1210 2636 νόμον
1230 2572 1474 2638 ὡρίσασθε
1501 2570 1554 2621 τὸ
1582 2575 1747 2622 οἰκεῖον
1878 2547 1897 2580 9

90 2677 138 2712 30
159 2655 357 2719 θέλημα.

206 2794 239 2829 5.
267 2782 466 2827 ζητούμενον
484 2782 587 2817 edidi.
607 2785 799 2828 κρινόμενον
817 2786 888 2828 ἤτοι
906 2785 944 2817 τὸ
963 2783 1163 2827 ζητούμενον
1180 2782 1220 2815 B.
1240 2783 1433 2826 κρινόμενον
1447 2780 1513 2814 Ed.
1573 2779 1591 2824 ἢ
1610 2786 1643 2814 et
1661 2780 1749 2816 ὅλως

161 2831 259 2877 [ὅλος
274 2829 381 2876 Cod.]
396 2836 576 2874 assumpta
594 2842 634 2864 ex
652 2830 693 2865 Β.
794 2841 844 2865 10.
863 2830 983 2876 γέγονε
1001 2842 1071 2863 om.
1088 2830 1128 2863 B.
1179 2831 1196 2863 ὁ
1216 2828 1398 2871 νομοθέτης
1416 2833 1494 2871 post
1513 2826 1634 2871 Κύριος
1648 2834 1691 2861 tr.
1706 2827 1749 2862 B.

164 2890 216 2912 12.
243 2879 301 2912 τὸν
319 2883 542 2921 assumptum
560 2888 602 2910 ex
622 2877 664 2911 B.
798 2889 850 2919 14.
876 2878 920 2912 ὡς
937 2888 1006 2910 om.
1028 2876 1069 2910 B.
1209 2875 1261 2908 16.
1288 2875 1602 2908 συνδοκεῖ-ποιεῖν
1618 2886 1688 2908 om.
1706 2874 1748 2907 B.

164 2936 216 2968 19.
243 2924 330 2958 οὕτω
349 2935 419 2957 om.
440 2923 481 2957 B.
722 2934 776 2969 23.
803 2923 1008 2966 τεθεωμένον
1029 2923 1069 2956 Β.
1151 2923 1259 2956 ποιεῖν
1277 2927 1354 2965 post
1373 2921 1470 2954 οὐδὲν
1488 2921 1687 2965 transponit
1707 2920 1748 2954 B.

162 2982 216 3017 ²5·
242 2972 507 3015 παραβαίνοντες
526 2982 594 3005 om.
616 2970 658 3005 B.
804 2971 859 3004 28.
885 2970 1107 3005 διδασκαλίας
1128 2968 1217 3002 RD.
1238 2968 1462 3002 διδασκαλίαν
1481 2967 1546 3001 Ed.

902 3036 1012 3066 ZZZ
