2084 3317
339 195 424 235 268
742 191 791 233 Β.
825 190 1095 232 CYRILLI
1136 189 1516 231 ALEXANDR.
1726 185 1779 227 iv.
1798 195 1923 241 9-11.

339 302 519 368 βαδίζοι
557 300 758 363 σκοπὸν,
797 302 872 351 καὶ
911 298 965 351 τὸ
995 301 1153 368 ’διψῆν
1191 298 1500 365 ὑποκρίνεται,
1539 296 1693 363 λε’γων
1720 296 1808 349 Δός
1850 315 1925 360 μοι

340 387 467 435 πιεῖν.
523 383 551 447 ἡ
591 382 638 434 δὲ
678 383 782 450 ἔφη·

343 539 443 580 Πὼε
493 538 539 580 σὺ
576 534 787 578 Ἰουδαῖος
836 535 896 577 ὢν
940 535 1034 592 Παρ’
1083 536 1185 583 ἐμοῦ
1236 531 1369 592 <mdc
1417 529 1526 574 Πιεῖν
1570 532 1686 587 ὕδωρ
1731 527 1927 578 Γυναικὸε

116 622 200 657 180
217 620 268 656 A·
306 632 327 656 a
411 619 723 678 Σαμαρείτιδος
767 619 924 670 οὖσι-ιε,
971 618 1019 659 οὐ
1060 617 1137 674 scip
1177 617 1441 674 σοι-χρῶνται
1472 612 1676 656 Ἰουδαῖοι
1713 609 1928 669 Σαμαρεί-

275 723 324 746 10
408 719 514 746 ταις.
574 702 784 759 duc—:apion
816 702 984 743 ἸΗσοῡε
1023 701 1092 742 καὶ
1129 696 1247 742 εἶπεν
1285 700 1407 758 αὐτῷ.
1948 701 1971 739 5

413 807 567 876 Ἀρχὴ
594 807 846 872 μαθήσεως
880 806 1085 873 ζήτησις,
1115 807 1188 855 καὶ
1223 804 1324 872 ῥίζα
1358 807 1440 868 τῆς
1473 803 1551 854 ἐπί
1583 825 1709 853 τισιν
1732 802 1930 865 ἀγνοου-

338 891 492 955 μένοις
523 889 760 943 συνέσεως
796 889 823 953 ἡ
854 890 960 954 περὶ
995 889 1148 938 αὐτῶν
1174 885 1484 953 ἐπαπόρησις.
1536 883 1710 948 ταύτην
1736 883 1760 933 ὁ
1787 881 1931 947 λόγος

339 974 463 1024 ἑλεῖν
507 974 722 1036 ἐπιθυμεῖ
766 972 853 1035 τὴν
898 969 1065 1037 ἀρχήν·
1128 968 1205 1019 διά
1253 992 1325 1020 τοι
1370 973 1509 1019 τοῦτο
1554 970 1630 1017 καὶ
1675 964 1729 1016 τὸ
1781 967 1931 1014 δοκεῖν

339 1055 560 1121 ἡγεῖσθαι
611 1052 755 1118 μηδὲν
806 1051 865 1104 τὰ
915 1057 1010 1103 τῶν
1053 1051 1292 1102 Ἰουδαίων
1339 1050 1421 1114 ε”θη
1473 1053 1640 1117 σοφῶς
1691 1047 1716 1098 ὁ
1762 1044 1931 1110 Σωτὴρ

340 1134 679 1188 ὑπεπλάττετο.
1954 1151 2002 1177 10

343 1291 389 1335 Εἰ
428 1294 545 1352 ᾔδεις
582 1293 658 1335 τὴν
697 1291 867 1349 δωρεὰν
905 1294 977 1333 τοῦ
1006 1290 1130 1342 Θεοῦ,
1167 1289 1234 1330 καὶ
1273 1287 1334 1330 τίς
1372 1289 1484 1330 ἐστιν
1518 1287 1540 1330 ὁ
1577 1288 1714 1334 λέγων
1750 1300 1815 1328 σοι
1846 1285 1930 1328 Δός

295 1378 322 1420 b
406 1392 478 1426 μοι
520 1373 646 1427 Πιεῖν,
689 1375 736 1417 σὺ
782 1375 833 1417 ἂν
877 1375 1039 1433 ιῇτΗσαο
1084 1373 1227 1424 αὐτὸν,
1272 1372 1340 1413 καὶ
1388 1371 1525 1413 ἔδωκέ
1571 1385 1636 1412 σοι
1679 1369 1796 1427 ὕδωρ
1839 1369 1930 1426 ζῶν.

274 1476 318 1502 11
408 1463 521 1507 λέΓει
558 1459 675 1513 αὐτῷ
713 1459 736 1500 »51
777 1458 893 1506 Γυνή.

406 1568 510 1632 Τὴν
531 1566 848 1634 ὑπερκόσμιόν
866 1589 915 1616 τε
942 1566 1017 1616 καὶ
1045 1562 1376 1630 ὑπερουροῖνιον
1397 1563 1479 1614 οὐκ
1500 1565 1643 1613 εἰδυῖα
1667 1565 1750 1611 τοῦ
1772 1563 1933 1611 Μονο-

339 1657 503 1718 γενοῦς
538 1651 718 1712 οὐσίαν,
746 1653 936 1711 μᾶλλον
963 1647 1011 1698 δὲ
1045 1648 1290 1712 ἀγνοοῦσα
1315 1649 1561 1697 παντελῶς
1587 1641 1669 1694 τὸν
1695 1640 1927 1709 ε’νανθρω-
1956 1657 2002 1697 15

339 1733 565 1798 πήσαντα
596 1731 770 1797 Λόγον,
796 1732 1024 1781 Ἰουδαῖον
1050 1729 1132 1779 οὖν
1165 1726 1307 1778 αὐτὸν
1331 1725 1572 1793 ’ὠνόμαζεν
1603 1725 1631 1789 ἡ
1670 1722 1802 1790 γυνή.
1858 1725 1933 1774 καὶ

342 1819 506 1883 σιωπᾷ
537 1813 622 1877 μὲν
652 1813 771 1879 πρὸς
804 1818 942 1862 τοῦτο
975 1811 1237 1878 χρησίμως,
1262 1810 1338 1860 ἵνα
1369 1808 1576 1875 σώζηται
1611 1806 1758 1858 πάλιν
1789 1806 1816 1870 ἡ
1851 1809 1934 1856 τοῦ

343 1895 462 1963 πρὸς
489 1894 633 1958 αὐτὴν
659 1895 884 1947 ὑπόθεσις
916 1891 1080 1958 λόγου·
1127 1891 1348 1959 ἀναφέρει
1374 1892 1416 1942 δ’
1446 1891 1527 1942 οὖν
1554 1889 1678 1953 ὅμως
1705 1893 1767 1942 εἰς
1800 1889 1928 1956 ὑψη-

342 1978 543 2043 λοτέραν
575 1976 660 2040 τὴν
690 1977 796 2042 περὶ
836 1976 977 2025 αὐτοῦ
1017 1972 1261 2042 διάληψιν,
1295 1974 1377 2023 οὐκ
1415 1973 1580 2023 εἰδέναι
1615 1971 1781 2036 λέγων,
1813 1973 1878 2024 τίς
1915 1975 1933 2022 ὁ

342 2059 490 2111 ποτὸν
521 2058 721 2123 αἰτήσας
759 2059 905 2119 ἐστὶν,
937 2055 964 2121 ἢ
1001 2059 1076 2106 καὶ
1116 2055 1237 2120 ὅσην
1269 2056 1362 2123 ε”χει
1397 2054 1481 2119 τὴν
1511 2052 1650 2122 χάριν
1682 2052 1741 2104 τὰ
1775 2050 1934 2103 θεόθεν
1956 2077 2006 2103 20

304 2167 327 2194 ο
345 2141 684 2209 χορηγούμενα,
719 2142 781 2193 ὡς
820 2139 947 2205 ε’ίπερ
987 2138 1083 2205 ε”χοι
1121 2138 1208 2201 τὴν
1240 2142 1435 2203 γνῶσιν,
1470 2138 1552 2187 οὐκ
1590 2134 1648 2186 ἂν
1683 2135 1935 2201 ὑστερίζειν

345 2225 588 2291 ἠνέσχετο,
629 2223 756 2295 ᾔτησε
795 2220 889 2287 γὰρ
928 2220 980 2272 ἂν
1019 2224 1340 2286 προλαβοῦσα
1381 2217 1462 2270 τὸν
1504 2217 1696 2284 Κύριον.
1750 2215 1935 2283 ἐρεθίζει

345 2305 431 2370 μὲν
457 2307 538 2356 οὖν
565 2303 639 2356 διὰ
665 2303 845 2355 τούτων
871 2306 933 2356 εἷς
958 2301 1013 2353 τὸ
1041 2304 1116 2352 καὶ
1143 2301 1251 2352 λίαν
1277 2299 1676 2363 ἐσπουδασμένως
1709 2300 1935 2363 ἐθελῆσαι

345 2392 523 2451 μαθεῖν.
591 2384 794 2452 ἐπιτήρει
838 2384 885 2435 δὲ
927 2383 1054 2437 ὅπως
1096 2384 1246 2451 εὐφυᾶ
1291 2382 1346 2445 δὴ
1392 2384 1467 2432 καὶ
1515 2387 1596 2432 νῦν
1635 2383 1711 2432 καὶ
1751 2379 1935 2445 κόμπου

345 2468 524 2535 γυμνὸν
563 2466 843 2531 ἐπιτηδεύων
881 2463 1043 2530 λόγον,
1075 2463 1200 2515 Θεὸν
1234 2464 1398 2514 ἑαυτὸν
1434 2461 1552 2514 εἶναι’
1586 2467 1752 2531 φησιν,
1782 2465 1819 2512 εὶ
1859 2465 1934 2514 καὶ
1956 2483 2005 2523 25

345 2554 541 2616 βραδεῖα
571 2549 691 2615 πρὸς
726 2547 780 2599 τὸ
815 2547 1046 2598 δύνασθαι
1082 2550 1202 2596 νοεῖν
1228 2545 1255 2609 ἡ
1283 2544 1416 2610 γυνή.
1473 2543 1817 2611 ἀποθαυμάζων
1842 2543 1935 2611 γὰρ

345 2632 611 2683 ἀναπείθων
661 2629 729 2691 τὴν
780 2631 852 2681 τοῦ
902 2629 1015 2680 Θεοῦ
1066 2625 1245 2697 δωρεὰν,
1287 2628 1458 2692 ταύτης
1513 2625 1678 2678 ἑαυτὸν
1728 2625 1936 2694 εἰσφέρει

399 2799 428 2822 Ι.
453 2788 585 2830 βαδίζοι
604 2787 647 2822 Β.
662 2788 782 2832 βαδίζῃ
802 2787 868 2822 Ed.
949 2786 1003 2822 καὶ
1020 2798 1091 2821 om.
1112 2785 1153 2820 Β.
1235 2785 1429 2829 ὑπεκρίνετο
1449 2784 1491 2819 Β.
1770 2794 1802 2829 3.
1829 2785 1936 2827 ζητεῖς

345 2837 434 2868 πιεῖν
451 2834 540 2879 ὕδωρ
562 2835 602 2868 Β.
620 2836 709 2869 πιεῖν
726 2835 827 2870 αἰτεῖς
845 2833 912 2869 Ed.
1158 2845 1191 2876 4.
1218 2835 1323 2876 οὔσης
1340 2830 1602 2876 Σαμαρειτιδος
1594 2842 1733 2865 lnverSO
1751 2830 1872 2864 ordine
1892 2830 1934 2865 Β.

348 2881 495 2927 Reliqua
514 2893 582 2915 om.
604 2881 645 2915 Β.
805 2880 838 2915 6.
865 2879 1036 2915 συνέσεως
1053 2880 1111 2923 τῆς
1129 2879 1184 2914 ε’πί
1200 2894 1291 2914 τισιν
1307 2878 1533 2924 ἀγνοουμένης
1553 2877 1594 2912 Β.
1749 2877 1782 2911 8.
1807 2878 1932 2911 ἕλεῖν’
1915 2892 1934 2911 ο

345 2928 474 2972 λόγος
467 2939 606 2962 mverso
624 2927 745 2962 ordine
765 2927 807 2961 Β.
859 2927 985 2961 Statim
1002 2926 1180 2970 ἐπεθυμεῖν
1197 2926 1278 2970 (sic)
1299 2925 1341 2960 B.
1464 2936 1516 2959 10.
1541 2923 1773 2968 ὑπεπλήττετο
1791 2923 1870 2968 (sic)
1891 2923 1934 2959 B.

349 2989 404 3023 16.
431 2989 489 3024 οὐν
506 2996 729 3035 assumptum
747 3002 787 3025 ex
807 2990 848 3026 Β.
913 2981 1072 3035 ὀνομάζει
1085 2988 1125 3023 Β.
1270 2997 1325 3022 22.
1354 2984 1523 3032 Κύριον]’
1527 2987 1650 3030 Ιησοῦν
1668 2984 1710 3019 Β.
