2084 3317
169 177 391 237 ‘'f-3223&
439 183 508 223 IN
549 184 592 225 S.
628 185 964 228 JOANNEM.
1028 189 1152 230 LIB.
1186 190 1271 232 III.
1336 192 1470 234 CAP.
1495 193 1573 234 VI.
1674 195 1757 236 467

167 290 384 341 τουτέστι
428 290 576 343 πάλιν
615 296 682 345 Τί
721 297 824 347 ἐστι
868 303 1038 359 τοῦτο;
1091 302 1166 350 καὶ
1208 299 1394 364 νοήσεις
1435 303 1655 365 ἐντεῦθεν,
1695 305 1757 357 ὡς

166 367 337 431 ἔμελλε
362 372 492 438 παρὰ
517 379 612 425 τῶν
633 376 872 428 Ἰουδαίων
897 380 1284 444 ἀγνοηθήσεσθαι
1312 381 1538 448 Χριστός.
1584 382 1636 434 τὸ
1664 384 1756 450 γὰρ
1776 391 1800 431 d

166 451 227 503 ὡς
268 452 317 502 ἐν
357 453 490 524 τύπῳ
535 463 749 523 κρατοῦν,
791 461 868 510 καὶ
913 461 983 511 ἐπ’
1027 462 1170 526 αὐτῆς
1215 464 1359 533 ἔδειξε
1404 467 1486 528 τῆς
1533 466 1755 529 ἀληθείας

165 533 432 600 ἶσχύσαν
407 560 434 600 η
473 542 626 604 πεῖρα.

121 625 144 662 01

239 622 267 644 66
296 614 414 668 Εἰπε
455 618 504 670 δὲ
544 624 762 686 Μωυσῆς
806 646 925 690 προς
969 648 1135 680 αυτους
1178 630 1358 688 Μηδεὶς
1402 629 1755 694 ἐγκαταλιπετω
1817 635 1951 720 ξξθῗὲ

179 697 298 748 6ἀπ’
334 700 476 751 αὐτοῦ
515 702 599 755 ἕως
637 726 691 754 το
730 705 866 770 πρωΐ·
907 709 983 757 καὶ
1017 708 1100 759 οὐκ
1137 709 1350 773 ἤκουσαν
1379 714 1588 779 Μωυσῇ,
1624 711 1756 763 ἀλλὰ
1819 730 1870 754 ²0·

163 779 472 832 66κατέλιπον
498 785 576 834 ἀπ’
604 786 747 836 αὑτοῦ
781 809 901 840 τινες
939 792 1002 841 εἷς
1036 811 1090 840 το
1126 790 1263 856 πρωί,
1291 793 1366 842 καὶ
1403 791 1583 861 ἐξεζέσε
1619 794 1752 844 σκώ-

164 865 191 887 66
217 867 368 924 ληκας
406 869 482 914 καὶ
521 865 738 931 ἐπώζεσε,
772 871 848 919 καὶ
887 870 1144 936 ἐπικράνθη
1182 874 1251 923 ἐπ’
1289 872 1457 928 αὐτοὺς
1489 876 1754 940 Μωυσῆς.”

161 940 216 992 τὸ
254 944 378 1009 πρωῒ
414 944 562 997 πάλιν
597 949 646 998 ἐν
679 949 874 1014 τούτοις,
901 950 985 1002 τὸν
1015 954 1241 1019 λαμπρὸν
1275 955 1384 1018 ἡμῖν
1415 959 1491 1007 καὶ
1527 959 1752 1026 διαφανέ-

94 1043 141 1067 10
160 1045 341 1076 στατον
388 1029 473 1091 τῆς
522 1035 606 1080 τοῦ
659 1034 880 1099 Σωτῆρος
931 1033 1064 1098 ἡμῶν
1115 1037 1359 1100 ἐπιδημίας
1415 1041 1794 1104 κατασημαίνειε

160 1105 385 1172 καιρὸν,
361 1131 437 1159 οτε
463 1111 724 1177 λελυμένης
747 1112 926 1180 τρόπον
951 1138 1056 1167 τινα
1081 1121 1164 1181 τῆς
1191 1141 1241 1169 τε
1273 1119 1394 1170 κατὰ
1423 1120 1569 1184 νόμον
1594 1127 1751 1185 σκιᾶς,

159 1189 235 1238 καὶ
262 1192 346 1253 τῆς
371 1192 420 1242 ἐν
445 1198 541 1248 τοῖς
569 1194 754 1246 ἐθνεσιν
780 1196 959 1265 ἀχλύος
985 1201 1273 1264 διαβολικῆς,
1303 1201 1512 1270 φωτὸς
1486 1208 1596 1267 ημῖν
1623 1205 1755 1270 δίκην

159 1269 391 1324 ἀνετειλεν
436 1275 460 1325 ὁ
508 1277 801 1343 Μονογενὴς,
844 1302 920 1331 και
970 1280 1138 1349 ὄρθρος
1189 1284 1373 1351 ἐδείχθη
1423 1288 1751 1351 πνευματικός.

158 1353 390 1405 ἐπιτάττει
435 1358 593 1409 τοίνυν
635 1361 660 1410 ὁ
704 1361 932 1427 μακάριος
976 1367 1203 1465 Μωυσῆς
1240 1389 1294 1416 το
1339 1369 1387 1418 ἐν
1428 1368 1562 1419 τύπω
1605 1369 1755 1422 πάλιν

92 1454 138 1492 15
158 1432 312 1493 μάννα
348 1436 414 1502 μὴ
456 1442 828 1504 καταλιμπάνειν
867 1449 929 1498 εἰς
973 1445 1028 1496 τὸ
1071 1470 1212 1513 πρωι.
1283 1450 1616 1505 ἀνατείλαντος
1658 1452 1753 1519 γὰρ

156 1515 268 1580 ἡμῖν
293 1525 376 1570 τοῦ
403 1525 855 1586 μνημονευθεντος’
829 1528 998 1592 αρτίως
1032 1534 1208 1596 καιροῦ,
1235 1554 1448 1598 περιτται
1480 1533 1651 1585 λοιπὸν
1675 1537 1751 1585 καὶ

157 1598 339 1666 ἄκαιροι
381 1611 628 1659 παντελῶς
675 1611 720 1658 αἱ
763 1608 883 1659 κατὰ
928 1608 1011 1660 τὸν
1051 1612 1196 1673 νόμον
1234 1636 1378 1677 σκιαι,
1417 1615 1494 1666 διὰ
1537 1616 1624 1681 τὴν
1663 1618 1751 1683 ἠδη

156 1688 407 1747 παροῦσαν
452 1686 693 1751 ἀλήθειαν·
754 1695 955 1757 πρᾶγμα
999 1692 1048 1744 δὲ
1093 1693 1242 1749 ὅντως
1287 1699 1488 1764 ἀχρεῖον,
1530 1699 1746 1763 ἀναλάμ-

156 1766 341 1832 ψαντος
378 1768 468 1832 ἤδη
504 1773 738 1835 Χριστοῦ,
775 1771 861 1836 τὴν
896 1776 944 1824 ἐν
979 1774 1107 1845 νόμω
1148 1779 1504 1843 δικαιοσύνην
1485 1803 1509 1830 ο
1552 1785 1787 1836 Παῦλοςτι
1825 1800 1904 1834 319
1918 1799 1972 1835 A.

87 1870 136 1895 20
156 1846 369 1918 ἀπεδειξε
408 1852 565 1916 λέγων
597 1855 704 1920 περὶ
743 1855 899 1919 αὐτοῦ,
937 1863 965 1885 66
985 1859 1041 1907 δι
1071 1856 1124 1908 ’ὸν
1156 1858 1215 1909 τὰ
1253 1860 1409 1912 πάντα
1448 1862 1746 1929 ἐζημιώθην,”
1809 1866 1961 1951 ξῦἒῶἱ·

154 1928 213 1979 τὰ
253 1931 302 1980 ἐν
340 1931 468 2002 νόμω
507 1936 727 1999 δηλονότι
766 1937 1060 2006 καυχήματα,
1101 1948 1128 1969 66
1149 1965 1223 1992 και
1269 1943 1474 2008 ἡγοῦμαι
1518 1945 1747 2006 σκύβαλα
1833 1935 1839 1946 ’

155 2009 336 2076 66εἶναι,
363 2014 438 2064 ἵνα
468 2017 686 2081 Χριστὸν
718 2022 924 2085 κερδανῶ
960 2024 1036 2072 καὶ
1073 2023 1246 2089 εὑρεθῶ
1282 2027 1330 2075 ἐν
1365 2027 1491 2096 αὐτῷ
1525 2026 1591 2092 μὴ
1627 2051 1748 2096 εχων

154 2093 324 2159 66ἐμὴν
368 2098 671 2164 δικαιοσύνην
715 2100 801 2165 τὴν
842 2104 889 2153 ἐν
931 2102 1074 2174 νόμω,
1117 2106 1250 2157 ἀλλὰ
1294 2107 1381 2172 τὴν
1423 2108 1499 2160 διὰ
1539 2109 1745 2165 πίστεως

153 2182 181 2205 66
206 2177 369 2242 Ἰησοῦ
410 2183 660 2247 Χριστοῦ.
734 2184 847 2253 ὁρᾷς
886 2185 969 2236 οὖν
1008 2210 1135 2241 οπως
1174 2190 1236 2243 ὡς
1275 2190 1432 2258 σοφὸς
1470 2192 1744 2262 ἐφυλάξατο

83 2271 132 2311 25
153 2257 208 2309 τὸ
233 2259 299 2324 μὴ
326 2264 699 2361 καταλιμπάνειν
725 2269 786 2320 εἰς
812 2290 866 2318 το
897 2268 1050 2334 πρωί·
1039 2310 1052 2331 ,
1095 2269 1242 2325 τύπος
1277 2273 1321 2323 δ’
1350 2271 1409 2323 οἲν
1436 2271 1522 2325 εἶεν
1549 2278 1591 2325 οἱ
1625 2299 1744 2340 προς

153 2340 207 2392 τὸ
238 2343 362 2408 πρωὶ
395 2343 699 2411 τηρήσαντες,
726 2351 809 2412 τῆς
835 2348 1113 2415 ἀπειθήσειν
1137 2354 1416 2419 μελλούσης
1452 2357 1578 2407 αὐτῶ
1610 2367 1741 2422 πλη-

152 2423 263 2477 θύος
288 2425 559 2491 Ἰουδαϊκῆς,
587 2427 653 2482 οἷς
685 2453 760 2480 και
794 2430 848 2482 τὸ
880 2431 1076 2488 ἐντόνως
1104 2434 1281 2486 ε’θελειν
1306 2436 1389 2487 τὸν
1416 2438 1464 2488 ἐν
1490 2437 1743 2505 γράμμασι

151 2509 357 2572 τηρῆσαι
395 2507 553 2573 νόμον,
594 2513 669 2562 καὶ
713 2513 921 2579 σαπρίας
962 2538 1039 2566 και
1079 2517 1347 2581 σκωλήκων
1384 2542 1519 2570 εσται
1564 2522 1737 2587 παραί-
1760 2533 1786 2573 b

203 2628 233 2652 Ι.
260 2633 418 2653 τουτεστι
436 2620 595 2667 πάλιν]’
576 2637 649 2657 αντι
667 2625 727 2658 τοῦ
747 2624 901 2670 Nikeph.
1047 2638 1081 2672 5.
1109 2629 1362 2674 ἐγκαταλιπέτω
1382 2630 1423 2664 Β.
1443 2631 1653 2666 καταλιπέτω
1673 2633 1739 2667 Ed.

151 2664 184 2698 6.
209 2665 248 2698 τὸ
265 2672 489 2711 assumptum
508 2680 550 2702 ex
569 2669 611 2704 Β,
761 2698 767 2705 .
736 2672 954 2716 7ἐξεζεσαν
971 2676 1145 2718 σκώληκες
1165 2676 1206 2709 Β.
1328 2678 1360 2711 8.
1388 2677 1561 2721 ἐπὼζεσαν
1579 2679 1622 2713 Β.
1688 2680 1738 2714 ἐπ’

151 2711 270 2747 αὐτοὺς
290 2711 330 2746 Β.
350 2713 423 2758 (55.
443 2714 498 2758 85.
504 2715 551 2758 )'
535 2715 585 2749 επ’
603 2716 715 2753 αὐτοῖς
734 2718 800 2752 Ed.
914 2732 958 2765 9—
964 2721 1017 2755 18.
1045 2722 1139 2756 Citat
1157 2723 1250 2756 Nike
1254 2723 1312 2767 ph.
1332 2724 1353 2758 i.
1374 2724 1452 2770 736.
1568 2737 1621 2760 10.
1648 2726 1740 2770 ἡμῶν

150 2765 373 2815 assumptum
392 2771 434 2793 ex
453 2760 570 2806 Nikep
574 2761 607 2797 h.
770 2777 823 2800 11.
849 2781 885 2800 τε
903 2779 973 2801 orn.
995 2767 1036 2801 B.
1055 2769 1162 2805 habet
1180 2736 1334 2815 Nikleph.
1503 2783 1557 2817 13.
1583 2773 1736 2819 ἐδείχθη]

150 2803 319 2839 ἀνετειλεν
336 2806 437 2841 iterat
456 2807 496 2841 B.
516 2808 651 2855 εδείχθη
669 2810 773 2846 habet
792 2812 946 2858 Nikeph.
1197 2828 1249 2859 14.
1275 2818 1378 2852 πάλιν
1395 2825 1617 2863 assumptum
1636 2832 1676 2854 ex
1698 2821 1738 2855 B.

152 2851 286 2885 Deest'
279 2864 315 2886 m
333 2852 489 2898 Nikeph.
635 2866 688 2902 17.
715 2859 774 2893 τὸν
791 2871 860 2894 orn.
880 2860 1036 2906 Nikeph.
1174 2874 1228 2897 20.
1254 2864 1295 2897 τὰ
1313 2876 1382 2899 om.
1404 2865 1446 2899 B.
1512 2866 1675 2910 ἐζημιωθη
1696 2867 1737 2902 Β.

152 2909 207 2932 21.
234 2898 384 2943 ἡγούμην
403 2900 444 2934 Β.
672 2915 725 2939 22.
754 2905 908 2949 κερδήσω
927 2907 969 2941 Β.
1197 2921 1252 2952 24.
1279 2910 1369 2946 ὅπως
1389 2911 1488 2957 ὡς]“
1469 2927 1559 2948 οπως
1576 2913 1634 2948 οῦν
1651 2915 1676 2948 ὡ
1697 2914 1738 2948 Β.

151 2955 207 2988 25.
233 2947 272 2979 τὸ
291 2947 387 2991 p1ius
406 2959 476 2983 om.
499 2948 539 2983 B.
662 2961 787 2997 25—1).
803 2952 922 2996 468-
928 2954 1090 2990 .C‘1tat
1079 2955 1232 3001 Nikeph.
1251 2957 1272 2991 i.
1294 2966 1372 3003 737.
1496 2969 1551 3005 27.
1579 2960 1737 3007 ἐντόνως]

149 2992 292 3029 ἐντελῶς
310 2993 465 3039 Nikeph.

895 3068 1012 3109 302
