2084 3317
129 690 275 724 237A.
311 700 331 723 a
925 692 1242 740 ΚΕΦΑΛΗ
1306 694 1365 741 Θ.

375 891 470 934 ’Ότι
492 893 572 934 κατ’
595 895 709 935 οὐδὲν
731 895 905 938 ἐλάττων
927 902 993 938 τοῦ
1017 901 1124 939 Θεοῦ
1152 899 1212 938 καὶ
1235 898 1389 950 Πατρὸς
1412 899 1431 937 ὁ
1452 898 1559 945 Tibe,
1584 896 1673 938 ἀλλ’
1699 897 1904 948 ἰσοσθενὴς

620 967 630 981 7
661 971 670 984 3
711 969 721 984 Ι
904 972 916 985 X
974 973 983 987 3
1019 971 1028 985 9
1061 971 1077 985 H
1170 973 1181 987 Ι
1231 974 1240 985 5
1365 973 1374 984 r
1496 972 1505 985 ἱ
1560 974 1569 986 9
1708 974 1724 983 9«

550 985 620 1008 κατ
654 987 859 1022 ενεργειαν
878 988 947 1022 την
967 979 1017 1023 εφ
1052 989 1202 1012 απασιν
1225 989 1334 1012 εστιν
1355 990 1405 1015 ως
1428 975 1532 1015 Θεος
1553 989 1594 1012 εκ
1618 975 1736 1013 Θεου.

281 1111 330 1147 30
351 1099 410 1140 Οὐ
469 1099 652 1150 δύναμαι
709 1103 795 1149 {sub
844 1101 982 1145 Ποιεῖν
1030 1104 1095 1145 ἀπ’
1152 1105 1337 1153 ἐμαυτοῦ
1383 1105 1520 1147 οὐδὲν.
1595 1106 1736 1146 καθὼς
1791 1104 1938 1145 ἀκούω

417 1183 562 1239 κρίνω,
608 1185 676 1226 καὶ
721 1186 743 1227 ι-ἰ
797 1186 931 1243 κρίσις
975 1189 997 1229 ι-ἰ
1044 1188 1123 1237 ἐμὲ
1175 1189 1317 1230 δικαία
1367 1189 1493 1240 ἐστὶν,
1537 1191 1601 1231 ὅτι
1645 1191 1692 1229 οὐ
1736 1189 1846 1245 <mdo
1889 1188 1936 1229 τὸ
1960 1196 1979 1232 5

416 1267 580 1315 θέλΗμα
629 1269 677 1310 τὸ
727 1269 829 1318 ἐμὸν
873 1270 985 1312 ἀλλὰ
1035 1272 1083 1315 τὸ
1128 1273 1290 1320 θὲλΗμα
1340 1275 1413 1313 τοῦ
1453 1273 1704 1321 Πεμψαντόε
1753 1287 1804 1319 με
1852 1272 1938 1312 Πα-

414 1350 527 1404 τρόε.

300 1410 327 1452 b

419 1476 844 1529 ἘΠΙΣΤΗΣΟΝ
870 1480 1019 1531 ποίλιν
1051 1486 1147 1534 τοῖς
1186 1482 1459 1546 λεγομενοις
1485 1480 1836 1546 άκριβεστερον,
1862 1482 1938 1531 καὶ

346 1558 483 1626 δεχου
528 1566 611 1611 τοῦ
657 1561 957 1628 θεωρήματος
1002 1566 1065 1617 ὡς
1109 1566 1157 1614 ἐν
1200 1565 1410 1633 περινοία
1445 1562 1531 1627 τὴν
1575 1562 1785 1625 δύναμιν.
1855 1562 1938 1613 οὐκ

344 1639 512 1694 εἰδότες
536 1643 751 1694 Ἰουδαῖοι
778 1643 832 1695 τὸ
864 1644 990 1707 βαθὺ
1015 1648 1098 1709 τῆς
1123 1645 1241 1709 μετὰ
1264 1643 1442 1711 σαρκός
1469 1645 1730 1708 οἰκονομίας
1756 1643 1938 1708 μυστή-
1961 1664 2009 1690 10

344 1745 458 1788 ριον,
496 1723 607 1774 ἀλλ’
646 1724 750 1776 οὐδὲ
789 1725 871 1777 τὸν
905 1728 1170 1778 ἐνοικοῦντα
1208 1731 1275 1797 τῷ
1314 1729 1363 1778 ἐκ
1401 1727 1636 1794 παρθένου
1682 1727 1778 1796 ναῷ
1813 1726 1940 1777 Θεὸν

347 1802 508 1870 Λόγον
555 1807 958 1872 ἐπιγινώσκοντες,
1004 1808 1130 1880 ζήλῳ
1175 1809 1411 1864 πολλάκις
1456 1808 1817 1878 πεπλανημένῳ,
1863 1809 1939 1859 καὶ

123 1891 219 1965 {Om-
240 1902 271 1922 x.
349 1893 375 1915 “
402 1888 455 1937 οὐ
486 1892 552 1957 τῷ
585 1890 683 1940 κατ’
711 1890 1006 1955 ἐπίγνωσιν,”
1037 1894 1099 1946 ὡς
1126 1894 1150 1943 ὁ
1176 1891 1372 1946 Παῦλός
1401 1896 1566 1959 φησιν,
1593 1895 1656 1945 εἷς
1683 1890 1938 1956 ἀγριότητα

309 1967 536 2034 οτρόπων
568 1973 643 2021 καὶ
682 1972 938 2039 ἀνημέρους
971 1974 1115 2040 ὀργὰς
1149 1974 1429 2043 ἐξεκαίοντο·
1471 1976 1547 2024 καὶ
1585 1971 1641 2036 δὴ
1681 1974 1756 2023 καὶ
1795 1995 1938 2023 κατα-

125 2060 215 2143 ζὲῐῑᾶ
233 2072 263 2092 x.
349 2052 500 2103 λεύειν
551 2055 817 2121 ἐπεχείρουν
869 2054 1024 2119 αὑτὸν,
1077 2056 1237 2122 ὅτιπερ
1292 2064 1319 2086 “
1346 2056 1593 2122 ἅνθρωπος
1644 2053 1721 2117 ὧν,
1773 2053 1938 2106 ἑαυτὸν
1962 2075 2007 2112 15

123 2128 243 2221 ἓὲὲτῐαὸ
349 2140 376 2163 “
401 2134 542 2186 ἐποίει
586 2135 748 2198 Θεὸν,”
797 2140 872 2188 καὶ
916 2138 1080 2200 πάλιν,
1123 2138 1194 2189 ὅτι
1233 2147 1259 2168 “
1281 2139 1474 2203 Πατέρα
1517 2138 1632 2188 ’ίδιον
1676 2136 1811 2203 ἐ’λεγε
1856 2136 1938 2188 τὸν

183 2215 190 2222 ’
247 2214 254 2221 ’
349 2224 375 2246 “
402 2217 544 2280 Θεὸν,
574 2217 681 2269 ἰ’σον
706 2218 870 2270 ἑαυτὸν
896 2224 1043 2271 ποιῶν
1073 2224 1139 2289 τῷ
1175 2221 1329 2289 Θεῴ.”
1382 2220 1536 2284 ἐπειδὴ
1569 2219 1618 2270 δὲ
1657 2218 1782 2284 ἦσαν
1815 2221 1937 2270 οὕτω

346 2302 616 2363 δυσμαθεῖς,
644 2302 720 2351 καὶ
752 2304 1026 2367 θεοπρεπῶν
1061 2303 1146 2365 μὲν
1180 2302 1302 2355 ὅλως
1339 2302 1421 2352 οὐκ
1459 2300 1727 2369 ἀνεχόμενοι
1762 2301 1937 2366 λόγων,

346 2380 491 2447 μικρὰ
532 2381 581 2433 δὲ
619 2384 726 2449 περὶ
767 2383 910 2434 αὐτοῦ
945 2385 1021 2434 καὶ
1057 2388 1339 2452 φρονοῦντες
1374 2386 1449 2434 καὶ
1485 2383 1715 2449 λέγοντες,
1753 2388 1929 2434 οἰκονο-

344 2468 490 2527 μικῶς
529 2464 554 2514 ὁ
595 2463 763 2530 Σωτὴρ
801 2466 1101 2532 συννηπιάζει
1138 2465 1222 2528 μὲν
1261 2467 1429 2529 αὐτοῖς,
1463 2465 1746 2532 κεκραμένην
1785 2467 1823 2516 δ’
1857 2466 1937 2516 οὖν
1959 2483 2009 2507 20

347 2545 473 2609 ὅμως
506 2548 701 2598 ἐποιεῖτο
738 2546 825 2612 τὴν
856 2547 1099 2616 ἐξήγησιν,
1127 2550 1230 2598 οὕτε
1265 2546 1371 2601 τοὺς
1399 2551 1508 2617 Θεῷ
1543 2547 1806 2613 πρέποντας
1845 2547 1933 2598 λό-

347 2650 459 2693 γους
494 2629 731 2683 ὃλοτελῶς
761 2628 1139 2696 παραιτούμενος,
1168 2631 1270 2681 οὔτε
1309 2629 1401 2693 μὴν
1436 2636 1497 2684 εἰς
1537 2629 1803 2696 ὀλόκληρον
1843 2634 1937 2681 τῶν

303 2710 656 2777 (ἶάνθρωπίνων
695 2711 918 2779 ῥημάτων
955 2714 1244 2780 ἀποφοιτῶν·
1300 2713 1442 2763 εἰπὼν
1481 2712 1536 2763 δέ
1573 2736 1617 2763 τι
1658 2715 1741 2776 τῆς
1784 2715 1937 2776 θεϊκῆς

397 2856 450 2880 10.
477 2846 516 2880 τὸ
544 2845 634 2886 βαθὺ
664 2847 722 2890 τῆς
750 2847 834 2888 μετὰ
863 2847 990 2891 σαρκὸς
1015 2846 1204 2890 οἰκονομίας
1224 2846 1333 2880 Β.τὸ
1363 2847 1454 2887 βαθὺ
1483 2853 1563 2891 post
1592 2846 1780 2891 οἰκονομίας
1805 2852 1847 2881 tr.
1867 2846 1935 2880 Ed.

350 2902 404 2936 13.
431 2893 448 2925 ὁ
466 2903 535 2926 om.
557 2892 597 2925 Β.
816 2904 868 2935 14.
895 2894 948 2927 καὶ
965 2892 1176 2945 καταλεύειν]
1197 2896 1437 2928 κατακελευσιν
1457 2894 1497 2928 Β.
1708 2892 1760 2927 16.
1785 2895 1875 2927 ποιεῖ
1894 2893 1936 2927 Β.

351 2948 403 2981 19.
430 2939 482 2972 καὶ
507 2938 604 2983 prius
630 2950 700 2974 om.
722 2939 763 2974 B.
828 2942 987 2985 λέγοντες
1014 2939 1055 2975 Β.
1081 2946 1115 2973 et
1141 2940 1190 2974 sic
1215 2941 1360 2986 conjecit
1387 2941 1521 2986 Migne.
1547 2940 1665 2985 λέγετε
1692 2940 1758 2974 Ed.
1809 2939 1934 2973 Ambi-

347 2995 457 3028 guum
477 2985 522 3019 D.
667 2996 720 3020 21.
748 2985 842 3032 τοὺς]
867 2991 902 3027 4-
924 2989 970 3033 τῷ
990 2986 1055 3021 Ed.
1074 2986 1184 3021 invito
1204 2986 1245 3021 B
1391 2998 1445 3031 23.
1472 3002 1502 3021 τι
1521 2999 1590 3022 om
1613 2987 1641 3020 B
