2084 3317
128 177 267 219 vi.21.
342 180 414 220 IN
458 181 500 221 S.
535 181 870 222 JOANNEM.
934 181 1059 221 LIB.
1093 180 1180 221 ΠΙ.
1244 181 1376 221 CAP.
1412 181 1490 221 IV.
1629 182 1709 221 431

124 287 228 339 τότε
253 294 348 340 τῶν
374 290 520 355 ἁγίων
546 291 835 342 ἀποστόλων
861 290 914 342 τὸ
940 289 1144 359 σκάφος,
1171 289 1417 340 τουτέστιν
1444 290 1471 352 ἡ
1498 290 1711 351 Ἐκκλη-

123 371 220 431 σία,
248 372 323 421 καὶ
359 375 401 421 οἱ
436 371 660 426 πλέοντες
695 375 743 423 ἐν
775 373 906 440 αὐτῇ,
933 370 1177 422 τουτέστιν
1209 374 1251 421 οἱ
1289 369 1363 421 διὰ
1397 371 1604 423 πίστεως
1640 371 1714 419 καὶ

122 449 309 515 ἀγάπης
347 455 430 516 τῆς
469 457 532 506 εἷς
559 453 697 518 Θεὸν,
725 455 822 505 ἅνω
854 457 948 505 τῶν
981 454 1029 503 ἐν
1062 451 1229 522 κόσμῳ
1268 451 1515 518 γεγονότες
1553 474 1708 517 πραγ-
1734 476 1756 499 a
1785 468 1872 502 293
1889 467 1938 501 A.

122 531 297 596 μάτων,
318 535 515 599 ἀμελητὶ
542 537 616 586 καὶ
643 536 752 603 δίχα
777 536 923 587 πόνου
949 535 1125 588 παντὸς
1152 535 1510 586 καταλύσουσιν
1537 537 1599 587 εἱς
1625 537 1716 598 γῆν

81 627 102 663 5
125 619 183 668 εἰς
218 613 260 674 ἣν
287 615 466 682 ὑπῆγον.
524 615 581 680 ἧν
613 617 707 684 γὰρ
743 619 896 670 αὐτοῖς
934 620 958 668 ὁ
995 616 1193 679 σκοπὸς,
1217 615 1432 680 καθάπερ
1468 620 1531 670 εἷς
1567 616 1717 666 εὕδιον

124 702 392 748 καταλῦσαι
445 699 625 762 λιμένα,
669 700 756 763 τὴν
807 704 901 750 τῶν
953 700 1163 765 οὐρανῶν
1207 698 1463 759 βασιλείαν
1510 697 1711 761 δηλαδή·

123 782 315 838 βεβαιοῖ
340 779 388 830 δὲ
422 780 508 844 τὴν
534 783 605 848 ἐφ’
635 780 788 833 ἅπασι
819 786 916 835 τοῖς
950 782 1202 846 εἰρημένοις
1238 780 1446 831 διάνοιαν
1474 782 1498 831 ὁ
1526 778 1713 845 Σωτὴρ,

123 860 280 924 λέγων
303 861 422 928 πρὸς
449 861 556 916 τοὺς
583 864 746 914 ἑαυτοῦ
773 862 999 926 μαθητὰς,
1027 862 1141 913 ποτὲ
1167 862 1253 925 μὲν
1280 862 1350 913 ὅτι
1377 870 1404 892 “
1426 861 1615 927 Μικρὸν
1641 867 1715 912 καὶ
1779 861 1871 936 ξῗξΐῇ
1879 905 1908 936 6.

122 948 150 969 “
176 943 327 993 οὐκέτι
352 945 568 1010 θεωρεῖτέ
587 968 659 1007 με,
688 947 764 995 καὶ
789 945 937 996 πάλιν
962 943 1130 1010 μικρὸν
1157 947 1231 995 καὶ
1263 944 1453 1012 ὄψεσθέ
1474 945 1574 1008 με,”
1600 944 1716 995 ποτὲ

54 1042 101 1066 10
122 1021 172 1073 δὲ
195 1022 343 1075 πάλιν
371 1033 396 1055 “
417 1027 607 1095 Θλίψιν
634 1027 759 1096 ἕξετε
787 1029 835 1078 ἐν
862 1031 928 1096 τῷ
963 1025 1149 1096 κόσμῳ·
1193 1025 1326 1077 ἀλλὰ
1361 1030 1597 1092 θαρσεῖτε,
1624 1025 1716 1091 ἐγὼ
1779 1034 1897 1074 11)-33-

122 1113 149 1135 ‘⁶
176 1106 388 1171 νενίκηκα
418 1106 501 1159 τὸν
526 1107 756 1171 κόσμον.”
798 1107 977 1160 κάτεισι
1015 1108 1164 1174 γεμὴν
1192 1109 1266 1159 διὰ
1303 1107 1466 1162 νυκτὸς
1503 1107 1598 1159 ἀπὸ
1632 1113 1715 1158 τοῦ
1734 1114 1760 1153 b

122 1186 258 1253 ὅρους
308 1190 333 1240 ὁ
380 1189 568 1256 Κύριος,
615 1192 691 1241 καὶ
741 1196 837 1244 τοῖς
888 1193 1052 1242 ἑαυτοῦ
1107 1195 1339 1254 μαθηταῖς
1391 1192 1716 1257 ἀγρυπνοῦσιν

122 1273 360 1341 ἐπιφοιτᾷ·
415 1274 490 1323 καὶ
529 1280 646 1339 γοῦν
686 1274 815 1325 ἰόντα
851 1273 1227 1340 προσβλέπουσι
1270 1274 1445 1327 δειλίας
1487 1273 1541 1323 οὐ
1586 1273 1711 1340 δίχα·

123 1355 496 1422 καταφρίττουσι
535 1355 643 1422 γὰρ,
670 1355 745 1406 ἵνα
784 1356 840 1420 δή
879 1379 922 1406 τι
961 1354 1015 1407 τὸ
1055 1357 1312 1420 ἀναγκαῖον
1344 1359 1405 1410 εἷς
1445 1354 1611 1419 νόησιν
1643 1356 1717 1405 καὶ

58 1451 102 1485 15
122 1435 197 1485 διὰ
222 1435 402 1488 τούτων
427 1438 536 1501 ἡμῖν
562 1438 892 1505 ἀναφαίνηται.
946 1437 1270 1502 καταβήσεται
1305 1437 1398 1503 γὰρ
1435 1438 1492 1506 ἐξ
1518 1438 1717 1504 ούρανοῦ

122 1519 335 1585 καθάπερ
361 1521 410 1570 ἐν
431 1524 558 1570 νυκτὶ
585 1519 873 1584 κοιμωμένου
900 1521 1077 1586 τρόπον
1097 1519 1200 1571 τινὰ
1227 1525 1309 1570 τοῦ
1337 1518 1534 1582 κόσμου,
1553 1522 1628 1570 καὶ
1654 1523 1716 1574 εἰς

121 1598 315 1664 πολλὴν
340 1601 595 1669 ῥέγχοντος
623 1603 868 1669 ἁμαρτιαν.
921 1601 996 1653 δια
1031 1600 1124 1668 γὰρ
1156 1608 1294 1653 τοῦτο
1328 1624 1404 1652 και
1439 1600 1558 1667 πρὸς
1594 1602 1714 1666 ἡμᾶς

377 1685 388 1701 Ι

122 1705 214 1733 που
258 1687 383 1750 φησι
424 1692 451 1713 “
477 1688 757 1752 Γρηγορεῖτε
804 1686 900 1746 οὖν,
946 1684 1016 1736 ὅτι
1061 1686 1143 1736 οὐκ
1190 1685 1342 1735 οιδατε
1387 1707 1501 1735 ποια
1545 1707 1644 1753 ωρα
1691 1686 1715 1735 ὁ
1776 1688 1941 1771 3332?-

716 1767 742 1783 θ’

124 1764 332 1831 “κύριος
359 1767 488 1828 ὑμῶν
514 1766 711 1834 ἔρχεται.
796 1765 973 1836 διδαξει
1006 1765 1054 1818 δὲ
1091 1766 1276 1817 οὐδεν
1249 1774 1392 1830 ἡττον
1419 1767 1538 1830 ἡμᾶς
1574 1789 1650 1817 και
1686 1767 1713 1830 ἡ
1732 1788 1754 1815 ο

54 1870 103 1894 20
122 1847 196 1898 ἐπὶ
229 1852 330 1902 ταῖς
363 1848 609 1914 παρθένοις
644 1846 901 1915 παραβολὴ
937 1847 990 1900 τὸ
1026 1847 1296 1914 λεγόμενον.
1350 1847 1485 1900 πέντε
1510 1848 1595 1911 μὲν
1620 1847 1715 1915 γὰρ

120 1928 205 1982 τὰς
255 1931 513 1999 φρονίμους
564 1929 683 1982 εἶναί
730 1935 868 1999 φησι,
919 1929 1080 1997 μωρὰς
1131 1929 1179 1982 δὲ
1228 1928 1311 1983 τὰς
1360 1930 1514 1981 πέντε·
1583 1929 1713 1981 ἀλλὰ

120 2013 490 2077 βραδύνοντος“
510 2018 594 2064 τοῦ
621 2013 823 2081 νυμφίου
849 2012 1116 2082 ἐνύσταξαν
1141 2017 1296 2064 πᾶσαι
1333 2035 1408 2063 και
1443 2010 1707 2063 ἐκαθευδον·
1774 2019 1915 2102 {b-(JXV-

120 2094 324 2159 “μέσης
363 2094 410 2146 δε
450 2095 615 2148 νυκτὸς
653 2093 833 2161 κραυγὴ
873 2118 1067 2161 γεγονεν
1104 2094 1226 2146 Ἰδου
1266 2096 1290 2146 ὁ
1331 2094 1546 2164 νυμφίος,
1585 2094 1712 2164 ἐξερ-

120 2181 319 2245 “χεσθε
359 2201 420 2231 εις
461 2176 760 2242 ἀπαντησιν.’
845 2179 955 2246 ὁρᾷς
995 2177 1122 2230 ὅπως
1167 2177 1244 2228 διὰ
1283 2200 1433 2241 μεσης
1478 2177 1642 2231 νυκτὸς
1687 2178 1711 2228 ὁ

52 2278 100 2316 25
122 2260 321 2328 νυμφίος
358 2261 468 2324 ἡμῖν
501 2259 823 2325 ἀγγελλεται·
812 2301 824 2322 ,
881 2283 950 2314 τις
988 2258 1037 2311 δε
1076 2258 1247 2311 λοιπον
1283 2260 1310 2324 ἡ
1350 2259 1545 2326 κραυγὴ,
1572 2283 1647 2310 και
1687 2261 1712 2309 ὁ

121 2345 204 2405 τῆς
239 2341 548 2406 ἀπαντήσεως
581 2341 768 2409 τρόπος,
796 2346 1025 2411 σαφηνιεῖ
1051 2341 1205 2408 λέγων
1232 2343 1256 2392 ὁ
1288 2342 1541 2396 θεσπέσιος
1571 2347 1707 2393 Παῦ-

438 2423 449 2440 Χ
504 2431 532 2453 4⁶
555 2423 576 2441 (Ι

121 2430 221 2487 λος,
246 2423 359 2475 ποτὲ
394 2447 478 2487 μεν
1778 2431 1790 2453 1
1806 2423 1918 2454 Thess

552 2447 622 2475 οτι
657 2424 796 2478 αὐτὸς
831 2427 856 2476 ὁ
887 2424 1060 2490 Κύριος
1095 2427 1143 2476 ε’ν
1169 2425 1471 2488 κελεύσματι,
1498 2426 1547 2475 ἐν
1575 2427 1712 2492 φωνῇ
1730 2441 1781 2482 d.
1774 2466 1816 2497 iv.
1831 2466 1880 2497 16

122 2513 149 2535 “
175 2504 540 2573 ἀρχαγγέλου,’
518 2529 566 2557 εν
590 2505 833 2573 σαλπιγγι
859 2511 985 2558 Θεοῦ
1012 2506 1336 2571 καταβήσεται
1363 2507 1440 2558 απ’
1469 2506 1694 2572 οὐρανοῦ)

1493 2592 1563 2617 “ί6

119 2587 234 2639 ποτὲ
269 2587 317 2639 δὲ
353 2587 500 2639 πάλιν
524 2590 628 2655 περὶ
663 2593 758 2640 τῶν
783 2589 1106 2655 ἐγηγερμένων
1134 2589 1300 2654 ἁγίων,
1330 2587 1399 2640 ὅτι
1433 2611 1507 2639 και
1584 2589 1712 2652 ἡμεῖς
1774 2607 1825 2639 Ib
1846 2615 1894 2647 17

51 2687 100 2723 30
121 2678 148 2701 ‘⁶
175 2673 217 2721 οἱ
243 2670 408 2736 ζῶντες
434 2673 475 2721 οἱ
499 2670 874 2737 περιλειπόμενοι
909 2669 1008 2735 ἅμα
1038 2671 1194 2724 αὐτοῖς
1227 2672 1274 2721 ἐν
1303 2669 1576 2738 νεφέλαις
1550 2692 1708 2736 αρπα-

167 2851 201 2885 3.
227 2840 286 2883 τῆς
302 2850 374 2872 Om.
394 2838 436 2873 Β.
558 2839 592 2873 8.
618 2839 670 2874 ὅτι
687 2840 806 2885 μικρὸν
823 2840 877 2874 καὶ
894 2837 1053 2884 ot’me'n]'
1042 2839 1091 2872 ἔτι
1108 2839 1227 2881 μικρὸν
1244 2851 1297 2870 και
1315 2851 1353 2870 ου
1374 2835 1414 2869 Β.
1547 2847 1600 2882 13.
1626 2851 1712 2881 προ-

120 2887 313 2925 Βλέπουσιν
334 2885 374 2919 Β.
503 2897 553 2928 14
583 2886 636 2920 καὶ
653 2898 724 2921 om.
745 2887 786 2921 Β
912 2887 965 2920 18.
991 2885 1072 2929 ποίᾳ
1090 2886 1159 2929 ὥρᾳ
1179 2884 1221 2917 Β.
1239 2884 1340 2917 ποίαν
1358 2884 1448 2927 ὥραν
1467 2882 1533 2917 Ed.
1586 2883 1712 2918 Statim

121 2935 140 2967 ὁ
158 2945 228 2967 om.
250 2933 291 2967 B.
449 2943 502 2976 19.
528 2932 620 2976 ἡμῶν
639 2932 681 2967 Β.
843 2944 898 2975 24.
924 2933 1112 2975 ἀπάντησιν
1132 2931 1173 2964 Β.
1192 2930 1380 2973 ὑπάντησιν
1399 2929 1466 2964 Ed.
1531 2931 1549 2963 ὁ
1567 2930 1713 2976 νυμφίος

121 2979 199 3023 ἡμῖν
216 2980 270 3013 διὰ
287 2979 394 3024 μέσης
412 2980 526 3014 νυκτὸς
543 2980 682 3013 inverso
700 2979 823 3014 ordine
844 2980 884 3014 B.
1031 2990 1085 3023 29.
1112 2976 1207 3021 περι]
1227 2976 1310 3020 μετὰ
1330 2976 1372 3010 Β.
