2084 3317
121 198 234 248 i.16‚
260 210 318 251 17.
367 198 438 241 IN
484 201 526 242 S.
560 202 897 245 JOANNEM.
961 204 1085 246 LIB.
1120 206 1154 246 I.
1216 206 1348 248 CAP.
1383 208 1460 250 IX.
1627 213 1706 252 153

123 311 343 374 Σωτῆρος
377 312 588 379 ὀνομάζει
622 316 771 383 χάριν,
798 313 827 382 ᾗ
861 318 935 366 καὶ
969 316 1024 367 τὸ
1061 318 1210 368 πλέον
1237 319 1285 369 ἐν
1311 318 1428 387 δόξῃ
1454 323 1706 384 κεκτῆσθαι

118 390 364 456 χαρίζεται,
391 390 476 456 τὴν
503 398 597 444 τῶν
628 397 923 461 πραγμάτων
958 397 1134 465 ἄριστα
1168 399 1426 466 δοκιμάζων
1453 401 1615 469 φύσιν,
1644 404 1706 456 ὡς

116 473 515 542 πνευματοφόρος.

193 555 380 606 Οὐκοῦν
405 556 650 624 ἐπειδήπερ
678 565 695 611 ὁ
722 559 808 623 μὲν
834 563 1123 628 κατακρίνων
1152 563 1275 632 νόμος
1312 562 1426 626 ἐδόθη
1465 563 1540 616 διὰ,
1568 576 1700 616 Μωυ-

75 653 98 692 5
119 634 239 697 σ-ἔως,
271 636 433 702 γέγονε
465 638 515 690 δὲ
541 637 617 691 ὃιέι
642 647 725 692 τοῦ
755 646 1058 709 Μονογενοῦς
1092 646 1120 709 ἡ
1155 649 1401 698 δικαιοῦσα
1431 647 1577 716 χάρις,
1604 652 1743 700 mima
1777 660 1857 696 103
1875 659 1927 694 A·

120 717 200 768 οῦν
227 719 309 769 οὐκ
336 721 536 784 ἀμείνων
562 724 610 772 ε’ν
637 722 768 791 δόξῃ,
795 727 958 791 φησὶν,
987 727 1011 776 ὁ
1038 728 1092 777 δι’
1122 727 1176 778 οὗ
1202 727 1261 779 τὰ
1288 729 1476 794 κρείττω
1507 752 1699 792 νενομο-

120 797 336 863 θέτηταις
386 803 640 866 ἀληθεύσει
672 804 728 868 δὴ
764 807 845 856 οῦν
871 809 944 857 καὶ
973 808 998 858 ὁ
1024 809 1236 878 μελῳδὸς
1271 811 1319 860 ἐν
1348 811 1588 874 Πνεύματι
1623 812 1706 862 τὸν

122 879 298 946 Κύριον
323 883 455 947 ἡμῶν
481 885 672 949 Ἰησοῦν
697 885 779 938 τὸν
800 888 1016 955 Χριστὸν
1041 891 1202 955 πάσης
1230 892 1347 956 ὁμοῦ
1372 896 1455 956 τῆς
1482 898 1706 960 λαμπρᾶς

116 966 211 1013 τῶν
237 964 383 1029 ἁγίων
406 966 620 1031 πληθύος
657 970 958 1036 ὑπερκεῖσθαι
993 977 1122 1033 βοῶν
1149 981 1176 1003 “
1202 975 1287 1028 Τίς
1321 973 1430 1041 γὰρ,
1457 977 1628 1043 φησὶν,
1658 977 1705 1026 ἐν

118 1049 145 1072 “
171 1045 388 1113 νεφέλαις
428 1049 719 1114 ἰσωθήσεται
757 1056 823 1121 τῷ
864 1054 1039 1123 Κυρίῳ,
1077 1053 1106 1119 ἦ
1146 1057 1215 1110 τίς
1254 1056 1598 1121 ὁμοιωθήσεται
1639 1069 1705 1127 τῷ

116 1132 143 1154 “
172 1128 332 1197 Κυρίῳ
370 1130 417 1179 ἐν
444 1133 556 1185 υἱοῖς
581 1136 706 1184 Θεοῦ
728 1135 772 1196 ;”
814 1135 1007 1203 νεφέλαι
1043 1136 1129 1200 μὲν
1155 1137 1248 1205 γὰρ
1283 1142 1329 1190 αἱ
1367 1142 1539 1203 νοηταῖ,
1565 1163 1701 1190 τουτ-

115 1208 259 1269 ἔστιν,
308 1213 349 1261 οἱ
402 1212 525 1277 ἅγιοι
581 1218 822 1283 προφῆται
880 1219 1291 1286 παραχωρήσουσι
1347 1219 1402 1271 τὸ
1459 1226 1589 1273 νικᾶν
1639 1226 1706 1292 τῷ

117 1293 330 1361 Χριστῷ,
370 1293 611 1358 οἱησονται
654 1297 702 1348 δε
741 1301 835 1349 δεῖν
874 1301 1090 1363 οὐδαμῶς
1135 1302 1367 1371 ἱσομέτρῳ
1405 1326 1525 1370 προς
1564 1303 1705 1355 αὐτὸν

117 1373 417 1436 ἁμιλλᾶσθαι
466 1382 591 1445 τιμῇ,
642 1379 727 1443 τὴν
779 1380 996 1448 δευτεραν
1039 1385 1396 1452 ἀποφερομένου
1442 1385 1579 1455 τάξιν
1621 1410 1703 1438 του
1720 1398 1747 1439 b

48 1472 93 1511 15
115 1477 244 1520 παρα
281 1457 460 1511 πάντας
500 1461 798 1525 ἐγνωσμενου
837 1486 966 1529 παρα
1006 1468 1145 1527 Θεοῦ,
1177 1466 1393 1517 τουτέστι
1435 1469 1698 1522 Μωυσεως·

115 1538 202 1587 υἱοὶ
239 1536 287 1588 δὲ
322 1562 363 1590 οι
400 1543 775 1608 χρηματίσαντες
812 1551 893 1596 τοῦ
920 1549 1046 1597 Θεοῦ
1080 1546 1199 1598 κατὰ
1235 1572 1317 1599 τον
1343 1553 1426 1614 τῆς
1460 1552 1703 1615 ἐπιδημίας

115 1617 289 1685 καιρὸν,
330 1622 410 1672 οὐκ
451 1624 833 1690 ἀπαραλλάκτως
873 1628 1249 1694 ὁμοιωθήσονται
1287 1635 1354 1700 τῷ
1393 1631 1512 1682 κατὰ
1553 1633 1704 1701 φύσιν

116 1704 230 1770 Υἱῳ,
259 1703 388 1753 ἀλλὰ
425 1703 478 1755 τὸ
514 1709 678 1757 οἰκεῖον
703 1709 1047 1773 ἐπιγνώσονται
1084 1711 1268 1777 μέτρον,
1296 1712 1452 1765 ὀπίσω
1485 1714 1702 1778 μάλιστα

113 1787 347 1835 τεθεῖσθαι
392 1787 614 1852 λέγοντος
659 1788 823 1841 ἑαυτὸν
864 1797 946 1842 τοῦ
991 1793 1126 1888 ἁγίου
1170 1799 1454 1857 βαπτιστοῦ,
1496 1799 1603 1863 περὶ
1648 1798 1702 1848 οῦ

44 1887 94 1912 20
114 1870 265 1932 φησιν
304 1869 329 1917 ὀ
369 1869 559 1934 καρδίας
598 1872 728 1925 εἰδώς
767 1880 792 1902 “
820 1873 924 1924 Οὐκ
963 1874 1207 1942 ἐγήγερται
1249 1878 1297 1927 ἐν
1336 1883 1574 1943 γεννητοῖς
1617 1902 1700 1945 γυ-

129 1953 337 1999 ίναικῶν
362 1950 561 2016 μειΗζων
568 1952 772 2004 Ιωάννου
799 1960 883 2005 τοῦ
908 1960 1194 2016 βαπτιστοῦ.
1202 1957 1227 1974 ”
1281 1959 1498 2024 ἀληθεύει
1531 1961 1588 2026 δὴ
1620 1963 1701 2014 οῦν

111 2030 136 2080 ὃ
179 2030 404 2097 μακάριος
449 2034 826 2101 Εὐαγγελιστὴς,
870 2042 1122 2090 τεθεασθαι
1172 2040 1330 2106 λεγων
1374 2049 1401 2073 “
1425 2043 1512 2108 τὴν
1555 2045 1701 2115 δόξαν

111 2118 139 2141 66

110 2194 229 2261 ἤπερ
268 2194 326 2246 ἂν
363 2199 532 2263 πρέποι
575 2222 642 2269 τῳ
686 2202 735 2252 ἐκ
775 2205 899 2253 Θεοῦ
943 2203 1133 2270 Πατρος
1167 2208 1268 2275 Υἱῳ
1310 2211 1585 2274 Μονογενεῖ,
1626 2212 1701 2261 καὶ

44 2293 91 2332 25
114 2277 216 2344 οὐχὶ
241 2282 433 2340 μᾶλλον
460 2286 556 2334 τοῖς
581 2251 642 2335 είς
668 2283 972 2352 ἀδελφότητα
998 2287 1297 2351 κεκλημένοις
1323 2290 1480 2353 αὑτοῦ,
1506 2288 1570 2342 ὧν
1598 2293 1701 2343 ἐστι

110 2358 420 2424 πρωτότοκος.

162 2527 191 2550 1.
194 2517 390 2569 χαρίζεται
407 2520 612 2564 κεκτῆσθαι
604 2533 744 2557 mverso
762 2523 883 2558 ordine
905 2524 944 2560 B.
1143 2539 1176 2569 4.
1204 2526 1440 2573 ἐπειδήπερ]”
1421 2543 1505 2573 οπερ
1523 2529 1635 2573 ἐπειδὴ
1656 2530 1699 2564 Β.

111 2560 145 2596 6.
170 2562 228 2597 οὐν
245 2570 277 2598 et
294 2567 436 2608 ἀμείνων
452 2574 633 2613 assumpta
649 2581 690 2603 ex
711 2569 753 2604 Β.
908 2580 940 2617 7.
966 2571 1122 2616 ἀληθεύει
1140 2574 1176 2607 δέ
1196 2573 1238 2608 Β.
1394 2586 1447 2609 10.
1474 2576 1506 2609 A
1525 2576 1637 2622 Κυρίῳ
1655 2576 1699 2611 ad

111 2610 224 2656 Κυρίῳ
242 2612 392 2646 transilit
410 2612 452 2646 B.
623 2626 676 2650 12.
703 2617 734 2650 οἱ
753 2628 823 2651 om.
843 2617 886 2652 B.
1053 2631 1106 2665 13.
1133 2620 1169 2654 δὲ
1187 2632 1256 2655 om.
1277 2621 1319 2655 B.
1482 2632 1535 2665 15.
1562 2626 1635 2670 Θεῷ
1656 2624 1697 2658 Β.

115 2655 168 2689 16.
193 2658 463 2710 χρηματίσαντες
481 2660 523 2695 Β.
543 2660 838 2707 [χρηματὴσαντες
857 2664 963 2719 COd.]
983 2680 1041 2711 χρι
1061 2693 1069 2700 .
1091 2693 1098 2701 .
1120 2667 1300 2703 ,τίσοντες
1319 2668 1365 2702 D.
1384 2682 1442 2713 χρι
1462 2695 1610 2704 ......
1617 2659 1696 2704 Ed.

113 2701 278 2736 Lacuna
271 2716 307 2738 111
326 2704 367 2739 E.
541 2708 594 2742 18.
620 2709 916 2757 ὀπίσω-ἑαυτὸν]
937 2713 1049 2748 ὀπίσω
1065 2715 1200 2757 μᾶλλον
1216 2714 1518 2759 προστεθήσεσθαι
1536 2716 1697 2762 λεγοντος

111 2748 212 2783 αὐτὸν
231 2749 272 2783 Β.
417 2764 471 2786 22.
497 2753 608 2799 λεγων
625 2767 693 2791 om.
715 2756 756 2792 B.

170 3073 260 3104 VOL.
285 3077 313 3103 I.
893 3086 919 3112 X

167 2113 321 2176 αὑτοῦ,
362 2113 508 2183 δόξαν
550 2118 611 2171 ὡς
661 2122 962 2184 Μονογενοῦς
1005 2121 1134 2188 παρὰ
1182 2122 1413 2190 Πατρος,”
1456 2149 1740 2179 τουτεστινο

1766 983 1820 1013 Ps.

1766 1027 1914 1058 lxxxviii.

1769 1077 1797 1110 7.

1764 1890 1925 1940 S3Matth.

1763 1945 1806 1965 X1.
1823 1945 1833 1965 1
1845 1944 1872 1966 1.

1764 2046 1870 2084 Supra

1763 2099 1783 2118 v
1787 2099 1831 2119 er.
1853 2097 1900 2129 14.
