2084 3317
350 164 434 203 412
753 162 803 204 B,
835 160 1110 202 CYRILLI
1152 158 1532 200 ALEXANDR.
1742 156 1796 197 vi.
1818 156 1940 197 8—10.

350 273 425 322 καὶ
451 271 675 337 Ἀνδρέου
702 269 864 336 λόγοις
894 269 979 333 Μὴ
1007 272 1107 336 χεὶρ
1134 270 1310 334 Κυρίου
1337 268 1418 318 οὐκ
1445 266 1664 333 ἀρκέσει;
1702 264 1942 332 δεχόμενοι

351 353 400 404 δὲ
439 355 513 404 καὶ
552 353 680 416 ἡμεῖς
720 356 781 405 εἷς
819 352 1199 418 παραδείγματος
1232 348 1409 416 τρόπον
1435 347 1521 413 τὴν
1547 354 1630 400 τοῦ
1664 345 1942 413 πράγματος

352 434 516 499 φύσιν,
550 433 834 497 νοσημάτων
872 434 1077 500 ἔσχατον
1110 434 1183 482 καὶ
1217 430 1396 484 παντὸς
1433 431 1641 481 ἐπέκεινα
1680 434 1824 480 κακοῦ
1858 426 1944 491 τὴν

351 517 685 582 ὀλιγοπιστίαν
723 515 960 580 ἡγώμεθα,
995 513 1081 565 κᾶν
1119 513 1367 579 ἐργάζηται
1400 511 1536 574 Θεὸς,
1570 511 1598 576 ἦ
1638 514 1713 563 καὶ
1752 510 1945 577 δράσειν

351 595 724 663 ἐπαγγέλληται,
769 597 929 648 πίστει
981 593 1037 658 δὴ
1089 595 1279 649 πάντως
1328 592 1687 663 ἀπεριεργάστῳ
1740 593 1943 660 γινέσθω
1965 610 1986 647 5

352 679 528 741 δεκτὸν,
557 681 632 728 καὶ
670 678 734 742 μὴ
773 682 840 747 τῷ
878 676 942 741 μὴ
982 677 1213 728 δύνασθαι
1253 682 1387 739 νοεῖν,
1415 676 1541 729 ὅπως
1568 676 1702 726 ἔσται
1736 675 1795 726 τὰ
1831 673 1945 740 ὑπὲρ

313 761 487 824 οὴμᾶς,
530 761 599 812 ἐπ’
647 760 865 828 ἀσθενείᾳ
912 762 970 825 τῇ
1020 759 1100 810 ἐπί
1142 781 1240 808 τισι
1292 758 1663 824 κατηγορείσθω
1700 755 1754 808 τὸ
1800 761 1940 808 θεῖον.

350 841 518 909 πρέποι
551 840 595 893 δ’
623 841 682 892 ἂν
716 846 781 910 τῷ
820 843 986 910 ἀγαθῷ
1025 842 1099 892 καὶ
1138 840 1356 908 σώφρονι
1395 843 1470 891 καὶ
1508 838 1751 904 βεβηκότα
1788 843 1946 892 καλῶς

351 930 604 993 φρονοῦντι
637 922 720 975 τὸν
746 923 999 989 λογισμὸν,
1028 924 1210 973 κάκεῖνο
1239 921 1501 985 λαμβάνειν
1528 927 1590 976 εἷς
1628 927 1753 984 νοῦν,
1781 923 1844 974 ὡς
1869 922 1946 971 καὶ

352 1009 377 1058 ὁ
404 1013 487 1058 τοῦ
514 1006 737 1071 σώματος
764 1004 1031 1074 ὀφθαλμὸς,
1054 1005 1136 1055 οὐκ
1163 1005 1280 1055 ὅσον
1306 1003 1363 1055 ἂν
1387 1003 1613 1065 βούλοιτό
1639 1027 1721 1066 τις,
1742 1009 1946 1054 τοσοῦτο
1970 1024 2008 1049 1<

351 1088 408 1153 δὴ
445 1087 635 1142 πάντως
674 1090 749 1139 καὶ
789 1085 1062 1155 κατόψεται,
1091 1087 1200 1136 ἀλλ’
1235 1086 1352 1137 ὅσον
1386 1086 1628 1154 ἐνδέχεται,
1657 1089 1731 1136 καὶ
1772 1085 1826 1136 τὸ
1865 1088 1948 1149 τῆς

351 1171 543 1241 φύσεως
582 1171 715 1234 ἡμῶν
752 1170 917 1237 ἐφίησι
956 1169 1143 1235 μέτρον·
1205 1167 1264 1219 τὰ
1303 1168 1352 1219 δὲ
1389 1170 1438 1218 ἐν
1477 1169 1587 1237 ὕψει
1625 1172 1798 1237 πολλῷ
1836 1169 1946 1218 λίαν

349 1252 691 1315 ἀνατεθειμένα,
728 1251 812 1302 κᾶν
852 1250 975 1304 ὅλως
1016 1249 1320 1319 φαντάζηται,
1357 1250 1600 1316 διακρίνειν
1639 1251 1693 1300 οὐ
1732 1249 1943 1311 δυ’ναται,

351 1334 651 1399 λεπτοτάτην
702 1333 772 1384 ἐπ’
820 1334 975 1387 αὐτοῖς
1022 1334 1097 1383 καὶ
1150 1333 1290 1393 μόλις
1340 1332 1561 1398 ἁρπάζων
1603 1330 1690 1396 τὴν
1731 1331 1942 1397 θεωρίαν.

308 1418 473 1467 ᾶοῦτω
515 1439 595 1480 μοι
640 1414 730 1466 νόει
781 1417 857 1466 καὶ
902 1413 985 1465 τὸν
1025 1413 1320 1480 ἀνθρώπινον
1366 1420 1488 1465 νοῦν·
1533 1413 1668 1481 μέχρι
1712 1413 1807 1480 γὰρ
1853 1417 1946 1464 τῶν
1971 1434 2017 1473 15

351 1498 581 1550 δοθέντων
621 1497 743 1563 ὅρων
782 1498 908 1566 αὐτῷ
946 1495 1077 1562 παρὰ
1115 1502 1198 1547 τοῦ
1237 1495 1546 1560 πεποιηκότος
1581 1498 1831 1565 ἐφικνεῖται
1871 1498 1947 1547 καὶ

351 1581 610 1643 ἐκτείνεται,
655 1578 742 1630 κᾶν
794 1579 918 1633 ὅλως
970 1576 1158 1646 ὑπάρχῃ
1210 1578 1567 1644 κεκαθαρμένος·
1632 1578 1802 1646 ὄψεται
1852 1579 1947 1645 γὰρ

352 1661 484 1713 οὐδὲν
510 1666 604 1713 τῶν
631 1661 986 1727 ὑπερκειμένων,
1016 1659 1357 1728 παραχωρήσει
1393 1660 1441 1711 δὲ
1476 1663 1551 1711 καὶ
1587 1662 1675 1729 οὐχ
1709 1660 1825 1712 ἑκὼν
1851 1666 1948 1715 τοῖς

352 1745 467 1811 ὑπὲρ
519 1743 605 1808 τὴν
650 1744 813 1811 φύσιν,
862 1741 1123 1806 οὐδαμόθεν
1167 1743 1287 1810 ἔχων
1338 1744 1491 1793 αὐτῶν
1534 1741 1942 1809 περιδράττεσθαι·

351 1827 512 1877 πίστει
537 1826 694 1876 τοίνυν
721 1825 780 1876 τὰ
812 1825 925 1892 ὑπὲρ
951 1826 1085 1889 ἡμᾶς,
1113 1826 1187 1876 καὶ
1223 1825 1277 1875 οὐ
1311 1824 1501 1891 ζητήσει
1536 1824 1846 1888 λαμβάνεται,
1872 1827 1946 1875 καὶ
1969 1850 2018 1874 20

354 1907 636 1972 θαυμάζεται
663 1906 748 1969 μὲν
775 1909 798 1957 ὁ
827 1909 947 1957 οὕτω
974 1907 1161 1970 πιστὸς,
1182 1908 1278 1958 ἐπεὶ
1306 1908 1633 1971 ἀνεπιτίμητος
1660 1906 1707 1958 δὲ
1734 1908 1948 1971 οὐδαμῶς

355 1991 380 2039 ὁ
407 1994 502 2043 τοῖς
528 1990 749 2042 ἐναντίοις
775 1988 1061 2055 περιπεσών·
1104 1991 1177 2039 καὶ
1213 1991 1286 2040 ἐπὶ
1320 1990 1470 2058 τούτῳ
1502 1989 1649 2040 πάλιν
1676 1989 1814 2043 αὐτὸς
1839 1990 1947 2053 ἡμῖν

132 2072 240 2112 Supra

131 2115 166 2146 511
200 2115 236 2146 18
316 2071 380 2121 οὸ
409 2070 577 2137 Σωτὴρ
613 2071 903 2137 μαρτυρήσει
943 2070 1100 2136 λέγων
1127 2078 1153 2099 “
1174 2071 1236 2121 ‘O
1261 2070 1500 2122 πιστεύων
1534 2075 1604 2125 εἷςγ
1635 2070 1717 2122 τὸν
1742 2070 1861 2123 Υἱὸν
1895 2074 1948 2123 οὐ

355 2159 383 2182 “
410 2152 629 2219 κρίνεται,
661 2154 685 2203 ὁ
713 2152 760 2203 δὲ
787 2150 853 2216 μὴ
879 2152 1119 2204 πιστεύων
1145 2153 1232 2217 ἤδη
1259 2151 1506 2219 κέκριται.”

431 2233 743 2304 Διειληφότες
783 2234 831 2285 δὲ
871 2232 1005 2303 ἅπαξ
1039 2233 1122 2284 τὸν
1158 2234 1307 2299 λόγον
1341 2234 1424 2285 τὸν
1460 2236 1534 2286 ἐπὶ
1572 2238 1639 2305 τῷ
1677 2238 1843 2302 χρῆναι
1882 2236 1947 2301 μὴ
1970 2256 2018 2294 25

356 2319 573 2368 ἀπιστεῖν
600 2321 666 2386 τῷ
694 2320 815 2384 Θεῷ,
845 2315 957 2384 φέρε
996 2314 1052 2380 δή
1089 2339 1132 2366 τι
1168 2315 1317 2367 πάλιν
1351 2318 1400 2367 ἐκ
1436 2321 1527 2367 τῶν
1559 2320 1693 2383 ἱερῶν
1719 2317 1942 2383 γραμμά-

356 2422 451 2450 των
491 2398 830 2467 ἀναδεξάμενοι
867 2402 1154 2463 παραθῶμεν
1193 2403 1255 2451 εἷς
1294 2399 1464 2461 μέσον,
1499 2401 1573 2450 καὶ
1611 2398 1697 2463 τὴν
1736 2402 1810 2451 ἐπὶ
1848 2405 1948 2453 ταῖς

357 2482 599 2534 ἀπιστίαις
628 2479 834 2531 κόλασιν
861 2480 1262 2546 ἐκλαμπρύνωμεν
1280 2480 1399 2547 πρὸς
1425 2479 1661 2551 ὠφέλειαν
1679 2486 1774 2532 τῶν
1798 2483 1948 2533 ἐντευ-

357 2563 583 2631 ξομένων.
641 2563 820 2613 οὐκοῦν·
861 2561 930 2613 ἐπ’
959 2562 1101 2612 αὐτὸν
1128 2561 1221 2628 γὰρ
1257 2560 1347 2625 εἶμι
1381 2562 1531 2614 πάλιν
1562 2562 1644 2614 τὸν
1669 2563 1949 2634 ἱεροφάντην

359 2644 590 2695 Μωυσέα·
644 2643 881 2696 ἐκελεύετό
918 2666 1032 2696 ποτε
1072 2643 1191 2695 κατὰ
1229 2643 1313 2708 τὴν
1349 2645 1522 2711 ε”ρημον
1555 2644 1781 2715 ἀφορήτῳ
1820 2646 1948 2714 δίψει
1969 2671 2019 2707 30

405 2777 438 2811 3.
465 2766 632 2812 ἔσχατον]
652 2767 808 2812 αἰσχρῶν
827 2767 870 2802 Β.
967 2767 999 2802 6.
1026 2768 1064 2801 τὸ
1084 2767 1125 2802 Β.
1191 2767 1236 2812 μὴ
1255 2768 1314 2801 alt.
1337 2767 1377 2802 Β.
1396 2768 1434 2802 οὐ
1454 2769 1520 2803 Ed.
1643 2780 1675 2813 9.
1702 2770 1885 2814 φρονοῦντι
1905 2769 1947 2804 Β.

357 2814 523 2859 φοροῦντι
540 2814 605 2848 Ed,
736 2825 788 2848 12.
814 2813 909 2857 ἡμῶν
926 2825 996 2848 om.
1017 2814 1152 2858 Migne.
1218 2813 1311 2860 λίαν]
1331 2817 1465 2858 μᾶλλον
1477 2815 1555 2849 λίαν
1569 2815 1610 2849 Β.
1653 2816 1779 2850 Statim
1796 2815 1947 2850 ἀνατιθέ-

356 2874 439 2902 μενα
455 2860 496 2894 Β.
595 2871 650 2894 20.
667 2860 751 2903 ἡμᾶς
766 2861 812 2894 D.
832 2862 915 2905 ὑμᾶς
933 2861 1000 2895 Ed.
1145 2871 1200 2894 21.
1227 2861 1298 2894 ἐπεὶ
1317 2868 1538 2907 assumptum
1557 2874 1597 2896 ex
1619 2862 1660 2896 B.
1790 2873 1844 2896 22.
1871 2862 1949 2906 ἡμῖν

356 2907 455 2940 αὐτὸς
472 2907 611 2941 inverso
630 2907 750 2941 ordine
771 2908 812 2941 B.
935 2907 989 2942 26.
1016 2907 1074 2942 οῦν
1092 2919 1153 2952 pro
1171 2922 1202 2941 τι
1224 2908 1263 2941 Β.
1386 2919 1439 2954 27.
1465 2909 1703 2953 ἀναδεξάμενοι
1723 2908 1763 2943 Β.
1782 2909 1946 2953 ἀναλεξά-

356 2967 448 2995 μενοι
469 2953 533 2987 Ed.
650 2965 703 2996 20.
730 2955 796 2998 ’γὰρ
815 2951 880 2997 εἶμι
902 2955 945 2989 D.
964 2955 1101 2998 πάρειμι
1123 2954 1162 2987 Β.
1182 2952 1247 2998 εἶμι
1268 2955 1332 2988 Ed.
