2084 3317
120 143 173 184 vi.
193 143 260 198 58.
341 144 415 184 IN
458 143 500 185 S.
535 142 871 184 JOANNEM.
933 141 1058 182 LIB.
1091 140 1170 182 IV.
1232 140 1366 181 OAP.
1401 139 1487 180 III.
1627 139 1707 177 545

1728 253 1753 292 d

121 313 257 359 Οὗτός
294 317 406 358 ἐστιν
439 317 462 358 ὁ
500 316 629 373 ἄρτος
667 318 689 360 ὁ
728 316 771 359 ἐξ
809 316 993 372 οὐρανοῦ
1034 313 1235 364 καταβὰς,
1270 313 1318 354 οὐ
1360 311 1502 353 καθὼς
1539 310 1703 366 {epos-ov
1729 314 1778 358 58

187 395 226 439 οἱ
271 399 455 455 now-&pec
499 399 616 448 ὑμῶν
659 399 707 440 τὸ
750 399 888 447 μάννα
939 397 1007 438 καὶ
1047 398 1277 439 ἀπέθανον·
1339 396 1361 436 ὃ
1403 393 1583 451 τρώΓων
1626 406 1705 441 μου

188 483 338 522 τοῦτον
375 480 448 522 τὸν
485 481 615 538 ἄρτον
654 481 768 538 ζήσει
805 479 865 522 εἰς
903 481 975 523 τὸν
1014 478 1166 521 αἰῶνα.

196 604 420 670 Μεγάλα,
448 607 612 675 φησὶν,
641 603 756 656 εἶναι
792 607 865 656 δεῖ
892 603 952 656 τὰ
985 605 1034 655 ἐκ
1067 602 1293 668 μεγάλων
1319 600 1708 663 ἀποτελέσματα,

78 686 196 737 5καῖ
245 685 306 736 τὰ
363 685 440 737 διὰ
494 690 577 750 τῆς
638 686 818 738 ἄνωθεν
867 685 1196 753 χορηγούμενα
1248 682 1453 751 χάριτος,
1508 683 1714 744 ὁρᾶσθαι

119 766 351 832 προσήκει
390 771 641 834 θεοπρεπῆ,
681 769 757 818 καὶ
795 770 878 831 τῆς
920 767 1044 820 θείας
1083 768 1448 832 μεγαλοδωρεᾶς
1486 763 1613 831 ἄξια.
1676 765 1713 811 εἰ

120 847 214 914 γὰρ
242 847 366 902 ὅλως
392 847 602 912 ἐποιήσω
628 847 925 914 παραδεκτὸν
951 849 999 898 ἐν
1022 848 1181 898 πίστει
1206 845 1260 896 τὸ
1288 846 1333 915 ἐξ
1362 846 1530 913 οὐρανοῦ
1565 866 1714 894 κοιτα-

120 929 301 989 βαίνειν
338 929 421 980 τὸν
462 929 611 999 ἄρτον,
656 929 902 992 ε’μποιείτω
947 933 1043 982 τοῖς
1090 927 1347 995 ἐφιεμένοις
1394 927 1578 990 διηνεκῆ
1627 925 1753 987 τὴνθ

121 1009 255 1076 ζωὴν,
283 1012 357 1062 καί
389 1011 721 1075 ἀκατάληκτον
746 1010 889 1078 ἐχέτω
925 1013 1008 1073 τῆς
1044 1008 1309 1061 ἀθανασίας
1344 1007 1432 1071 τὴν
1459 1006 1708 1071 ἐνέργειαν.

55 1116 102 1140 10
122 1092 189 1156 ε’ίη
227 1090 322 1158 γὰρ
361 1091 419 1142 ἂν
451 1091 688 1161 ἀπόδειξις
727 1093 845 1155 αὕτη
885 1089 1050 1158 σαφὴς
1089 1095 1172 1141 τοῦ
1211 1087 1325 1140 εἶναι
1364 1087 1447 1139 τὸν
1483 1089 1627 1154 ἄρτον
1662 1087 1719 1155 ἐξ

122 1174 334 1239 οὐρανοῦ,
373 1174 606 1237 τουτέστι,
647 1173 778 1240 παρὰ
824 1177 964 1224 Θεοῦ·
1023 1174 1119 1223 ἐπεὶ
1165 1173 1241 1222 καὶ
1285 1170 1478 1237 πρέπειν
1522 1170 1716 1235 ἐροῦμεν

123 1254 286 1305 αἰώνια
327 1260 393 1324 τῷ
435 1256 605 1324 αἰωνίῳ
645 1254 938 1322 χαρίζεσθαι,
981 1255 1056 1304 καὶ
1095 1251 1160 1317 μὴ
1198 1252 1494 1319 προσκαίρου
1532 1253 1716 1318 τρυφῆς

123 1334 410 1400 ἀπόλαυσιν,
456 1341 519 1390 εἰς
569 1335 832 1402 ὀλιγοστὸν
882 1337 1048 1399 κομιδῆ
1100 1333 1184 1385 τὸν
1235 1331 1398 1399 καιρὸν
1449 1335 1526 1384 καὶ
1576 1332 1717 1396 μόλις

124 1417 333 1485 ἀντέχειν
384 1418 667 1485 ἰσχύουσαν.
735 1422 963 1483 λογιεῖται
1014 1416 1108 1482 γάρ
1157 1439 1228 1469 τις
1282 1416 1365 1466 οὐκ
1425 1415 1491 1466 ε”τι
1547 1417 1717 1481 σοφῶς

58 1514 103 1553 15
125 1498 269 1565 ἄρτον
303 1498 417 1550 εἶναι
455 1499 538 1550 τὸν
570 1499 698 1566 παρὰ
739 1503 864 1550 Θεοῦ
904 1501 979 1549 καὶ
1019 1498 1212 1560 ἄνωθεν,
1248 1496 1301 1548 ὃν
1339 1496 1636 1563 βεβρωκότες
1675 1499 1718 1546 οἱ

124 1579 350 1647 πρόγονοι
389 1581 576 1651 θανάτῳ
617 1582 888 1645 νενίκηνται,
920 1582 994 1631 καὶ
1034 1578 1120 1644 τὴν
1153 1578 1247 1630 ἀπὸ
1286 1581 1369 1642 τῆς
1408 1583 1590 1647 φθορᾶς
1633 1579 1717 1628 οὐκ

125 1663 484 1728 ἀπεκρούσαντο
528 1662 738 1726 βλάβην,
784 1664 860 1712 καὶ
903 1659 1184 1724 θαυμαστὸν
1229 1661 1377 1711 οὐδέν·
1436 1660 1576 1725 ἄρτος
1622 1658 1756 1725 γάριι
1792 1677 1874 1711 372
1889 1676 1941 1710 A.

126 1743 485 1810 ἀπαθανατίζειν
534 1744 728 1811 ἰσχύων,
781 1745 949 1797 ἐκεῖνος
1003 1744 1084 1793 οὐκ
1133 1741 1206 1806 ῆν.
1288 1743 1455 1792 οὐκοῦν
1507 1741 1611 1791 οὐδὲ
1663 1742 1720 1809 ἐξ

127 1826 326 1891 οὐρανοῦ
362 1826 546 1879 δικαίως
583 1824 642 1875 ἀν
669 1824 759 1876 ὑπό
794 1847 877 1876 του
914 1829 1065 1876 νοοῖτο
1093 1825 1168 1874 καὶ
1195 1824 1399 1889 λέγοιτο.
1456 1822 1512 1887 ἦν
1538 1822 1632 1889 γὰρ
1658 1822 1715 1886 δὴ

58 1930 106 1955 20
127 1909 202 1958 καὶ
229 1907 368 1973 ἔργον
391 1910 458 1975 τῷ
491 1909 663 1957 ἐκεῖθεν
689 1905 1035 1976 καθικνουμένῳ
1066 1906 1261 1973 πρέπον,
1290 1907 1365 1955 καὶ
1402 1905 1606 1955 θανάτου
1642 1907 1717 1955 καὶ

127 1992 311 2055 φθορᾶς
349 1988 565 2052 ἀμείνους
599 1990 848 2039 ἀποτελεῖν
881 1986 990 2041 τοὺς
1022 1988 1303 2055 μετέχοντας
1338 1987 1496 2037 αὐτοῦ.
1561 1988 1711 2048 ἀναμ-

126 2070 318 2140 φιλόγῳ
376 2069 425 2121 δὲ
479 2069 630 2121 πάλιν
681 2069 918 2138 ἀποδείξει
980 2068 1378 2132 βεβαιωθήσεται,
1430 2067 1552 2137 ἄρτον
1603 2066 1717 2118 εἶναι

126 2158 293 2203 τοῦτον
335 2152 380 2221 ἐξ
424 2153 603 2221 οὐρανοῦ,
646 2149 729 2202 τὸν
770 2150 847 2202 διὰ
889 2155 1107 2217 Χριστοῦ
1149 2149 1347 2214 δηλαδὴ,
1390 2149 1619 2211 τουτέστι,
1662 2148 1716 2199 τὸ

127 2238 272 2297 σῶμα
306 2234 464 2284 αὐτοῦ.
520 2233 606 2298 ζῆν
638 2232 731 2298 γὰρ
767 2236 829 2287 εἰς
862 2236 1007 2283 αἰῶνα
1041 2237 1167 2284 ποιεῖ
1195 2231 1278 2283 τὸν
1305 2230 1710 2295 ἀπογευσάμενον.
1735 2240 1761 2279 b

60 2336 108 2375 25
128 2313 254 2366 πολὺ
280 2313 327 2366 δὲ
354 2314 410 2378 δή
437 2337 481 2365 τι
508 2312 561 2364 τὸ
588 2312 870 2382 ἀξιόπιστον
896 2317 979 2378 τῆς
1004 2315 1128 2367 θείας
1160 2313 1350 2381 φύσεως
1383 2315 1468 2363 κάν
1494 2312 1716 2364 τοιούτοις

129 2397 307 2461 ὁρᾶται,
334 2394 465 2446 οὐδὲν
492 2395 721 2463 ἀξιούσης
747 2394 1019 2462 χαρίζεσθαι
1045 2394 1227 2461 μικρὸν,
1253 2393 1410 2446 πάντα
1444 2393 1492 2443 δὲ
1526 2398 1718 2456 μᾶλλον

130 2479 359 2545 ὑπερφυῆ,
387 2480 425 2527 εἰ
450 2478 525 2527 καὶ
557 2475 641 2540 τὴν
665 2477 892 2543 ἡμετέραν
919 2476 1125 2528 διάνοιαν
1153 2476 1518 2542 ὑπερτέλλοντα,
1547 2478 1607 2528 ὡς
1642 2475 1718 2525 διὰ

130 2559 184 2610 τὸ
235 2558 430 2624 μέγεθος
474 2558 562 2622 ἤδη
608 2560 690 2622 τῆς
741 2557 930 2626 χάριτος
976 2560 1051 2609 καὶ
1099 2560 1406 2609 ἀπιστεῖσθαι
1450 2556 1579 2623 παρὰ
1623 2560 1717 2607 τῶν

182 2746 212 2769 1.
239 2734 277 2777 ἐξ
298 2733 339 2768 Β.
357 2733 392 2767 ἐκ
410 2735 470 2768 τοῦ
489 2733 554 2767 Ed.
677 2745 709 2768 2.
734 2749 798 2778 μου
817 2739 1040 2779 assumptum
1058 2745 1099 2767 ex
1120 2733 1161 2766 Β.
1181 2732 1237 2776 (Γ)
1362 2742 1413 2765 12.
1441 2731 1652 2776 χαρίσασθαι
1673 2731 1715 2765 Β.

131 2781 344 2826 προσκαίρου
363 2780 455 2814 B.D.
473 2786 506 2813 et
524 2781 573 2814 Sic
591 2780 737 2826 conjecit
755 2781 823 2815 Ed.
841 2793 914 2826 mg.
932 2782 998 2825 πρὸ
1017 2783 1134 2824 καιροῦ
1152 2779 1219 2813 Ed.
1283 2778 1408 2812 Statim
1426 2780 1558 2824 τρυφῆς
1578 2778 1618 2812 ss.
1637 2793 1714 2823 τρο-

132 2829 202 2873 φῆς
220 2827 287 2861 Ed.
410 2837 463 2871 13.
490 2826 676 2871 ὀλιγοστὸν
696 2826 735 2861 Β.
755 2827 935 2872 ὀλιγιστὸν
954 2826 1020 2860 Ed.
1146 2835 1198 2869 15.
1225 2825 1282 2858 τὸν
1299 2836 1369 2858 om.
1390 2825 1432 2859 B.
1556 2834 1606 2868 17.
1633 2825 1715 2858 ἄπε-

132 2873 321 2918 κρούσιιντο
340 2872 433 2907 B.D.
451 2872 683 2917 ἀπεκρούσατε
703 2873 769 2907 Ed.
907 2874 959 2907 18.
987 2872 1241 2913 (ἷποθανατίζειν
1261 2871 1301 2904 Β.
1444 2880 1497 2916 25.
1525 2870 1563 2915 δή
1582 2883 1651 2905 om.
1673 2871 1715 2905 Β.

135 2921 260 2955 Statim
279 2934 328 2955 τις
348 2919 483 2964 Migne.
557 2918 720 2955 τοιούτοις
740 2920 781 2954 Β.
800 2919 932 2954 τούτοις
951 2919 1017 2953 Ed.
1164 2929 1218 2963 27.
1245 2918 1273 2950 εἷ
1291 2929 1359 2952 om.
1381 2917 1422 2951 B.

189 2987 281 3015 VOL.
306 2987 335 3015 1.
894 2986 920 3024 4
942 2987 968 3012 A
