<?xml version="1.0" encoding="UTF-8"?>
<!DOCTYPE html PUBLIC "-//W3C//DTD XHTML 1.0 Transitional//EN"
    "http://www.w3.org/TR/xhtml1/DTD/xhtml1-transitional.dtd">
<html xmlns="http://www.w3.org/1999/xhtml" xml:lang="en" lang="en">
 <head>
  <title>
</title>
<meta http-equiv="Content-Type" content="text/html;charset=utf-8" />
  <meta name='ocr-system' content='tesseract 3.04.00' />
  <meta name='ocr-capabilities' content='ocr_page ocr_carea ocr_par ocr_line ocrx_word'/>
</head>
<body>
  <div class='ocr_page' id='page_1' title='image "./operacyrilli03cyriuoft_0583.png"; bbox 0 0 2084 3317; ppageno 0'>
   <div class='ocr_carea' id='block_1_1' title="bbox 144 133 1735 191">
    <p class='ocr_par' dir='ltr' id='par_1_1' title="bbox 144 133 1735 191">
     <span class='ocr_line' id='line_1_1' title="bbox 144 133 1735 191; baseline -0.004 -11"><span class='ocrx_word' id='word_1_1' title='bbox 144 139 199 180; x_wconf 86' lang='lat' dir='ltr'>vi.</span> <span class='ocrx_word' id='word_1_2' title='bbox 217 152 286 191; x_wconf 84' lang='lat'>40.</span> <span class='ocrx_word' id='word_1_3' title='bbox 390 138 463 179; x_wconf 93' lang='lat' dir='ltr'>IN</span> <span class='ocrx_word' id='word_1_4' title='bbox 505 138 548 178; x_wconf 84' lang='lat' dir='ltr'>S.</span> <span class='ocrx_word' id='word_1_5' title='bbox 581 134 916 178; x_wconf 84' lang='lat' dir='ltr'><strong>JOANNEM.</strong></span> <span class='ocrx_word' id='word_1_6' title='bbox 979 134 1104 174; x_wconf 87' lang='lat' dir='ltr'>LIB.</span> <span class='ocrx_word' id='word_1_7' title='bbox 1138 133 1217 174; x_wconf 85' lang='lat' dir='ltr'>IV.</span> <span class='ocrx_word' id='word_1_8' title='bbox 1280 133 1415 174; x_wconf 89' lang='lat' dir='ltr'>CAP.</span> <span class='ocrx_word' id='word_1_9' title='bbox 1449 133 1485 174; x_wconf 92' lang='grc' dir='ltr'>Ι.</span> <span class='ocrx_word' id='word_1_10' title='bbox 1650 134 1735 173; x_wconf 77' lang='lat'>499</span> 
     </span>
    </p>
   </div>
   <div class='ocr_carea' id='block_1_2' title="bbox 142 238 1735 557">
    <p class='ocr_par' dir='ltr' id='par_1_2' title="bbox 142 238 1735 557">
     <span class='ocr_line' id='line_1_2' title="bbox 145 238 1728 313; baseline -0.005 -15"><span class='ocrx_word' id='word_1_11' title='bbox 145 248 308 313; x_wconf 71' lang='grc' dir='ltr'>ἑτερως</span> <span class='ocrx_word' id='word_1_12' title='bbox 348 245 692 313; x_wconf 78' lang='grc' dir='ltr'>φιλάνθρωπον</span> <span class='ocrx_word' id='word_1_13' title='bbox 720 244 835 296; x_wconf 79' lang='grc' dir='ltr'>εἶναι</span> <span class='ocrx_word' id='word_1_14' title='bbox 871 242 1276 305; x_wconf 76' lang='grc' dir='ltr'>διαβεβαιούμενοι</span> <span class='ocrx_word' id='word_1_15' title='bbox 1309 240 1391 292; x_wconf 80' lang='grc' dir='ltr'>τὸν</span> <span class='ocrx_word' id='word_1_16' title='bbox 1417 238 1565 300; x_wconf 77' lang='grc' dir='ltr'>Υὶόνς</span> <span class='ocrx_word' id='word_1_17' title='bbox 1605 263 1728 291; x_wconf 89' lang='grc' dir='ltr'>παυ-</span> 
     </span>
     <span class='ocr_line' id='line_1_3' title="bbox 143 322 1735 395; baseline -0.004 -17"><span class='ocrx_word' id='word_1_18' title='bbox 143 328 269 380; x_wconf 85' lang='grc' dir='ltr'>έσθω</span> <span class='ocrx_word' id='word_1_19' title='bbox 304 329 460 379; x_wconf 86' lang='grc' dir='ltr'>τοίνυν</span> <span class='ocrx_word' id='word_1_20' title='bbox 487 329 512 378; x_wconf 83' lang='grc' dir='ltr'>ὁ</span> <span class='ocrx_word' id='word_1_21' title='bbox 544 326 881 395; x_wconf 82' lang='grc' dir='ltr'>χριστομάχος,</span> <span class='ocrx_word' id='word_1_22' title='bbox 907 323 1206 393; x_wconf 83' lang='grc' dir='ltr'>πανταχόθεν</span> <span class='ocrx_word' id='word_1_23' title='bbox 1232 325 1358 392; x_wconf 75' lang='grc' dir='ltr'>αὐτῷ</span> <span class='ocrx_word' id='word_1_24' title='bbox 1391 322 1510 389; x_wconf 81' lang='grc' dir='ltr'>πρὸς</span> <span class='ocrx_word' id='word_1_25' title='bbox 1545 324 1735 390; x_wconf 86' lang='grc' dir='ltr'>δυσφη-</span> 
     </span>
     <span class='ocr_line' id='line_1_4' title="bbox 143 404 1734 476; baseline -0.003 -15"><span class='ocrx_word' id='word_1_26' title='bbox 143 411 255 474; x_wconf 83' lang='grc' dir='ltr'>μίαν</span> <span class='ocrx_word' id='word_1_27' title='bbox 297 409 700 476; x_wconf 78' lang='grc' dir='ltr'>κατηγορουμένου</span> <span class='ocrx_word' id='word_1_28' title='bbox 744 415 827 460; x_wconf 91' lang='grc' dir='ltr'>τοῦ</span> <span class='ocrx_word' id='word_1_29' title='bbox 871 406 1231 474; x_wconf 78' lang='grc' dir='ltr'>προβλήματος,</span> <span class='ocrx_word' id='word_1_30' title='bbox 1272 408 1347 456; x_wconf 85' lang='grc' dir='ltr'>καὶ</span> <span class='ocrx_word' id='word_1_31' title='bbox 1387 409 1567 471; x_wconf 78' lang='grc' dir='ltr'>πικροῖς</span> <span class='ocrx_word' id='word_1_32' title='bbox 1614 404 1734 468; x_wconf 81' lang='grc' dir='ltr'>ἡμᾶς</span> 
     </span>
     <span class='ocr_line' id='line_1_5' title="bbox 142 490 1125 557; baseline -0.001 -16"><span class='ocrx_word' id='word_1_33' title='bbox 142 494 246 557; x_wconf 82' lang='grc' dir='ltr'>περὶ</span> <span class='ocrx_word' id='word_1_34' title='bbox 277 492 457 543; x_wconf 85' lang='grc' dir='ltr'>τούτων</span> <span class='ocrx_word' id='word_1_35' title='bbox 481 491 545 556; x_wconf 88' lang='grc' dir='ltr'>μὴ</span> <span class='ocrx_word' id='word_1_36' title='bbox 574 490 922 543; x_wconf 84' lang='grc' dir='ltr'>καθυλακτείτω</span> <span class='ocrx_word' id='word_1_37' title='bbox 949 490 1125 557; x_wconf 79' lang='grc' dir='ltr'>λόγοις.</span> 
     </span>
    </p>
   </div>
   <div class='ocr_carea' id='block_1_3' title="bbox 100 630 1805 775">
    <p class='ocr_par' dir='ltr' id='par_1_3' title="bbox 100 630 1805 775">
     <span class='ocr_line' id='line_1_6' title="bbox 100 630 1805 694; baseline -0.005 -14"><span class='ocrx_word' id='word_1_38' title='bbox 100 641 122 680; x_wconf 90' lang='grc'>5</span> <span class='ocrx_word' id='word_1_39' title='bbox 144 635 284 677; x_wconf 84' lang='grc' dir='ltr'>Τοῦτο</span> <span class='ocrx_word' id='word_1_40' title='bbox 323 637 400 694; x_wconf 81' lang='grc' dir='ltr'>Γάρ</span> <span class='ocrx_word' id='word_1_41' title='bbox 438 636 527 679; x_wconf 75' lang='grc' dir='ltr'>ἐστι</span> <span class='ocrx_word' id='word_1_42' title='bbox 560 637 610 679; x_wconf 85' lang='grc' dir='ltr'>τὸ</span> <span class='ocrx_word' id='word_1_43' title='bbox 649 637 814 685; x_wconf 74' lang='grc' dir='ltr'>θελΗμα</span> <span class='ocrx_word' id='word_1_44' title='bbox 848 639 923 677; x_wconf 81' lang='grc' dir='ltr'>τοῦ</span> <span class='ocrx_word' id='word_1_45' title='bbox 949 635 1121 692; x_wconf 67' lang='grc' dir='ltr'>Πατρός</span> <span class='ocrx_word' id='word_1_46' title='bbox 1155 648 1250 685; x_wconf 82' lang='grc' dir='ltr'>μου,</span> <span class='ocrx_word' id='word_1_47' title='bbox 1277 633 1346 674; x_wconf 84' lang='grc' dir='ltr'>ἵνα</span> <span class='ocrx_word' id='word_1_48' title='bbox 1379 635 1464 674; x_wconf 69' lang='grc' dir='ltr'>Πᾶς</span> <span class='ocrx_word' id='word_1_49' title='bbox 1495 632 1518 674; x_wconf 85' lang='grc' dir='ltr'>ὁ</span> <span class='ocrx_word' id='word_1_50' title='bbox 1553 630 1732 688; x_wconf 81' lang='grc' dir='ltr'>Θεωρῶν</span> <span class='ocrx_word' id='word_1_51' title='bbox 1755 642 1805 677; x_wconf 90' lang='lat'>40</span> 
     </span>
     <span class='ocr_line' id='line_1_7' title="bbox 211 710 1780 775; baseline -0.004 -14"><span class='ocrx_word' id='word_1_52' title='bbox 211 719 283 762; x_wconf 87' lang='grc' dir='ltr'>τὸν</span> <span class='ocrx_word' id='word_1_53' title='bbox 325 717 425 761; x_wconf 82' lang='grc' dir='ltr'>Υἷὸν</span> <span class='ocrx_word' id='word_1_54' title='bbox 475 720 543 761; x_wconf 76' lang='grc' dir='ltr'>καὶ</span> <span class='ocrx_word' id='word_1_55' title='bbox 592 721 805 762; x_wconf 79' lang='grc' dir='ltr'>Πιστεύων</span> <span class='ocrx_word' id='word_1_56' title='bbox 855 717 915 760; x_wconf 69' lang='grc' dir='ltr'>εἰς</span> <span class='ocrx_word' id='word_1_57' title='bbox 965 718 1094 760; x_wconf 84' lang='grc' dir='ltr'>αὐτὸν</span> <span class='ocrx_word' id='word_1_58' title='bbox 1143 717 1217 775; x_wconf 76' lang='grc' dir='ltr'>ἕχῌ</span> <span class='ocrx_word' id='word_1_59' title='bbox 1265 715 1375 775; x_wconf 59' lang='grc' dir='ltr'>ζωὴν</span> <span class='ocrx_word' id='word_1_60' title='bbox 1425 713 1616 767; x_wconf 81' lang='grc' dir='ltr'>αἰώνιον,</span> <span class='ocrx_word' id='word_1_61' title='bbox 1665 710 1780 756; x_wconf 62' lang='grc' dir='ltr'>καὶὶ)</span> 
     </span>
    </p>
   </div>
   <div class='ocr_carea' id='block_1_4' title="bbox 212 802 1210 862">
    <p class='ocr_par' dir='ltr' id='par_1_4' title="bbox 212 802 1210 862">
     <span class='ocr_line' id='line_1_8' title="bbox 212 802 1210 862; baseline -0.002 -18"><span class='ocrx_word' id='word_1_62' title='bbox 212 802 443 845; x_wconf 67' lang='grc' dir='ltr'>ἀναστήσω</span> <span class='ocrx_word' id='word_1_63' title='bbox 480 802 610 846; x_wconf 82' lang='grc' dir='ltr'>αὐτὸν</span> <span class='ocrx_word' id='word_1_64' title='bbox 648 803 734 851; x_wconf 81' lang='grc' dir='ltr'>ὲΓὼ</span> <span class='ocrx_word' id='word_1_65' title='bbox 770 806 821 862; x_wconf 65' lang='grc' dir='ltr'>τῷ</span> <span class='ocrx_word' id='word_1_66' title='bbox 860 802 1018 860; x_wconf 70' lang='grc' dir='ltr'>ὲσχάτῌ</span> <span class='ocrx_word' id='word_1_67' title='bbox 1057 802 1210 859; x_wconf 66' lang='grc' dir='ltr'>ἡμέρᾳ.</span> 
     </span>
    </p>
   </div>
   <div class='ocr_carea' id='block_1_5' title="bbox 73 906 1781 2631">
    <p class='ocr_par' dir='ltr' id='par_1_5' title="bbox 73 906 1781 2631">
     <span class='ocr_line' id='line_1_9' title="bbox 217 906 1732 979; baseline -0.003 -17"><span class='ocrx_word' id='word_1_68' title='bbox 217 912 534 979; x_wconf 83' lang='grc' dir='ltr'>Ὁρισάμενος</span> <span class='ocrx_word' id='word_1_69' title='bbox 559 913 647 977; x_wconf 69' lang='grc' dir='ltr'>ἤδη</span> <span class='ocrx_word' id='word_1_70' title='bbox 674 912 728 964; x_wconf 83' lang='grc' dir='ltr'>τὸ</span> <span class='ocrx_word' id='word_1_71' title='bbox 755 911 938 979; x_wconf 81' lang='grc' dir='ltr'>ἀγαθὸν</span> <span class='ocrx_word' id='word_1_72' title='bbox 963 911 1147 976; x_wconf 84' lang='grc' dir='ltr'>θέλημα</span> <span class='ocrx_word' id='word_1_73' title='bbox 1178 915 1261 960; x_wconf 88' lang='grc' dir='ltr'>τοῦ</span> <span class='ocrx_word' id='word_1_74' title='bbox 1290 906 1495 974; x_wconf 70' lang='grc' dir='ltr'>Πατρός,</span> <span class='ocrx_word' id='word_1_75' title='bbox 1524 909 1732 958; x_wconf 85' lang='grc' dir='ltr'>ἀπολευ-</span> 
     </span>
     <span class='ocr_line' id='line_1_10' title="bbox 143 992 1737 1061; baseline -0.003 -17"><span class='ocrx_word' id='word_1_76' title='bbox 143 994 286 1045; x_wconf 85' lang='grc' dir='ltr'>καίνει</span> <span class='ocrx_word' id='word_1_77' title='bbox 312 994 460 1046; x_wconf 82' lang='grc' dir='ltr'>πάλιν</span> <span class='ocrx_word' id='word_1_78' title='bbox 487 994 614 1058; x_wconf 82' lang='grc' dir='ltr'>αὐτὸ,</span> <span class='ocrx_word' id='word_1_79' title='bbox 643 997 719 1046; x_wconf 80' lang='grc' dir='ltr'>καὶ</span> <span class='ocrx_word' id='word_1_80' title='bbox 744 994 1042 1061; x_wconf 82' lang='grc' dir='ltr'>πλατύτερον</span> <span class='ocrx_word' id='word_1_81' title='bbox 1069 997 1130 1047; x_wconf 82' lang='grc' dir='ltr'>εἷς</span> <span class='ocrx_word' id='word_1_82' title='bbox 1156 993 1411 1060; x_wconf 79' lang='grc' dir='ltr'>ἐπίσκεψιν</span> <span class='ocrx_word' id='word_1_83' title='bbox 1435 994 1533 1044; x_wconf 90' lang='grc' dir='ltr'>τοῖς</span> <span class='ocrx_word' id='word_1_84' title='bbox 1558 992 1737 1056; x_wconf 88' lang='grc' dir='ltr'>ἀκροω-</span> 
     </span>
     <span class='ocr_line' id='line_1_11' title="bbox 76 1070 1736 1144; baseline -0.006 -13"><span class='ocrx_word' id='word_1_85' title='bbox 76 1106 125 1132; x_wconf 93' lang='lat'>10</span> <span class='ocrx_word' id='word_1_86' title='bbox 143 1075 295 1141; x_wconf 79' lang='grc' dir='ltr'>μένοις</span> <span class='ocrx_word' id='word_1_87' title='bbox 330 1077 599 1144; x_wconf 80' lang='grc' dir='ltr'>προτίθησι,</span> <span class='ocrx_word' id='word_1_88' title='bbox 632 1075 709 1128; x_wconf 77' lang='grc' dir='ltr'>διὰ</span> <span class='ocrx_word' id='word_1_89' title='bbox 746 1082 829 1128; x_wconf 91' lang='grc' dir='ltr'>τοῦ</span> <span class='ocrx_word' id='word_1_90' title='bbox 869 1079 944 1128; x_wconf 82' lang='grc' dir='ltr'>καὶ</span> <span class='ocrx_word' id='word_1_91' title='bbox 982 1078 1173 1128; x_wconf 80' lang='grc' dir='ltr'>ἐσαῦθις</span> <span class='ocrx_word' id='word_1_92' title='bbox 1211 1076 1485 1134; x_wconf 83' lang='grc' dir='ltr'>ἀναλαβεῖν.</span> <span class='ocrx_word' id='word_1_93' title='bbox 1538 1071 1606 1126; x_wconf 86' lang='grc' dir='ltr'>τίς</span> <span class='ocrx_word' id='word_1_94' title='bbox 1641 1070 1736 1138; x_wconf 84' lang='grc' dir='ltr'>γὰρ</span> 
     </span>
     <span class='ocr_line' id='line_1_12' title="bbox 141 1153 1736 1226; baseline -0.004 -16"><span class='ocrx_word' id='word_1_95' title='bbox 141 1158 202 1210; x_wconf 77' lang='grc' dir='ltr'>ἂν</span> <span class='ocrx_word' id='word_1_96' title='bbox 241 1159 423 1226; x_wconf 91' lang='grc' dir='ltr'>γένοιτο</span> <span class='ocrx_word' id='word_1_97' title='bbox 468 1163 550 1224; x_wconf 82' lang='grc' dir='ltr'>τῆς</span> <span class='ocrx_word' id='word_1_98' title='bbox 590 1161 915 1226; x_wconf 79' lang='grc' dir='ltr'>προσαγωγῆς</span> <span class='ocrx_word' id='word_1_99' title='bbox 957 1160 982 1209; x_wconf 82' lang='grc' dir='ltr'>ὁ</span> <span class='ocrx_word' id='word_1_100' title='bbox 1022 1156 1210 1224; x_wconf 83' lang='grc' dir='ltr'>τρόπος,</span> <span class='ocrx_word' id='word_1_101' title='bbox 1254 1157 1331 1206; x_wconf 84' lang='grc' dir='ltr'>καὶ</span> <span class='ocrx_word' id='word_1_102' title='bbox 1373 1154 1422 1205; x_wconf 86' lang='grc' dir='ltr'>τί</span> <span class='ocrx_word' id='word_1_103' title='bbox 1461 1153 1515 1205; x_wconf 80' lang='grc' dir='ltr'>τὸ</span> <span class='ocrx_word' id='word_1_104' title='bbox 1559 1155 1608 1204; x_wconf 85' lang='grc' dir='ltr'>ἐκ</span> <span class='ocrx_word' id='word_1_105' title='bbox 1653 1158 1736 1204; x_wconf 90' lang='grc' dir='ltr'>τοῦ</span> 
     </span>
     <span class='ocr_line' id='line_1_13' title="bbox 142 1236 1737 1310; baseline -0.004 -17"><span class='ocrx_word' id='word_1_106' title='bbox 142 1244 419 1309; x_wconf 85' lang='grc' dir='ltr'>προσῆχθαι</span> <span class='ocrx_word' id='word_1_107' title='bbox 467 1242 752 1308; x_wconf 84' lang='grc' dir='ltr'>κερδανοῦσί</span> <span class='ocrx_word' id='word_1_108' title='bbox 791 1264 924 1304; x_wconf 82' lang='grc' dir='ltr'>τινες,</span> <span class='ocrx_word' id='word_1_109' title='bbox 970 1241 1205 1310; x_wconf 75' lang='grc' dir='ltr'>ἐξηγεῖται</span> <span class='ocrx_word' id='word_1_110' title='bbox 1250 1241 1498 1304; x_wconf 81' lang='grc' dir='ltr'>λαμπρῶς.</span> <span class='ocrx_word' id='word_1_111' title='bbox 1570 1236 1737 1287; x_wconf 84' lang='grc' dir='ltr'>δίδωσι</span> 
     </span>
     <span class='ocr_line' id='line_1_14' title="bbox 143 1320 1731 1394; baseline -0.003 -20"><span class='ocrx_word' id='word_1_112' title='bbox 143 1323 300 1375; x_wconf 85' lang='grc' dir='ltr'>τοίνυν</span> <span class='ocrx_word' id='word_1_113' title='bbox 327 1325 351 1374; x_wconf 81' lang='grc' dir='ltr'>ὁ</span> <span class='ocrx_word' id='word_1_114' title='bbox 381 1324 551 1391; x_wconf 86' lang='grc' dir='ltr'>Πατὴρ</span> <span class='ocrx_word' id='word_1_115' title='bbox 577 1329 643 1394; x_wconf 72' lang='grc' dir='ltr'>τῷ</span> <span class='ocrx_word' id='word_1_116' title='bbox 667 1327 770 1394; x_wconf 72' lang='grc' dir='ltr'>Υἱῲ</span> <span class='ocrx_word' id='word_1_117' title='bbox 796 1323 1034 1390; x_wconf 75' lang='grc' dir='ltr'>ζωοποιεῖν</span> <span class='ocrx_word' id='word_1_118' title='bbox 1061 1321 1276 1390; x_wconf 74' lang='grc' dir='ltr'>ἰσχύοντι</span> <span class='ocrx_word' id='word_1_119' title='bbox 1309 1320 1369 1372; x_wconf 81' lang='grc' dir='ltr'>τὰ</span> <span class='ocrx_word' id='word_1_120' title='bbox 1403 1320 1520 1387; x_wconf 75' lang='grc' dir='ltr'>ζωῆς</span> <span class='ocrx_word' id='word_1_121' title='bbox 1557 1320 1731 1370; x_wconf 83' lang='grc' dir='ltr'>ἐπιδεᾶ·</span> 
     </span>
     <span class='ocr_line' id='line_1_15' title="bbox 145 1401 1775 1472; baseline -0.004 -15"><span class='ocrx_word' id='word_1_122' title='bbox 145 1406 311 1457; x_wconf 85' lang='grc' dir='ltr'>δίδωσι</span> <span class='ocrx_word' id='word_1_123' title='bbox 347 1406 396 1458; x_wconf 80' lang='grc' dir='ltr'>δὲ</span> <span class='ocrx_word' id='word_1_124' title='bbox 432 1408 592 1471; x_wconf 80' lang='grc' dir='ltr'>οὕτως,</span> <span class='ocrx_word' id='word_1_125' title='bbox 621 1410 683 1462; x_wconf 89' lang='grc' dir='ltr'>ὡς</span> <span class='ocrx_word' id='word_1_126' title='bbox 718 1406 794 1459; x_wconf 80' lang='grc' dir='ltr'>διὰ</span> <span class='ocrx_word' id='word_1_127' title='bbox 827 1406 1050 1472; x_wconf 84' lang='grc' dir='ltr'>γνώσεως</span> <span class='ocrx_word' id='word_1_128' title='bbox 1085 1407 1275 1459; x_wconf 85' lang='grc' dir='ltr'>ἐντιθεὶς</span> <span class='ocrx_word' id='word_1_129' title='bbox 1300 1401 1487 1472; x_wconf 73' lang='grc' dir='ltr'>ἑκάστω</span> <span class='ocrx_word' id='word_1_130' title='bbox 1515 1401 1734 1466; x_wconf 88' lang='grc' dir='ltr'>δηλονότι</span> <span class='ocrx_word' id='word_1_131' title='bbox 1753 1424 1775 1450; x_wconf 86' lang='lat' dir='ltr'><strong>e</strong></span> 
     </span>
     <span class='ocr_line' id='line_1_16' title="bbox 78 1485 1735 1560; baseline -0.002 -20"><span class='ocrx_word' id='word_1_132' title='bbox 78 1513 124 1553; x_wconf 86' lang='grc'>15</span> <span class='ocrx_word' id='word_1_133' title='bbox 143 1487 230 1554; x_wconf 86' lang='grc' dir='ltr'>τὴν</span> <span class='ocrx_word' id='word_1_134' title='bbox 267 1490 341 1558; x_wconf 85' lang='grc' dir='ltr'>ἐφ’</span> <span class='ocrx_word' id='word_1_135' title='bbox 381 1494 484 1560; x_wconf 73' lang='grc' dir='ltr'>Υἱῴ</span> <span class='ocrx_word' id='word_1_136' title='bbox 522 1489 798 1559; x_wconf 74' lang='grc' dir='ltr'>κατάληψιν</span> <span class='ocrx_word' id='word_1_137' title='bbox 837 1491 1007 1554; x_wconf 83' lang='grc' dir='ltr'>ἀληθῆ,</span> <span class='ocrx_word' id='word_1_138' title='bbox 1048 1491 1123 1540; x_wconf 79' lang='grc' dir='ltr'>καὶ</span> <span class='ocrx_word' id='word_1_139' title='bbox 1162 1487 1215 1539; x_wconf 85' lang='grc' dir='ltr'>τὸ</span> <span class='ocrx_word' id='word_1_140' title='bbox 1255 1485 1489 1538; x_wconf 85' lang='grc' dir='ltr'>δύνασθαι</span> <span class='ocrx_word' id='word_1_141' title='bbox 1527 1488 1735 1537; x_wconf 85' lang='grc' dir='ltr'>συνιέναι</span> 
     </span>
     <span class='ocr_line' id='line_1_17' title="bbox 143 1568 1732 1640; baseline -0.001 -18"><span class='ocrx_word' id='word_1_142' title='bbox 143 1576 360 1639; x_wconf 81' lang='grc' dir='ltr'>καθαρῶς</span> <span class='ocrx_word' id='word_1_143' title='bbox 403 1572 564 1640; x_wconf 78' lang='grc' dir='ltr'>ὅτιπερ</span> <span class='ocrx_word' id='word_1_144' title='bbox 608 1573 676 1637; x_wconf 77' lang='grc' dir='ltr'>ε’ίη</span> <span class='ocrx_word' id='word_1_145' title='bbox 723 1570 844 1627; x_wconf 73' lang='grc' dir='ltr'>Θεὸς</span> <span class='ocrx_word' id='word_1_146' title='bbox 887 1574 937 1623; x_wconf 86' lang='grc' dir='ltr'>ἐκ</span> <span class='ocrx_word' id='word_1_147' title='bbox 985 1575 1111 1623; x_wconf 77' lang='grc' dir='ltr'>Θεοῦ</span> <span class='ocrx_word' id='word_1_148' title='bbox 1158 1568 1350 1636; x_wconf 77' lang='grc' dir='ltr'>Πατρὸς</span> <span class='ocrx_word' id='word_1_149' title='bbox 1391 1571 1636 1633; x_wconf 85' lang='grc' dir='ltr'>ἀληθινοῦ,</span> <span class='ocrx_word' id='word_1_150' title='bbox 1678 1569 1732 1620; x_wconf 80' lang='grc' dir='ltr'>ἵν’</span> 
     </span>
     <span class='ocr_line' id='line_1_18' title="bbox 144 1651 1732 1724; baseline -0.003 -19"><span class='ocrx_word' id='word_1_151' title='bbox 144 1656 290 1709; x_wconf 79' lang='grc' dir='ltr'>οὕτως</span> <span class='ocrx_word' id='word_1_152' title='bbox 317 1657 552 1718; x_wconf 75' lang='grc' dir='ltr'>διατεθεὶς,</span> <span class='ocrx_word' id='word_1_153' title='bbox 580 1658 655 1707; x_wconf 83' lang='grc' dir='ltr'>καὶ</span> <span class='ocrx_word' id='word_1_154' title='bbox 682 1661 782 1709; x_wconf 87' lang='grc' dir='ltr'>ταῖς</span> <span class='ocrx_word' id='word_1_155' title='bbox 807 1656 876 1707; x_wconf 90' lang='grc' dir='ltr'>ἐπ’</span> <span class='ocrx_word' id='word_1_156' title='bbox 906 1656 1032 1724; x_wconf 71' lang='grc' dir='ltr'>αὐτῷ</span> <span class='ocrx_word' id='word_1_157' title='bbox 1058 1655 1268 1721; x_wconf 88' lang='grc' dir='ltr'>θεωρίαις</span> <span class='ocrx_word' id='word_1_158' title='bbox 1300 1651 1732 1719; x_wconf 83' lang='grc' dir='ltr'>κατηγλαϊσμένος,</span> 
     </span>
     <span class='ocr_line' id='line_1_19' title="bbox 144 1733 1737 1806; baseline -0.003 -18"><span class='ocrx_word' id='word_1_159' title='bbox 144 1739 218 1789; x_wconf 82' lang='grc' dir='ltr'>ἐπὶ</span> <span class='ocrx_word' id='word_1_160' title='bbox 267 1737 321 1789; x_wconf 82' lang='grc' dir='ltr'>τὸ</span> <span class='ocrx_word' id='word_1_161' title='bbox 371 1740 421 1790; x_wconf 86' lang='grc' dir='ltr'>ἐκ</span> <span class='ocrx_word' id='word_1_162' title='bbox 469 1741 554 1803; x_wconf 81' lang='grc' dir='ltr'>τῆς</span> <span class='ocrx_word' id='word_1_163' title='bbox 603 1738 810 1791; x_wconf 86' lang='grc' dir='ltr'>πίστεως</span> <span class='ocrx_word' id='word_1_164' title='bbox 861 1735 1141 1806; x_wconf 77' lang='grc' dir='ltr'>ἀναφέροιτο</span> <span class='ocrx_word' id='word_1_165' title='bbox 1189 1736 1342 1803; x_wconf 84' lang='grc' dir='ltr'>γέρας,</span> <span class='ocrx_word' id='word_1_166' title='bbox 1389 1734 1606 1786; x_wconf 78' lang='grc' dir='ltr'>τουτέστι</span> <span class='ocrx_word' id='word_1_167' title='bbox 1649 1733 1737 1798; x_wconf 85' lang='grc' dir='ltr'>τὴν</span> 
     </span>
     <span class='ocr_line' id='line_1_20' title="bbox 142 1816 1732 1888; baseline -0.004 -15"><span class='ocrx_word' id='word_1_168' title='bbox 142 1822 419 1888; x_wconf 83' lang='grc' dir='ltr'>μακραίωνα</span> <span class='ocrx_word' id='word_1_169' title='bbox 463 1820 596 1888; x_wconf 72' lang='grc' dir='ltr'>ζωὴν,</span> <span class='ocrx_word' id='word_1_170' title='bbox 640 1823 717 1871; x_wconf 82' lang='grc' dir='ltr'>καὶ</span> <span class='ocrx_word' id='word_1_171' title='bbox 759 1819 842 1871; x_wconf 82' lang='grc' dir='ltr'>τὸν</span> <span class='ocrx_word' id='word_1_172' title='bbox 880 1818 1121 1886; x_wconf 87' lang='grc' dir='ltr'>ἀμήρυτον</span> <span class='ocrx_word' id='word_1_173' title='bbox 1166 1820 1214 1869; x_wconf 89' lang='grc' dir='ltr'>ἐν</span> <span class='ocrx_word' id='word_1_174' title='bbox 1255 1816 1563 1884; x_wconf 85' lang='grc' dir='ltr'>μακαριότητι</span> <span class='ocrx_word' id='word_1_175' title='bbox 1609 1817 1732 1876; x_wconf 89' lang='grc' dir='ltr'>βίον.</span> 
     </span>
     <span class='ocr_line' id='line_1_21' title="bbox 75 1901 1738 1970; baseline -0.004 -15"><span class='ocrx_word' id='word_1_176' title='bbox 75 1929 125 1954; x_wconf 90' lang='lat'>20</span> <span class='ocrx_word' id='word_1_177' title='bbox 143 1903 380 1970; x_wconf 77' lang='grc' dir='ltr'>προσάγει</span> <span class='ocrx_word' id='word_1_178' title='bbox 422 1902 507 1968; x_wconf 80' lang='grc' dir='ltr'>μὲν</span> <span class='ocrx_word' id='word_1_179' title='bbox 546 1904 628 1954; x_wconf 84' lang='grc' dir='ltr'>οῦν</span> <span class='ocrx_word' id='word_1_180' title='bbox 667 1904 692 1954; x_wconf 86' lang='grc' dir='ltr'>ὁ</span> <span class='ocrx_word' id='word_1_181' title='bbox 733 1901 903 1969; x_wconf 86' lang='grc' dir='ltr'>Πατὴρ</span> <span class='ocrx_word' id='word_1_182' title='bbox 946 1901 1022 1953; x_wconf 80' lang='grc' dir='ltr'>διὰ</span> <span class='ocrx_word' id='word_1_183' title='bbox 1065 1901 1289 1968; x_wconf 83' lang='grc' dir='ltr'>γνώσεως</span> <span class='ocrx_word' id='word_1_184' title='bbox 1331 1901 1407 1950; x_wconf 83' lang='grc' dir='ltr'>καὶ</span> <span class='ocrx_word' id='word_1_185' title='bbox 1448 1904 1738 1966; x_wconf 89' lang='grc' dir='ltr'>θεοπρεποῦς</span> 
     </span>
     <span class='ocr_line' id='line_1_22' title="bbox 144 1981 1728 2056; baseline -0.003 -19"><span class='ocrx_word' id='word_1_186' title='bbox 144 1987 339 2053; x_wconf 85' lang='grc' dir='ltr'>θεωρίας</span> <span class='ocrx_word' id='word_1_187' title='bbox 366 1990 433 2056; x_wconf 74' lang='grc' dir='ltr'>τῷ</span> <span class='ocrx_word' id='word_1_188' title='bbox 459 1989 574 2056; x_wconf 76' lang='grc' dir='ltr'>Υὶῷ,</span> <span class='ocrx_word' id='word_1_189' title='bbox 601 1984 708 2040; x_wconf 76' lang='grc' dir='ltr'>τοῦς</span> <span class='ocrx_word' id='word_1_190' title='bbox 744 1984 813 2039; x_wconf 71' lang='grc' dir='ltr'>οἷς</span> <span class='ocrx_word' id='word_1_191' title='bbox 845 1983 903 2036; x_wconf 81' lang='grc' dir='ltr'>ἀν</span> <span class='ocrx_word' id='word_1_192' title='bbox 929 1983 1014 2049; x_wconf 83' lang='grc' dir='ltr'>τὴν</span> <span class='ocrx_word' id='word_1_193' title='bbox 1041 1984 1170 2035; x_wconf 89' lang='grc' dir='ltr'>θείαν</span> <span class='ocrx_word' id='word_1_194' title='bbox 1195 1983 1547 2052; x_wconf 79' lang='grc' dir='ltr'>ἐπιψηφίσαιτο</span> <span class='ocrx_word' id='word_1_195' title='bbox 1573 1981 1728 2049; x_wconf 81' lang='grc' dir='ltr'>χάριν.</span> 
     </span>
     <span class='ocr_line' id='line_1_23' title="bbox 142 2063 1781 2134; baseline -0.002 -15"><span class='ocrx_word' id='word_1_196' title='bbox 142 2066 359 2134; x_wconf 70' lang='grc' dir='ltr'>ζωοποιεῖ</span> <span class='ocrx_word' id='word_1_197' title='bbox 398 2067 447 2119; x_wconf 79' lang='grc' dir='ltr'>δὲ</span> <span class='ocrx_word' id='word_1_198' title='bbox 491 2067 660 2130; x_wconf 79' lang='grc' dir='ltr'>λαβὼν</span> <span class='ocrx_word' id='word_1_199' title='bbox 701 2070 725 2119; x_wconf 83' lang='grc' dir='ltr'><em>ὁ</em></span> <span class='ocrx_word' id='word_1_200' title='bbox 770 2066 899 2130; x_wconf 78' lang='grc' dir='ltr'>Υἱὸς,</span> <span class='ocrx_word' id='word_1_201' title='bbox 942 2069 1017 2118; x_wconf 79' lang='grc' dir='ltr'>καὶ</span> <span class='ocrx_word' id='word_1_202' title='bbox 1064 2065 1118 2117; x_wconf 82' lang='grc' dir='ltr'>τὸ</span> <span class='ocrx_word' id='word_1_203' title='bbox 1160 2066 1278 2117; x_wconf 82' lang='grc' dir='ltr'>ἰ’διον</span> <span class='ocrx_word' id='word_1_204' title='bbox 1322 2064 1503 2132; x_wconf 82' lang='grc' dir='ltr'>ἀγαθὸν</span> <span class='ocrx_word' id='word_1_205' title='bbox 1544 2068 1640 2117; x_wconf 87' lang='grc' dir='ltr'>τοῖς</span> <span class='ocrx_word' id='word_1_206' title='bbox 1683 2063 1781 2133; x_wconf 54' lang='lat' dir='ltr'>{gd</span> 
     </span>
     <span class='ocr_line' id='line_1_24' title="bbox 141 2147 1731 2220; baseline -0.003 -19"><span class='ocrx_word' id='word_1_207' title='bbox 141 2152 309 2206; x_wconf 79' lang='grc' dir='ltr'>οἰκείας</span> <span class='ocrx_word' id='word_1_208' title='bbox 344 2151 536 2220; x_wconf 84' lang='grc' dir='ltr'>φύσεως</span> <span class='ocrx_word' id='word_1_209' title='bbox 572 2151 975 2219; x_wconf 83' lang='grc' dir='ltr'>καταφθείρεσθαι</span> <span class='ocrx_word' id='word_1_210' title='bbox 1008 2147 1277 2218; x_wconf 86' lang='grc' dir='ltr'>πεφυκόσιν</span> <span class='ocrx_word' id='word_1_211' title='bbox 1302 2149 1506 2210; x_wconf 79' lang='grc' dir='ltr'>ἐντιθεὶς,</span> <span class='ocrx_word' id='word_1_212' title='bbox 1533 2148 1611 2198; x_wconf 80' lang='grc' dir='ltr'>καὶ</span> <span class='ocrx_word' id='word_1_213' title='bbox 1646 2169 1731 2197; x_wconf 88' lang='grc' dir='ltr'>κα-</span> 
     </span>
     <span class='ocr_line' id='line_1_25' title="bbox 143 2227 1736 2301; baseline -0.003 -17"><span class='ocrx_word' id='word_1_214' title='bbox 143 2233 294 2301; x_wconf 82' lang='grc' dir='ltr'>θάπερ</span> <span class='ocrx_word' id='word_1_215' title='bbox 334 2236 577 2301; x_wconf 85' lang='grc' dir='ltr'>σπινθῆρα</span> <span class='ocrx_word' id='word_1_216' title='bbox 616 2232 764 2300; x_wconf 81' lang='grc' dir='ltr'>πυρὸς</span> <span class='ocrx_word' id='word_1_217' title='bbox 804 2231 1145 2300; x_wconf 84' lang='grc' dir='ltr'>ἐγκαταχώσας</span> <span class='ocrx_word' id='word_1_218' title='bbox 1186 2231 1344 2284; x_wconf 78' lang='grc' dir='ltr'>αὐτοῖς</span> <span class='ocrx_word' id='word_1_219' title='bbox 1384 2229 1470 2294; x_wconf 87' lang='grc' dir='ltr'>τὴν</span> <span class='ocrx_word' id='word_1_220' title='bbox 1510 2227 1736 2296; x_wconf 76' lang='grc' dir='ltr'>ζωοποιὸν</span> 
     </span>
     <span class='ocr_line' id='line_1_26' title="bbox 73 2311 1735 2380; baseline -0.002 -10"><span class='ocrx_word' id='word_1_221' title='bbox 73 2341 123 2380; x_wconf 88' lang='lat'>25</span> <span class='ocrx_word' id='word_1_222' title='bbox 143 2321 227 2368; x_wconf 89' lang='grc' dir='ltr'>τοῦ</span> <span class='ocrx_word' id='word_1_223' title='bbox 273 2315 548 2380; x_wconf 87' lang='grc' dir='ltr'>Πνεύματος</span> <span class='ocrx_word' id='word_1_224' title='bbox 601 2315 813 2380; x_wconf 86' lang='grc' dir='ltr'>δύναμιν,</span> <span class='ocrx_word' id='word_1_225' title='bbox 859 2314 1000 2369; x_wconf 82' lang='grc' dir='ltr'>ὅλους</span> <span class='ocrx_word' id='word_1_226' title='bbox 1043 2315 1097 2365; x_wconf 86' lang='grc' dir='ltr'>δι’</span> <span class='ocrx_word' id='word_1_227' title='bbox 1145 2313 1263 2365; x_wconf 77' lang='grc' dir='ltr'>ὅλου</span> <span class='ocrx_word' id='word_1_228' title='bbox 1308 2311 1629 2377; x_wconf 81' lang='grc' dir='ltr'>μεταπλάττει</span> <span class='ocrx_word' id='word_1_229' title='bbox 1674 2316 1735 2366; x_wconf 80' lang='grc' dir='ltr'>εἷς</span> 
     </span>
     <span class='ocr_line' id='line_1_27' title="bbox 143 2393 1732 2463; baseline -0.004 -13"><span class='ocrx_word' id='word_1_230' title='bbox 143 2400 424 2451; x_wconf 87' lang='grc' dir='ltr'>ἀθανασίαν.</span> <span class='ocrx_word' id='word_1_231' title='bbox 478 2397 660 2450; x_wconf 88' lang='grc' dir='ltr'>ἀκούων</span> <span class='ocrx_word' id='word_1_232' title='bbox 687 2398 736 2449; x_wconf 80' lang='grc' dir='ltr'>δὲ</span> <span class='ocrx_word' id='word_1_233' title='bbox 759 2397 920 2461; x_wconf 83' lang='grc' dir='ltr'>πάλιν,</span> <span class='ocrx_word' id='word_1_234' title='bbox 947 2397 1017 2448; x_wconf 77' lang='grc' dir='ltr'>ὅτι</span> <span class='ocrx_word' id='word_1_235' title='bbox 1042 2395 1348 2463; x_wconf 75' lang='grc' dir='ltr'>προσκομίζει</span> <span class='ocrx_word' id='word_1_236' title='bbox 1377 2394 1462 2458; x_wconf 76' lang='grc' dir='ltr'>μὲν</span> <span class='ocrx_word' id='word_1_237' title='bbox 1488 2395 1513 2445; x_wconf 83' lang='grc' dir='ltr'><em>ὁ</em></span> <span class='ocrx_word' id='word_1_238' title='bbox 1541 2393 1732 2460; x_wconf 87' lang='grc' dir='ltr'>Πατὴρ,</span> 
     </span>
     <span class='ocr_line' id='line_1_28' title="bbox 142 2475 1734 2548; baseline -0.001 -16"><span class='ocrx_word' id='word_1_239' title='bbox 142 2481 197 2533; x_wconf 86' lang='grc' dir='ltr'>τὸ</span> <span class='ocrx_word' id='word_1_240' title='bbox 225 2481 272 2532; x_wconf 81' lang='grc' dir='ltr'>δὲ</span> <span class='ocrx_word' id='word_1_241' title='bbox 299 2483 524 2542; x_wconf 86' lang='grc' dir='ltr'>ἀναβιοῦν</span> <span class='ocrx_word' id='word_1_242' title='bbox 549 2481 783 2532; x_wconf 88' lang='grc' dir='ltr'>δύνασθαι</span> <span class='ocrx_word' id='word_1_243' title='bbox 809 2484 1009 2548; x_wconf 86' lang='grc' dir='ltr'>χορηγεῖ</span> <span class='ocrx_word' id='word_1_244' title='bbox 1028 2484 1125 2532; x_wconf 87' lang='grc' dir='ltr'>τοῖς</span> <span class='ocrx_word' id='word_1_245' title='bbox 1150 2478 1534 2545; x_wconf 79' lang='grc' dir='ltr'>προστρέχουσιν</span> <span class='ocrx_word' id='word_1_246' title='bbox 1561 2477 1586 2527; x_wconf 86' lang='grc' dir='ltr'>ὁ</span> <span class='ocrx_word' id='word_1_247' title='bbox 1606 2475 1734 2539; x_wconf 79' lang='grc' dir='ltr'>Υἱὸς,</span> 
     </span>
     <span class='ocr_line' id='line_1_29' title="bbox 141 2561 1728 2631; baseline -0.006 -14"><span class='ocrx_word' id='word_1_248' title='bbox 141 2563 207 2630; x_wconf 85' lang='grc' dir='ltr'>μὴ</span> <span class='ocrx_word' id='word_1_249' title='bbox 233 2563 352 2631; x_wconf 81' lang='grc' dir='ltr'>πρὸς</span> <span class='ocrx_word' id='word_1_250' title='bbox 378 2562 601 2617; x_wconf 86' lang='grc' dir='ltr'>ἐκτόπους</span> <span class='ocrx_word' id='word_1_251' title='bbox 628 2561 953 2628; x_wconf 86' lang='grc' dir='ltr'>ἀποδημήσεις</span> <span class='ocrx_word' id='word_1_252' title='bbox 983 2561 1174 2624; x_wconf 79' lang='grc' dir='ltr'>ἐννοίας,</span> <span class='ocrx_word' id='word_1_253' title='bbox 1202 2562 1264 2614; x_wconf 83' lang='grc' dir='ltr'>ὡς</span> <span class='ocrx_word' id='word_1_254' title='bbox 1301 2561 1394 2628; x_wconf 78' lang='grc' dir='ltr'>ἰδίᾳ</span> <span class='ocrx_word' id='word_1_255' title='bbox 1429 2561 1505 2610; x_wconf 84' lang='grc' dir='ltr'>καὶ</span> <span class='ocrx_word' id='word_1_256' title='bbox 1540 2580 1728 2624; x_wconf 90' lang='grc' dir='ltr'>μεμερι-</span> 
     </span>
    </p>
   </div>
   <div class='ocr_carea' id='block_1_6' title="bbox 141 2716 1736 3003">
    <p class='ocr_par' dir='ltr' id='par_1_6' title="bbox 141 2716 1736 3003">
     <span class='ocr_line' id='line_1_30' title="bbox 193 2716 1736 2769; baseline -0.005 -10"><span class='ocrx_word' id='word_1_257' title='bbox 193 2736 223 2759; x_wconf 91' lang='lat'>1.</span> <span class='ocrx_word' id='word_1_258' title='bbox 251 2722 498 2769; x_wconf 83' lang='grc' dir='ltr'>φιλάνθρωπον</span> <span class='ocrx_word' id='word_1_259' title='bbox 515 2721 636 2765; x_wconf 81' lang='grc' dir='ltr'>ἑτέρως</span> <span class='ocrx_word' id='word_1_260' title='bbox 653 2722 793 2756; x_wconf 81' lang='lat' dir='ltr'>inverso</span> <span class='ocrx_word' id='word_1_261' title='bbox 810 2720 932 2756; x_wconf 77' lang='lat' dir='ltr'>ordine</span> <span class='ocrx_word' id='word_1_262' title='bbox 952 2721 994 2755; x_wconf 88' lang='lat' dir='ltr'>B.</span> <span class='ocrx_word' id='word_1_263' title='bbox 1179 2728 1211 2763; x_wconf 82' lang='lat'>5.</span> <span class='ocrx_word' id='word_1_264' title='bbox 1238 2720 1375 2762; x_wconf 82' lang='grc' dir='ltr'>Πατρός</span> <span class='ocrx_word' id='word_1_265' title='bbox 1391 2732 1456 2762; x_wconf 91' lang='grc' dir='ltr'>μου</span> <span class='ocrx_word' id='word_1_266' title='bbox 1478 2717 1517 2750; x_wconf 84' lang='grc' dir='ltr'>Β.</span> <span class='ocrx_word' id='word_1_267' title='bbox 1534 2716 1736 2762; x_wconf 75' lang='grc' dir='ltr'>πέμψαντός</span> 
     </span>
     <span class='ocr_line' id='line_1_31' title="bbox 142 2762 1734 2816; baseline -0.006 -10"><span class='ocrx_word' id='word_1_268' title='bbox 142 2787 184 2816; x_wconf 90' lang='grc' dir='ltr'>με</span> <span class='ocrx_word' id='word_1_269' title='bbox 201 2771 329 2815; x_wconf 86' lang='grc' dir='ltr'>πατρὸς</span> <span class='ocrx_word' id='word_1_270' title='bbox 348 2769 414 2803; x_wconf 84' lang='lat' dir='ltr'>Ed.</span> <span class='ocrx_word' id='word_1_271' title='bbox 562 2781 616 2811; x_wconf 84' lang='lat'>14.</span> <span class='ocrx_word' id='word_1_272' title='bbox 641 2769 780 2804; x_wconf 80' lang='grc' dir='ltr'>ἐντιθεὶς</span> <span class='ocrx_word' id='word_1_273' title='bbox 797 2774 1021 2813; x_wconf 80' lang='lat' dir='ltr'><strong>assumptum</strong></span> <span class='ocrx_word' id='word_1_274' title='bbox 1039 2779 1081 2801; x_wconf 84' lang='lat' dir='ltr'>ex</span> <span class='ocrx_word' id='word_1_275' title='bbox 1102 2767 1144 2801; x_wconf 89' lang='lat' dir='ltr'>B.</span> <span class='ocrx_word' id='word_1_276' title='bbox 1165 2766 1256 2800; x_wconf 76' lang='lat' dir='ltr'>Catt.</span> <span class='ocrx_word' id='word_1_277' title='bbox 1421 2763 1474 2798; x_wconf 83' lang='lat'>16.</span> <span class='ocrx_word' id='word_1_278' title='bbox 1502 2762 1554 2809; x_wconf 82' lang='grc' dir='ltr'>ἐκ]</span> <span class='ocrx_word' id='word_1_279' title='bbox 1576 2765 1593 2797; x_wconf 89' lang='grc' dir='ltr'>ὁ</span> <span class='ocrx_word' id='word_1_280' title='bbox 1612 2764 1647 2796; x_wconf 84' lang='grc' dir='ltr'>ἐκ</span> <span class='ocrx_word' id='word_1_281' title='bbox 1666 2763 1734 2797; x_wconf 87' lang='lat' dir='ltr'>Ed.</span> 
     </span>
     <span class='ocr_line' id='line_1_32' title="bbox 141 2809 1735 2861; baseline -0.006 -8"><span class='ocrx_word' id='word_1_282' title='bbox 141 2818 262 2853; x_wconf 77' lang='lat' dir='ltr'>invitis</span> <span class='ocrx_word' id='word_1_283' title='bbox 282 2817 324 2851; x_wconf 89' lang='grc' dir='ltr'>Β.</span> <span class='ocrx_word' id='word_1_284' title='bbox 346 2816 439 2850; x_wconf 80' lang='lat' dir='ltr'><strong>Catt.</strong></span> <span class='ocrx_word' id='word_1_285' title='bbox 587 2824 640 2861; x_wconf 87' lang='lat'>17.</span> <span class='ocrx_word' id='word_1_286' title='bbox 668 2815 832 2851; x_wconf 78' lang='grc' dir='ltr'>διατεθεὶς</span> <span class='ocrx_word' id='word_1_287' title='bbox 851 2815 893 2849; x_wconf 87' lang='grc' dir='ltr'>Β.</span> <span class='ocrx_word' id='word_1_288' title='bbox 914 2814 1021 2849; x_wconf 83' lang='lat' dir='ltr'>Cord.</span> <span class='ocrx_word' id='word_1_289' title='bbox 1041 2813 1201 2849; x_wconf 74' lang='grc' dir='ltr'>διατιθεὶς</span> <span class='ocrx_word' id='word_1_290' title='bbox 1219 2812 1286 2847; x_wconf 89' lang='lat' dir='ltr'>Ed.</span> <span class='ocrx_word' id='word_1_291' title='bbox 1446 2822 1502 2845; x_wconf 86' lang='lat'>20.</span> <span class='ocrx_word' id='word_1_292' title='bbox 1529 2809 1604 2856; x_wconf 77' lang='grc' dir='ltr'>οῦν]</span> <span class='ocrx_word' id='word_1_293' title='bbox 1625 2810 1735 2844; x_wconf 82' lang='lat' dir='ltr'>Addit</span> 
     </span>
     <span class='ocr_line' id='line_1_33' title="bbox 142 2858 1736 2907; baseline -0.004 -8"><span class='ocrx_word' id='word_1_294' title='bbox 142 2866 245 2901; x_wconf 86' lang='grc' dir='ltr'>αὐτὸν</span> <span class='ocrx_word' id='word_1_295' title='bbox 264 2863 384 2903; x_wconf 87' lang='lat' dir='ltr'>Cord.‚</span> <span class='ocrx_word' id='word_1_296' title='bbox 401 2862 520 2896; x_wconf 81' lang='grc' dir='ltr'>ἑαυτὸν</span> <span class='ocrx_word' id='word_1_297' title='bbox 536 2862 572 2896; x_wconf 87' lang='lat' dir='ltr'>b.</span> <span class='ocrx_word' id='word_1_298' title='bbox 683 2873 737 2896; x_wconf 83' lang='lat'>21.</span> <span class='ocrx_word' id='word_1_299' title='bbox 764 2863 865 2907; x_wconf 87' lang='grc' dir='ltr'>χάριν</span> <span class='ocrx_word' id='word_1_300' title='bbox 882 2861 1140 2907; x_wconf 76' lang='grc' dir='ltr'>ἐπιψηφίσαιτο</span> <span class='ocrx_word' id='word_1_301' title='bbox 1158 2860 1297 2896; x_wconf 80' lang='lat' dir='ltr'>inverso</span> <span class='ocrx_word' id='word_1_302' title='bbox 1314 2858 1436 2892; x_wconf 86' lang='lat' dir='ltr'>ordine</span> <span class='ocrx_word' id='word_1_303' title='bbox 1454 2870 1483 2891; x_wconf 89' lang='lat' dir='ltr'>a.</span> <span class='ocrx_word' id='word_1_304' title='bbox 1594 2868 1650 2892; x_wconf 88' lang='lat'>22.</span> <span class='ocrx_word' id='word_1_305' title='bbox 1677 2858 1736 2902; x_wconf 81' lang='grc' dir='ltr'>τῆς</span> 
     </span>
     <span class='ocr_line' id='line_1_34' title="bbox 143 2905 1735 2958; baseline -0.005 -12"><span class='ocrx_word' id='word_1_306' title='bbox 143 2924 207 2958; x_wconf 80' lang='lat' dir='ltr'>pro</span> <span class='ocrx_word' id='word_1_307' title='bbox 224 2913 294 2947; x_wconf 82' lang='grc' dir='ltr'>τοῖς</span> <span class='ocrx_word' id='word_1_308' title='bbox 312 2911 349 2954; x_wconf 78' lang='grc' dir='ltr'>ἐξ</span> <span class='ocrx_word' id='word_1_309' title='bbox 369 2909 476 2943; x_wconf 89' lang='lat' dir='ltr'><strong>Cord.</strong></span> <span class='ocrx_word' id='word_1_310' title='bbox 693 2920 747 2951; x_wconf 78' lang='lat'>24.</span> <span class='ocrx_word' id='word_1_311' title='bbox 775 2909 944 2953; x_wconf 86' lang='grc' dir='ltr'>σπινθῆρα</span> <span class='ocrx_word' id='word_1_312' title='bbox 965 2909 1006 2942; x_wconf 85' lang='grc' dir='ltr'>Β.</span> <span class='ocrx_word' id='word_1_313' title='bbox 1026 2908 1117 2941; x_wconf 81' lang='lat' dir='ltr'>Catt.</span> <span class='ocrx_word' id='word_1_314' title='bbox 1138 2907 1327 2951; x_wconf 83' lang='grc' dir='ltr'>σπινθῆρας</span> <span class='ocrx_word' id='word_1_315' title='bbox 1345 2905 1411 2939; x_wconf 85' lang='lat' dir='ltr'>Ed.</span> <span class='ocrx_word' id='word_1_316' title='bbox 1493 2905 1735 2950; x_wconf 80' lang='grc' dir='ltr'>ἐγκαταχώσας</span> 
     </span>
     <span class='ocr_line' id='line_1_35' title="bbox 145 2951 1685 3003; baseline -0.005 -9"><span class='ocrx_word' id='word_1_317' title='bbox 145 2959 239 2994; x_wconf 86' lang='lat' dir='ltr'><strong>B.D.</strong></span> <span class='ocrx_word' id='word_1_318' title='bbox 260 2958 353 2993; x_wconf 80' lang='lat' dir='ltr'>Catt.</span> <span class='ocrx_word' id='word_1_319' title='bbox 373 2955 611 3003; x_wconf 78' lang='grc' dir='ltr'>ε’γκαταχύσας</span> <span class='ocrx_word' id='word_1_320' title='bbox 630 2955 696 2989; x_wconf 87' lang='lat' dir='ltr'>Ed.</span> <span class='ocrx_word' id='word_1_321' title='bbox 795 2965 850 3000; x_wconf 84' lang='lat'>25.</span> <span class='ocrx_word' id='word_1_322' title='bbox 877 2956 923 2991; x_wconf 82' lang='grc' dir='ltr'>εἷς</span> <span class='ocrx_word' id='word_1_323' title='bbox 943 2955 1035 2989; x_wconf 81' lang='lat' dir='ltr'>Catt.</span> <span class='ocrx_word' id='word_1_324' title='bbox 1053 2955 1139 2999; x_wconf 88' lang='grc' dir='ltr'>πρὸς</span> <span class='ocrx_word' id='word_1_325' title='bbox 1157 2953 1224 2987; x_wconf 85' lang='lat' dir='ltr'>Ed.</span> <span class='ocrx_word' id='word_1_326' title='bbox 1315 2953 1371 2987; x_wconf 80' lang='lat'>28.</span> <span class='ocrx_word' id='word_1_327' title='bbox 1398 2951 1620 2997; x_wconf 82' lang='grc' dir='ltr'>ἀποδημήσῃς</span> <span class='ocrx_word' id='word_1_328' title='bbox 1638 2952 1685 2987; x_wconf 93' lang='lat' dir='ltr'>D.</span> 
     </span>
    </p>
   </div>
   <div class='ocr_carea' id='block_1_7' title="bbox 879 3023 992 3065">
    <p class='ocr_par' dir='ltr' id='par_1_7' title="bbox 879 3023 992 3065">
     <span class='ocr_line' id='line_1_36' title="bbox 879 3023 992 3065; baseline 0.018 -15"><span class='ocrx_word' id='word_1_329' title='bbox 879 3023 992 3065; x_wconf 64' lang='lat'>332</span> 
     </span>
    </p>
   </div>
  </div>
 </body>
</html>
