2084 3317
316 164 399 204 642
717 159 767 199 B.
800 153 1074 198 CYRILLI
1115 146 1495 192 ALEXANDR.
1745 140 1818 181 vii.
1839 150 1903 190 24.

98 286 251 322 439A
283 270 448 336 ἃοῖμαι
493 274 587 321 τῶν
625 271 856 335 περιττῶν
895 266 1152 325 ἐπιθυμιῶν
1190 256 1588 311 ἀπαλλάττεσθαι
1628 273 1701 302 και
1742 248 1910 312 ἡδονῆς

320 356 401 417 τῆς
437 350 670 413 πλείονος,
696 348 782 413 τὴν
816 350 866 398 ἐκ
902 343 1205 415 φαυλότητος
1239 339 1408 406 ἀργιαν
1441 336 1620 387 ὠδίνειν
1633 332 1912 430 διαφανῶς·

322 437 411 504 οὐχ
461 457 587 487 οπως
632 432 729 483 κατ’
778 428 942 481 οὐδενα
985 423 1334 491 παραλύουσαν
1377 417 1556 485 τρόπον
1600 413 1684 466 τὸν
1728 413 1802 463 ἐπὶ
1845 411 1913 477 τῷ

323 515 563 585 σαββατω
613 514 758 577 νόμον
796 533 883 575 τ77ν
921 504 1187 608 περιτομὴν
1217 501 1505 600 εὑρήσομεν,
1548 497 1659 548 ἀλλ’
1699 495 1791 558 ἤδη
1837 493 1914 543 καὶ

325 596 720 663 συνασπίζουσαν
760 617 835 645 και
877 614 939 645 εις
986 590 1066 640 ἕνα
1113 610 1188 638 και
1234 608 1317 636 τον
1358 581 1502 634 αὐτὸν
1546 578 1798 643 μονονουχὶ
1838 573 1957 625 καὶ5

327 679 623 733 συνθεουσαν
663 677 826 742 λόγον,
865 696 939 724 και
989 693 1060 722 οτι
1103 670 1347 735 προσῆκεν
1385 666 1545 731 ἀργεῖν
1585 683 1661 712 και
1703 659 1918 709 ἀνεῖσθαι

330 761 633 858 φαυλότ77τος
657 753 933 826 ἀναφανδον
959 751 1301 819 ἀγορεύουσαν,
1329 750 1390 801 ὡς
1416 743 1531 797 εἶναι
1557 740 1729 794 ταύτὸν
1753 735 1914 807 ἀμφό-

331 868 455 912 τερα,
480 842 535 894 τό
561 865 610 893 τε
637 839 999 940 περιτέμνεσθαι
1031 835 1172 900 λέγω,
1199 854 1273 883 και
1309 829 1363 881 τὸ
1398 830 1560 894 ἀργεῖν
1586 826 1634 875 ἐν
1659 818 1917 887 σαββάτῳ,

285 936 312 977 b
332 925 630 991 καθόσονπερ
673 922 730 973 ἄν
769 943 837 974 τις
881 915 1056 985 ἄριστά
1097 937 1151 981 γε
1195 916 1343 965 ποιῶν
1382 906 1637 969 ὑπολάβοι,
1679 901 1798 955 κατὰ
1836 899 1923 964 τὴν

332 1010 389 1079 ἐξ
426 1010 606 1076 ἀμφοῖν
644 1009 707 1059 εἰς
745 1025 825 1054 ενα
864 1022 1052 1051 σκοπον
1091 992 1496 1062 συνδρομήν.ου
1534 988 1629 1055 γὰρ
1667 985 1820 1050 δήπου
1857 984 1923 1051 τῶ
1947 999 1995 1026 10

333 1095 479 1159 παχεῖ
499 1092 583 1153 τῆς
610 1085 822 1153 ιστορίας
857 1080 1275 1150 προσεδρεύσομεν
1302 1075 1487 1144 τύπῳ,,
1473 1073 1850 1140 προσβαλοῦμεν
1877 1062 1926 1114 δὲ

335 1178 526 1238 μᾶλλον
558 1170 882 1233 πνευματικῶς
920 1168 1017 1217 τοῖς
1057 1161 1238 1226 λογίοις
1279 1162 1362 1208 τοῦ
1402 1152 1696 1217 Πνεύματος.
1761 1148 1928 1198 οὐκοῦν

337 1251 702 1320 ἀκατηγορήτως
729 1272 804 1300 και
830 1249 878 1298 ἐν
905 1243 1143 1312 σαββατω
1178 1264 1232 1292 το
1263 1241 1313 1291 ἐκ
1348 1240 1432 1301 τῆς
1467 1234 1722 1300 περιτομῆς
1759 1226 1927 1292 εἰσβή-

116 1335 277 1386 S3Matth.

115 1391 173 1412 xn.
193 1388 221 1420 5.

339 1359 474 1388 σεται
502 1333 756 1403 χρήσιμον,
784 1331 881 1381 ἐπει
909 1325 1029 1379 κατὰ
1055 1348 1141 1389 την
1167 1328 1249 1374 τοῦ
1275 1323 1498 1385 Σωτῆρος
1523 1313 1700 1385 φωνὴν,
1728 1320 1755 1343 “
1775 1315 1928 1375 βεβη-

341 1427 367 1451 “
396 1425 569 1470 λοῦσιν
596 1440 638 1467 οι
665 1418 795 1480 ιερεῖς
823 1414 871 1462 ἐν
897 1414 964 1461 τῶ
991 1413 1087 1477 ναῶ
1113 1429 1166 1458 το
1193 1401 1483 1465 σάββατον”
1513 1401 1859 1466 ἱερουργοῦντες
1885 1393 1933 1443 ἐν
1956 1410 2003 1449 15
2064 1416 2068 1459 3

343 1503 481 1570 αὐτῶ,
526 1501 603 1550 καὶ
653 1501 748 1549 τῶν
793 1492 1017 1558 συνηθων
1062 1490 1115 1541 οὐ
1161 1484 1525 1550 καταλήγοντες,
1571 1487 1599 1510 “
1619 1502 1694 1531 και
1739 1474 1939 1528 ἀναίτιοί

305 1591 371 1628 0“
399 1582 559 1645 εἷσιν,”
602 1582 664 1634 ὡς
710 1576 850 1631 αὐτὸς
897 1576 1052 1626 αυτοῖς
1097 1569 1452 1636 μεμαρτύρηκεν
1493 1566 1517 1616 ὁ
1560 1560 1749 1628 Κριτὴς,
1788 1558 1837 1608 εὖ
1879 1555 1936 1619 δὴ

344 1665 478 1730 μάλα
517 1686 594 1715 και
631 1661 743 1712 λίαν
775 1657 979 1711 εἰκότως.
1036 1675 1188 1721 εργων
1219 1673 1314 1717 γαρ
1351 1652 1485 1715 ἱερῶν
1517 1647 1592 1697 καὶ
1625 1647 1720 1695 τῶν
1750 1660 1846 1692 οσα
1881 1660 1937 1689 το

346 1752 471 1799 θεῖον
498 1745 736 1814 ευφραινει
770 1745 902 1794 ποῖος
938 1737 996 1789 ἂν
1022 1757 1205 1803 γενοιτο
1239 1754 1412 1798 καιρος,
1440 1729 1510 1781 ὅτι
1545 1747 1788 1793 προσηκεν
1816 1723 1938 1787 ἡμᾶς

349 1828 654 1896 ἀποσχεσθαι
706 1824 895 1890 λεγων
886 1863 897 1884 ,
962 1819 1016 1871 τὸ
1069 1817 1117 1869 δὲ
1169 1813 1456 1879 καταλήγειν
1500 1813 1582 1874 τῆς
1631 1810 1679 1859 ἐν
1723 1803 1940 1872 ευσεβεία
1962 1826 2011 1851 20

351 1913 566 1974 σπουδῆς
601 1906 721 1960 κατὰ
752 1906 857 1958 τίνα
892 1901 1064 1972 χρόνον
1089 1901 1172 1951 οὐκ
1206 1895 1479 1963 ἐπιζήμιον·
1469 1935 1481 1956 ,
1526 1888 1829 1961 φαυλότητος
1860 1885 1941 1936 οὖν

354 1995 444 2059 ἄρα
491 2016 565 2043 και
611 1990 756 2054 μόνης
802 1990 885 2051 τῆς
929 1987 1166 2049 βδελυροῖς
1212 1978 1441 2044 ἁμαρτίας
1486 1967 1943 2044 ἀξιεπαινετωτάτην

354 2076 448 2144 ἔχει
481 2073 746 2125 κατάλυσιν
781 2092 855 2121 και
892 2063 1138 2132 ἀνοκωχὴν
1172 2086 1198 2126 77
1239 2059 1358 2112 κατὰ
1397 2057 1451 2109 τὸ
1491 2055 1745 2117 σάββατον
1777 2051 1940 2118 ἀργία,

357 2156 604 2209 διακωλύει
631 2154 679 2206 δὲ
705 2154 919 2215 ουδαμῶς
945 2148 1098 2215 ε’ργοις
1124 2167 1207 2209 μεν
1233 2141 1497 2212 ἐφήδεσθαι
1527 2142 1622 2191 τοῖς
1654 2140 1804 2202 ἱεροῖς,
1831 2155 1945 2199 οπερ

358 2241 402 2292 δ
443 2238 502 2291 ἀν
541 2236 694 2302 οίηταί
732 2258 800 2288 τις
837 2255 957 2298 προς
997 2227 1231 2299 ὠφελειαν
1270 2225 1469 2275 ἔσεσθαι
1507 2223 1565 2288 τῇ
1604 2219 1747 2271 οἰκεία
1785 2218 1943 2285 ψυχῇ,
1970 2237 2019 2277 25
2063 2230 2065 2237 ⁴

316 2331 344 2372 d
361 2327 500 2374 τοῦτο
551 2321 627 2371 καὶ
679 2316 789 2369 λίαν
839 2314 1111 2378 ἐπειγεσθαι
1161 2308 1394 2375 περαίνειν
1443 2305 1593 2370 ὀρθῶς
1646 2297 1950 2365 ἀνεγκλήτως
2062 2283 2065 2302 ’1

362 2405 544 2473 ἐφίησι.
615 2406 754 2453 τοῦτο
800 2399 841 2449 δ’
892 2394 950 2447 ἂν
995 2394 1109 2446 ’ίδοις
1155 2388 1268 2441 αὐτο
1314 2411 1389 2440 και
1433 2388 1481 2438 ἐν
1523 2389 1582 2454 τῇ
1629 2382 1819 2446 δυνάμει
1868 2381 1952 2443 τῆς

363 2509 617 2554 περιτομης
658 2477 1076 2544 εἰσκεκομισμενον
1118 2472 1172 2525 τὸ
1218 2470 1470 2539 χρήσιμον.
1537 2469 1586 2518 ἐν
1624 2464 1717 2532 γὰρ
1757 2467 1824 2532 τῶ
1869 2459 1954 2514 τὰς

365 2574 428 2624 εἷς
484 2568 539 2619 τὸ
595 2571 785 2635 φαῦλον
835 2558 1004 2626 ἡδονὰς
1064 2554 1355 2618 ἀποτεμνειν,
1407 2551 1574 2618 ἀργίας
1625 2570 1711 2611 μεν
1759 2547 1843 2609 τῆς
1892 2546 1955 2596 εἷς

368 2651 598 2717 ἁμαρτίας
637 2650 799 2713 ὁρᾶται
838 2644 1037 2710 γένεσις,
1069 2636 1286 2704 λατρειας
1326 2633 1375 2685 δὲ
1413 2636 1496 2697 τῆς
1534 2633 1583 2682 ἐν
1613 2628 1842 2692 πνεύματι
1881 2647 1956 2676 και
1977 2640 2028 2677 30
2062 2621 2063 2627 ¹

368 2732 609 2785 πολιτείας
636 2732 717 2793 τῆς
744 2724 996 2794 ιερωτάτης
1022 2718 1162 2788 ἀρχή·
1194 2718 1303 2768 ἀλλ’
1334 2716 1365 2780 ἥ
1391 2739 1445 2782 γε
1472 2710 1677 2782 διαφορα
1704 2708 1846 2776 μικρὰ
1871 2729 1958 2772 μεν

424 2930 474 2952 10.
501 2917 631 2952 σκοπὸν
648 2927 720 2949 om.
740 2914 781 2947 B.
954 2922 1007 2945 12.
1035 2910 1150 2954 λόγοις
1170 2906 1212 2940 Β.
1394 2901 1446 2935 16.
1473 2898 1616 2934 ἀναίτιοί
1633 2894 1738 2940 εἶσιν]
1757 2892 1960 2937 ἀναποίησιν

373 2966 453 3009 (Sic)
478 2965 516 2998 B.
663 2973 717 2996 22.
743 2959 1019 3004 ἀξιεπαινετάτην
1040 2956 1080 2990 Β.
1226 2962 1281 2996 30.
1307 2948 1469 2995 ἁμαρτίας
1488 2947 1531 2981 Β.
1549 2943 1713 2990 ἁμαρτίαν
1731 2941 1799 2977 Ed.
