2084 3317
127 132 197 172 vii.
217 146 284 188 32.
391 134 464 175 IN
507 136 549 176 S.
583 137 919 178 JOANNEM.
983 139 1106 180 LIB.
1131 140 1183 181 V.
1246 141 1379 181 CAP.
1415 142 1449 180 Ι.
1627 143 1709 183 677

123 242 311 308 ἐπείπερ
357 243 449 311 ἔξω
496 244 668 313 φρενὸς
709 247 967 313 γεγόνασιν
1011 250 1207 312 ἀγαθῆς,
1252 250 1327 299 καὶ
1373 249 1572 300 κατόπιν
1615 255 1710 300 τῶν

125 322 252 373 ἰδίων
279 325 616 389 ἐνθυμημάτων
648 325 730 378 τὸν
760 332 884 379 θεῖον
913 329 1140 396 ῥίψαντες
1180 328 1336 392 νόμον,
1363 332 1438 381 ἐπὶ
1476 331 1621 394 μόνον
1656 331 1709 381 τὸ

1773 412 1874 443 Dent.

1771 455 1885 485 xxviii.

122 405 289 454 δοκοῦν
339 407 620 472 ἀδιακρίτοις
675 409 899 477 ἐφέροντο
955 415 1056 464 ταῖς
1111 412 1293 476 ὁρμαῖς·
1375 411 1563 478 κεφαλὴ
1615 411 1709 478 γὰρ

121 485 312 550 γε’γονεν
351 490 414 541 εἷς
459 488 617 554 οὐρὰν,
661 489 781 540 κατὰ
825 490 879 541 τὸ
921 491 1265 557 γεγραμμένον.
1338 493 1496 544 ἕπεται
1542 493 1635 559 γὰρ
1682 495 1706 544 ὁ
1771 508 1821 537 44·

77 581 100 619 5
121 566 389 632 ἡγούμενος,
429 573 503 620 καὶ
550 575 608 638 τῇ
648 576 743 622 τῶν
779 574 1056 638 Φαρισαίων
1095 574 1366 638 ἀνοσιότητι
1412 580 1708 643 συμφρονῶν

120 648 373 715 ἀχαλίνους
404 651 493 716 ἤδη
528 655 604 703 καὶ
632 653 752 704 κατὰ
779 658 996 719 Χριστοῦ
1030 661 1228 707 ποιεῖται
1266 656 1351 711 τὰς
1387 656 1702 723 καταδρομάς.

118 730 488 798 ἀπροφάσιστος
514 733 568 783 δέ
586 758 687 788 πως
713 738 781 786 ἀεὶ
820 741 916 790 τοῖς
949 743 1172 803 πονηροῖς
1208 739 1232 789 ὁ
1269 739 1387 805 πρὸς
1424 740 1707 807 φιλαρέτους

117 812 380 878 εὑρίσκεται
423 813 651 878 πόλεμος,
694 820 769 867 καὶ
808 821 1058 886 μονονουχὶ
1104 820 1302 887 χωλεύει
1345 824 1428 885 τῆς
1468 820 1625 888 μάχης
1679 823 1705 872 ὁ

116 891 290 958 τρόπος
329 899 430 948 ταῖς
466 896 524 964 ἐξ
558 898 770 963 εὐλόγων
809 904 968 950 αἰτιῶν
1006 902 1351 967 εὐρεσιλογίαις
1396 904 1450 953 οὐ
1493 902 1696 967 βοηθού-
1722 924 1743 949 a
1774 916 1926 951 462A.

49 1000 97 1025 10
116 997 267 1038 μενος,
293 974 453 1039 μόνοις
488 977 538 1028 δὲ
571 985 666 1032 τοῖς
699 982 748 1031 ἐκ
775 981 956 1049 φθόνου
984 984 1382 1046 διακεκωλυμένος
1411 984 1698 1049 νοσήμασιν.

115 1056 170 1106 οὐ
196 1056 290 1123 γὰρ
320 1056 505 1124 ἔχοντες
539 1061 843 1123 ἁμιλλᾶσθαι
878 1068 974 1117 τοῖς
1010 1064 1194 1115 ἐκείνων
1219 1067 1700 1131 μεγαλουργήμασιν,

115 1136 219 1188 οὐδὲ
245 1137 321 1189 διὰ
355 1142 438 1203 τῆς
472 1140 581 1206 >ίσης
617 1143 847 1211 εὐψυχίας
875 1144 1127 1211 ἱσόμετρον
1153 1147 1307 1200 αὐτοῖς
1333 1147 1702 1213 ἀποκομίζεσθαι

114 1218 273 1287 δόξαν,
302 1219 331 1284 ὴ
368 1223 444 1272 καὶ
478 1223 527 1273 ἐν
553 1225 768 1287 ἀμείνοσι
794 1224 939 1292 τυχὸν
966 1226 1039 1276 διὰ
1067 1231 1161 1277 τῶν
1187 1229 1444 1291 ἀμεινόνων
1472 1231 1697 1295 ὁρᾶσθαι,

113 1299 232 1366 πρὸς
263 1302 521 1369 ἀγριότητα
553 1306 784 1356 πίπτουσι
810 1312 1076 1373 λογισμῶν,
1104 1311 1179 1359 καὶ
1210 1315 1312 1364 ταῖς
1347 1315 1441 1361 τῶν
1467 1312 1702 1363 νικώντων

47 1400 94 1438 15
114 1383 361 1450 εὐφημίαις
395 1386 721 1455 ἐξοπλίζονται
756 1389 1057 1456 παραλόγως,
1085 1392 1325 1458 ἀφανίζειν
1355 1393 1700 1460 σπουδάζοντες

112 1462 167 1514 τὸ
208 1467 499 1532 ἀσχημονεῖν
537 1469 800 1536 ἀναγκάζον
838 1472 1019 1525 αὐτούς.
1092 1475 1162 1523 ἀεὶ
1202 1473 1295 1540 γὰρ
1339 1478 1397 1542 τῇ
1438 1475 1701 1541 παραθέσει

112 1552 195 1597 τοῦ
221 1550 466 1608 βελτίονος
492 1549 545 1601 τὸ
573 1556 763 1620 φαῦλον
789 1552 1044 1620 ἐλέγχεται.
1095 1558 1216 1622 χρῆν
1243 1554 1291 1606 δὲ
1326 1556 1476 1620 δήπου
1505 1562 1700 1621 μᾶλλον

110 1629 279 1683 αὐτοὺς
305 1629 381 1681 διὰ
404 1636 499 1682 τῶν
523 1631 645 1683 ἰ’σων
670 1639 996 1700 παρισοῦσθαι
1033 1640 1205 1704 φιλεῖν,
1233 1640 1309 1688 καὶ
1343 1643 1440 1692 τοῖς
1477 1640 1693 1690 ἐπαινου-
1717 1650 1743 1690 b

109 1711 263 1774 με’νοις
296 1711 357 1762 τὰ
391 1712 510 1764 αὐτὰ
545 1718 737 1776 μᾶλλον
762 1716 1033 1781 ἐπείγεσθαι
1069 1722 1261 1785 φρονεῖν
1289 1722 1364 1770 καὶ
1392 1723 1522 1786 δρᾶν.
1581 1720 1699 1775 εἰκὸς

43 1816 92 1841 20
111 1791 159 1842 δὲ
194 1792 251 1858 δή
286 1816 330 1845 τι
365 1797 441 1845 καὶ
475 1795 644 1862 πικρὸν
668 1798 890 1861 ἐννοῆσαι
924 1798 1033 1852 τοὺς
1061 1801 1368 1866 Φαρισαίους.
1423 1802 1578 1866 ἐπειδὴ
1606 1802 1699 1869 γὰρ

109 1873 339 1927 ἐπύθοντο
374 1878 700 1944 διαγογγύζειν
725 1879 834 1934 τοὺς
869 1880 1055 1948 ὄχλους,
1085 1883 1159 1932 καὶ
1196 1882 1431 1946 ἀλλήλοις
1465 1885 1553 1949 ἤδη
1591 1887 1694 1935 δια-

109 1960 299 2022 θρυλεῖν
326 1965 352 1987 “
373 1960 482 2027 Οὐχ
520 1960 655 2013 οὗτός
693 1962 824 2012 ἐστιν
855 1960 908 2012 ὃν
947 1961 1167 2028 ζητοῦσιν
1200 1966 1503 2028 ἀποκτεῖναι,
1548 1966 1613 2018 ’ίδε
1650 1970 1697 2018 ἐν
1760 1983 1868 2040 §upra

108 2045 135 2066 ‘⁶
158 2039 402 2109 παῤῥησίᾳ
437 2046 590 2104 λαλεῖ,
618 2044 694 2092 καὶ
731 2042 863 2093 οὐδὲν
894 2045 1020 2113 αὐτῷ
1056 2045 1270 2110 λέγουσι.
1323 2045 1506 2111 μήποτε
1544 2048 1692 2114 ἔγνω-
1758 2034 1894 2099 {⁶325

108 2127 135 2149 ‘⁴
161 2143 258 2170 σαν
283 2124 326 2171 οἱ
360 2122 584 2190 ἄρχοντες
620 2122 691 2173 ὅτι
727 2124 865 2179 αὐτός
902 2127 1034 2177 ἐστιν
1060 2127 1085 2176 ὁ
1111 2126 1326 2193 Χριστός
1346 2130 1384 2189 ;”
1427 2130 1690 2196 ἀποκρουό-

41 2220 90 2259 25
107 2202 235 2265 μένοι
279 2202 427 2254 πάλιν
464 2208 523 2271 τῇ
566 2204 825 2275 συντρόφῳ
869 2209 1008 2276 κακίᾳ
1049 2208 1135 2273 τὴν
1173 2211 1384 2260 ἐντεῦθεν
1424 2210 1691 2279 ὑπόληψιν,

107 2286 299 2347 δεσμεῖν
343 2284 687 2348 ἐπιτάττουσιν,
735 2287 848 2339 αὐτό
900 2312 949 2340 τε
999 2296 1139 2341 τοῦτο
1191 2292 1542 2358 πληρώσοντας
1587 2293 1694 2348 τοὺς
1714 2320 1735 2347 c

106 2366 323 2436 ὑπηρέτας
361 2367 697 2429 ἐκπέμπουσιν.

155 2527 186 2551 2.
211 2517 316 2560 μόνον
332 2517 371 2551 τὸ
390 2517 432 2551 B.
450 2519 541 2564 μόνῳ
559 2521 604 2564 τῷ
625 2519 742 2554 Holst.
763 2520 828 2555 Ed.
959 2534 991 2564 4.
1018 2524 1035 2555 ὁ
1053 2529 1276 2568 assumptum
1295 2536 1335 2558 ex
1356 2524 1433 2559 B.a.
1567 2535 1597 2571 7.
1623 2530 1694 2563 τοῖς

107 2574 176 2596 om.
196 2563 332 2608 Migne.
468 2576 521 2598 ΙΙ.
543 2565 691 2611 ἐκείνων]
712 2566 779 2600 ἐκεῖ
796 2567 890 2602 Aub.
1038 2580 1091 2603 12.
1117 2570 1288 2615 εὐψυχίας
1307 2571 1348 2605 Β.
1368 2572 1523 2617 εὐτυχίας
1543 2573 1605 2607 Ht.
1625 2574 1691 2608 Ed.

109 2620 162 2650 14.
199 2609 383 2654 ἀγριότητα
415 2609 579 2645 πίπτουσι
609 2614 787 2658 λογισμῶν
819 2614 860 2648 Β.
890 2614 1099 2659 ἀγριώτατον
1127 2617 1293 2651 πίπτουσι
1327 2619 1497 2663 λογισμὸν
1530 2619 1591 2653 Ht.
1626 2621 1691 2655 Ed.

109 2665 162 2700 17.
187 2658 274 2700 χρῆν
294 2656 334 2690 Β.
352 2657 456 2701 ἐχρῆν
476 2657 538 2691 Ht.
560 2658 625 2692 Ed.
836 2661 888 2695 18.
915 2662 1164 2705 ἐπαινουμένοις
1181 2663 1379 2698 emendavit
1400 2665 1461 2699 Ht.
1480 2665 1617 2700 ἐπαίνου
1633 2682 1692 2710 με·

105 2703 201 2736 στοῖς
219 2702 259 2735 Β.
401 2715 453 2747 19.
479 2705 620 2748 φρονεῖν
638 2706 691 2739 καὶ
709 2706 791 2751 δρᾶν
812 2707 852 2741 Β.
871 2708 924 2741 καὶ
944 2708 1026 2751 δρᾶν
1043 2710 1096 2742 καὶ
1114 2710 1255 2754 φρονεῖν
1275 2710 1339 2744 Ht.
1358 2711 1425 2744 Ed.
1558 2723 1612 2747 20.
1639 2714 1692 2747 καὶ

105 2754 327 2792 assumptum
347 2761 387 2782 ex
409 2749 482 2783 B.a.
505 2751 568 2784 Ht.
689 2763 744 2786 22.
772 2753 844 2787 ἰδοὺ
863 2766 893 2788 a.
1026 2766 1081 2798 24.
1108 2756 1207 2791 αὑτός
1224 2763 1449 2801 assumptum
1468 2770 1509 2792 ex
1529 2758 1605 2794 Ra.
1626 2759 1690 2794 Ht.

107 2794 162 2828 26.
187 2797 435 2839 πληρώσοντας
454 2796 528 2831 ss.a.
547 2799 796 2842 πληρώσαντας
816 2800 878 2835 Ht.
898 2800 965 2834 Ed.
