2084 3317
108 907 163 938 ΡΒ.
173 907 237 938 ciii.

110 959 159 991 15.

331 137 418 176 440
737 139 786 179 B.
822 139 1099 180 CYRILLI
1143 140 1524 180 ALEXANDR.
1783 138 1837 179 vi.
1860 148 1923 190 27·

333 269 425 297 νων
451 246 795 312 προτάττοντες
825 248 881 300 τὸ
914 251 976 303 ὡς
1001 252 1049 301 ἐν
1075 250 1327 315 συγκρίσει
1354 253 1507 311 νικῶν,
1535 250 1611 299 καὶ
1639 248 1819 299 δικαίαν
1843 246 1928 310 τὴν

333 330 407 379 ἐπὶ
433 328 614 383 τούτοις
642 330 870 397 ὁρίζοντες
900 334 1087 399 ψῆφον,
1117 330 1246 382 ὅσιοί
1273 353 1322 381 τε
1354 333 1430 381 καὶ
1456 330 1604 398 σοφοὶ
1631 328 1928 395 γενησόμεθα

288 419 315 460 (1
335 413 566 474 δικασταὶ,
588 413 663 462 καὶ
690 412 776 479 οὐχ
801 412 970 478 ἑτέροις
997 413 1095 462 τισὶ
1122 411 1208 475 τὴν
1227 412 1276 462 ἐκ
1303 416 1557 477 λογισμῶν
1576 413 1770 478 ἀγαθῶν
1790 408 1928 476 ὀρθό-

332 514 453 555 τητα
477 492 778 559 χαριούμεθα,
804 497 995 554 μᾶλλον
1022 492 1071 543 δὲ
1096 497 1198 546 ταῖς
1225 494 1410 547 οἰκείαις
1435 492 1756 559 περιθήσομεν
1783 495 1926 559 κεφα-

333 579 455 628 λαῖς.
508 573 805 644 ἐργαζώμεθα
829 575 985 625 τοίνυν
1008 573 1132 625 καθά
1157 579 1310 642 φησιν
1336 575 1361 624 ὁ
1390 574 1558 640 Σωτὴρ
1584 572 1645 642 μὴ
1671 573 1742 634 τὴν
1767 572 1927 641 βρῶσιν
1946 595 1968 632 5

332 653 401 714 τῆν
427 655 755 724 ἀπολλυμένην·
802 655 1072 723 χωρήσασα
1099 655 1193 722 γὰρ
1219 660 1281 710 εἷς
1312 656 1525 722 γαστέρα
1558 657 1634 706 καὶ
1667 659 1730 709 εἰς
1761 656 1928 720 ὀλίγον

332 740 500 800 κομιδῆ
552 736 635 788 τὸν
686 737 848 803 καιρὸν
897 736 1017 803 πρὸς
1068 737 1411 802 εὐτελεστάτην
1465 737 1634 802 ἡδονὴν
1684 736 1767 788 τὸν
1817 742 1928 787 νοῦν

333 819 629 888 διαπαίξασα
670 819 789 885 πρὸς
834 821 1085 888 ἀφεδρῶνα
1129 824 1284 888 χωρεῖ,
1327 822 1403 871 καὶ
1449 821 1499 871 ἐκ
1538 819 1751 886 γαστρὸς
1796 819 1928 872 αὖθις

332 901 694 968 μετοχετεύεται.
761 902 790 966 ἡ
843 902 891 953 δὲ
941 906 1124 967 βρῶσις
1175 903 1204 966 ἡ
1256 901 1544 966 πνευματικὴ
1595 901 1682 966 τὴν
1733 902 1927 967 καρδίαν

332 982 638 1050 στηρίζουσα,
668 984 856 1052 συνέχει
891 984 974 1035 τὸν
1010 983 1263 1051 ἄνθρωπον
1298 988 1359 1038 εἰς
1396 983 1515 1050 ζωὴν
1542 983 1741 1046 αἰώνιον,
1767 982 1825 1047 ἣν
1850 986 1927 1035 καὶ
1949 1000 1996 1025 10

331 1065 621 1133 χορηγήσειν
671 1064 810 1119 αὐτὸς
859 1066 968 1130 ἡμῖν
1019 1068 1044 1117 ὁ
1096 1065 1312 1133 Χριστὸς
1363 1065 1729 1131 ἐπαγγέλλεται,
1771 1065 1927 1130 λέγων

290 1146 481 1199 θ“““Ην
526 1148 551 1197 ὁ
598 1147 693 1201 υἱὸς
738 1153 820 1198 τοῦ
864 1148 1116 1214 ἀνθρώπου
1163 1149 1270 1212 ὑμῖν
1316 1148 1501 1199 δώσει·”
1557 1147 1927 1216 συναναπλέξας

331 1230 448 1292 ὁμοῦ
505 1232 572 1298 τῷ
622 1233 875 1295 θεοπρεπεῖ
924 1229 978 1280 τὸ
1033 1230 1343 1296 ἀνθρώπινον,
1395 1233 1471 1281 καὶ
1521 1229 1752 1298 συζεύξας
1811 1228 1927 1280 ὅλον

329 1313 414 1374 τῆς
451 1312 714 1373 οἰκονομίας
754 1314 837 1375 τῆς
878 1311 998 1375 μετὰ
1040 1310 1220 1378 σαρκὸς
1257 1311 1312 1362 τὸ
1351 1314 1399 1363 ἐν
1435 1311 1603 1381 κόσμῳ
1641 1310 1922 1377 μυστήριον.

330 1393 644 1443 ὑπαινίττεται
683 1392 739 1443 δέ
770 1416 872 1447 πως
907 1392 993 1457 τὴν
1024 1394 1260 1457 μυστικήν
1292 1416 1342 1444 τε
1378 1396 1454 1444 καὶ
1488 1393 1926 1460 πνευματικωτέραν
1950 1410 1995 1448 15

328 1471 527 1543 τροφὴν,
563 1475 618 1525 δι’
655 1474 709 1539 ἧς
748 1477 823 1526 καὶ
862 1480 1007 1538 σῶμα
1045 1477 1120 1527 καὶ
1159 1474 1326 1544 ψυχὴν
1366 1475 1661 1543 ἁγιαζόμενοι
1699 1475 1927 1542 διαζῶμεν

328 1556 377 1606 ἐν
402 1557 543 1625 αὐτῷ.
583 1555 872 1623 γυμνότερον
904 1557 960 1608 δέ
990 1580 1090 1611 πως
1124 1558 1172 1608 ἐν
1206 1562 1302 1611 τοῖς
1340 1558 1512 1627 ἐφεξῆς
1548 1563 1687 1609 τοῦτο
1723 1558 1927 1624 λέγοντα

329 1637 644 1704 θεωρήσομεν.
699 1638 976 1705 τετηρήσθω
1015 1645 1266 1707 τοιγαροῦν
1305 1640 1330 1690 ὁ
1369 1639 1515 1707 λόγος
1553 1645 1620 1711 τῷ
1655 1662 1920 1709 χρεωστου-

327 1719 453 1790 μένῳ
480 1724 627 1790 καιρῷ
652 1743 703 1771 τε
729 1724 806 1772 καὶ
832 1720 982 1792 τόπῳ.

381 1868 411 1892 1.
437 1859 710 1903 προστάττοντες
728 1860 769 1894 Β.
925 1873 958 1903 4.
982 1859 1214 1907 περιθὴ-σομεν
1232 1861 1276 1896 Β.
1295 1861 1527 1907 ἐπιθησόμεθα
1545 1861 1613 1896 Ed.
1778 1863 1811 1897 8.
1838 1862 1924 1908 ἀφε-

331 1904 443 1963 δρῶνα
462 1905 508 1963 ΙΙ).
528 1906 702 1986 ἐξεδρῶνα
722 1907 789 1943 Ed.
948 1918 1002 1942 11.
1029 1906 1195 1953 Χριστὸς]
1216 1908 1331 1954 σωτὴρ
1351 1908 1393 1944 Β.
1544 1921 1597 1952 14.
1621 1910 1681 1954 τῆς
1696 1910 1780 1955 μετὰ
1799 1911 1926 1955 σαρκὸς

332 1966 521 1996 οικονομιας
574 1979 582 1987 .
