2084 3317
98 139 150 179 vi.
173 150 322 195 52,53.
361 139 434 179 IN
478 139 520 179 S.
555 138 891 179 JOANNEM.
956 137 1079 177 Llss.
1114 136 1192 176 IV.
1255 136 1387 175 CAP.
1423 135 1483 175 II.
1604 135 1683 173 525

102 249 177 298 καὶ
214 247 268 298 τὸ
307 248 416 298 λίαν
444 247 654 311 εὐμαθές.
710 249 735 298 ὁ
771 246 856 311 μὲν
890 245 983 312 γὰρ
1022 244 1217 299 συνετὸς
1256 243 1401 298 ὅντως
1441 243 1684 308 ἀκροατὴς,

101 329 156 380 τὸ
199 328 283 393 μὲν
322 334 417 380 τῶν
461 329 755 393 μαθημάτων
799 327 1201 394 εὐσυνοπτότερον
1245 331 1312 396 τῷ
1355 329 1437 389 τῆς
1485 325 1686 378 διανοίας

100 411 414 477 ἐγκατακλείει
453 415 694 480 θησαυρῷ,
730 410 982 475 μελησμὸν
1020 411 1094 461 ἐπὶ
1132 409 1283 478 τούτῳ
1321 407 1496 472 μηδένα
1536 430 1683 457 κατα-

101 491 370 561 δεξάμενος·
426 492 484 544 τὰ
526 492 575 544 δὲ
614 494 685 561 ἐφ’
728 491 794 546 οῖς
833 491 891 543 ἂν
930 492 1152 561 φαίνηται
1192 489 1402 558 χαλεπὸς
1447 491 1472 540 ὁ
1518 488 1682 554 λόγος,

59 578 201 628 5ταῖς
234 573 437 640 ἐρεύναις
471 579 753 641 περινοστεῖ,
781 575 856 625 καὶ
892 577 1232 643 φιλοπευστῶν
1265 573 1319 623 οὐ
1353 571 1566 624 παύεται.
1611 571 1692 621 καί

100 678 180 719 μοι
219 659 348 707 δοκεῖ
380 656 592 707 τοιοῦτόν
625 679 671 707 τι
705 657 954 724 χρησίμως
989 657 1258 721 ἐπείγεσθαι
1293 658 1422 720 δρᾶν,
1450 652 1613 705 ὁποῖόν
1644 675 1725 703 ‘sca
1756 670 1841 704 358
1857 668 1910 703 A.

102 739 226 806 φασὶ
254 738 337 792 τὰς
364 737 719 805 εὐδρομωτάτας
746 740 821 788 καὶ
849 736 1121 804 θηρευτικᾶς
1147 736 1497 803 ἀπεργάζεσθαι
1530 734 1686 793 κύνας,

101 819 149 870 αἳ
182 818 301 886 πρὸς
336 820 564 885 αἴσθησιν
594 821 680 884 τὴν
711 819 786 871 διὰ
819 822 960 887 ῥινῶν
991 819 1183 883 πολλὴν
1213 818 1408 886 ε”χουσαι
1440 816 1573 889 παρὰ
1606 819 1689 880 τῆς

102 901 295 969 φύσεως
333 901 420 965 τὴν
458 901 677 970 ὀξύτητα,
716 901 801 956 τὰς
838 906 932 952 τῶν
971 901 1260 968 ζητουμένων
1299 898 1576 958 καταδύσεις
1620 900 1689 948 ἀεὶ

36 1003 84 1027 10
101 982 411 1051 περιθέουσιν.
477 983 506 1049 ἢ
556 983 649 1049 γὰρ
702 985 804 1051 οὐχὶ
853 983 973 1050 πρὸς
1024 984 1245 1047 τοιαύτην
1296 981 1401 1033 τινὰ
1454 980 1540 1045 τὴν
1591 980 1689 1049 ἕξιν

1750 1059 1889 1090 Εε.ςΧί.

212 1066 225 1082 ι
360 1064 373 1080 x
524 1065 536 1081 x
661 1068 674 1084 χ
954 1064 967 1080 x
1043 1063 1063 1084 ‘e
1192 1063 1203 1079 t
1343 1065 1366 1082 ,ν
1471 1070 1498 1094 6<
1637 1067 1657 1076 Α

101 1073 294 1116 καλεσει
328 1089 381 1117 το
414 1070 575 1134 σοφον
601 1089 677 1117 και
707 1070 1004 1132 προφητικον
1030 1067 1117 1116 ωδε
1144 1071 1310 1131 λογιον
1336 1087 1445 1132 εχον
1521 1067 1689 1128 Ζητων
1755 1112 1804 1134 ¹2·

103 1155 131 1178 ‘⁵
156 1148 292 1215 ζήτει,
335 1151 410 1199 καὶ
454 1150 562 1215 παρ’
603 1149 703 1211 ἐμοὶ
749 1147 859 1198 οἴκει
882 1149 924 1210 ;”
966 1147 1057 1215 χρὴ
1103 1146 1196 1214 γὰρ
1247 1147 1473 1214 ζητοῦντα
1517 1146 1686 1213 ζητεῖν,

102 1230 332 1294 τουτέστι,
359 1230 722 1295 συντονωτάτην
748 1234 811 1284 εἰς
836 1236 976 1281 τοῦτο
1006 1230 1092 1295 τὴν
1117 1229 1384 1296 προθυμίαν
1410 1228 1692 1297 εἰσφέροντα

103 1311 168 1376 μὴ
195 1312 608 1382 ἀπονοσφίζεσθαί
628 1336 710 1364 ποι
735 1311 854 1378 πρὸς
881 1313 1125 1382 ἐξιτήλους
1151 1313 1340 1375 ἐννοίας,
1361 1313 1471 1362 ἀλλ’
1501 1311 1692 1380 ὅσῳπερ
1710 1326 1737 1368 b

38 1412 86 1452 15
106 1393 162 1445 ἂν
198 1396 583 1463 ἀποτραχύνηταί
614 1418 659 1446 τι
692 1394 810 1462 πρὸς
846 1395 1134 1463 δυσχέρειαν,
1160 1394 1376 1464 τοσούτῳ
1413 1393 1468 1459 δὴ
1505 1398 1695 1457 μᾶλλον

106 1477 314 1546 ὀξυτέρῳ
364 1477 693 1544 προσέχεσθαι
744 1481 823 1546 νῷ,
875 1479 950 1527 καὶ
1001 1477 1306 1543 γοργοτέραις
1356 1476 1696 1540 ἐνθυμημάτων

106 1559 428 1626 ἐκπολιορκεῖν
476 1564 780 1625 προσβολαῖς
830 1557 885 1610 τὸ
937 1558 1272 1626 κρυπτόμενον.
1343 1558 1475 1610 ἀλλὰ
1523 1557 1616 1625 γὰρ
1669 1559 1694 1609 ὁ

107 1640 304 1707 ἀτριβής
330 1664 379 1692 τε
407 1643 481 1692 καὶ
509 1641 890 1709 ἀχειραγώγητος
916 1647 1036 1704 νοῦς,
1057 1642 1172 1708 ὅπερ
1199 1640 1256 1693 ἂν
1280 1641 1422 1693 αὐτὸν
1448 1640 1695 1708 ἀνατρέχῃ,

106 1729 246 1776 τοῦτο
289 1724 479 1777 πάντως
524 1723 751 1793 ἐξυβρίζει
796 1728 896 1778 ταῖς
941 1724 1204 1787 ἀπειθείαις,
1246 1726 1321 1775 καὶ
1360 1726 1422 1778 ὡς
1464 1725 1695 1787 κίβδηλον

40 1829 90 1855 20
108 1805 374 1872 ἐκτρέπεται
401 1805 454 1858 τὸ
481 1811 633 1868 νικῶν,
660 1807 717 1875 ἐξ
739 1805 1020 1857 ἀπαιδεύτου
1047 1805 1257 1873 θράσους
1285 1808 1360 1857 καὶ
1391 1810 1453 1860 εἰς
1486 1805 1694 1872 ἐσχάτην

107 1888 376 1950 ἀναβαίνων
407 1887 688 1957 ὑπεροψίαν.
743 1886 798 1938 τὸ
837 1887 930 1954 γὰρ
968 1890 1130 1952 μηδενὶ
1167 1893 1466 1957 παραχωρεῖν
1504 1887 1694 1950 ἐθέλειν,
1715 1917 1737 1944 0

107 1969 225 2036 μηδὲ
268 1970 455 2022 οἴεσθαί
495 1993 539 2021 τι
584 1970 739 2037 μεῖζον
782 1970 1007 2038 ὑπάρχειν
1050 1971 1207 2035 αὐτοῦ,
1252 1976 1352 2025 πῶς
1398 1972 1481 2022 οὐκ
1525 1969 1584 2022 ἂν
1629 1970 1696 2035 ε’ίη

107 2053 294 2116 λοιπὸν,
328 2052 444 2120 ὅπερ
482 2053 652 2119 ἀρτίως
690 2051 964 2119 εἰρήκαμεν,

184 2135 353 2205 Τούτῳ
383 2133 726 2203 περιπεσόντας
759 2138 826 2204 τῷ
860 2134 1000 2186 πάθει
1035 2137 1110 2186 καὶ
1145 2135 1254 2191 τοὺς
1278 2137 1531 2190 Ἰουδαίους
1557 2135 1692 2203 εὑρή-

43 2231 91 2271 25
110 2241 261 2281 σομεν
292 2222 355 2271 εἷς
392 2217 478 2281 τὴν
507 2223 590 2268 τοῦ
627 2215 908 2282 πράγματος
948 2219 1219 2285 ἀφορῶντες
1257 2218 1422 2287 φύσιν.
1478 2218 1579 2270 δεόν
1605 2218 1698 2284 γὰρ

112 2297 279 2353 αὐτοὺς
312 2298 667 2366 παραδέχεσθαι
700 2298 786 2362 μὲν
812 2301 1082 2365 ἀμελ[λ]ητὶ
1109 2306 1192 2352 τοῦ
1221 2304 1441 2368 Σωτῆρος
1471 2300 1580 2355 τοὺς
1615 2301 1698 2351 λό-

111 2405 239 2449 γους,
264 2379 712 2448 προτεθαυμακότας
750 2382 838 2446 ἤδη
878 2381 955 2433 διὰ
992 2387 1195 2435 πολλῶν
1223 2382 1309 2447 τὴν
1344 2386 1580 2449 θεοπρεπῆ
1621 2383 1698 2434 δύ-

113 2487 252 2528 ναμιν
273 2464 414 2515 αὐτοῦ
441 2466 515 2514 καὶ
541 2464 628 2528 τὴν
654 2465 725 2531 ἐφ’
748 2462 930 2516 ἅπασιν
957 2465 1144 2533 ἄμαχον
1169 2466 1406 2534 ἐξουσίαν,
1427 2468 1501 2517 ἐπὶ
1528 2465 1576 2516 δὲ
1601 2470 1699 2521 τοῖς

113 2546 412 2615 δυσεφίκτοις
451 2549 806 2614 φιλοπευστεῖν,
845 2549 920 2598 καὶ
962 2547 1267 2599 παιδεύεσθαι
1312 2552 1505 2612 μᾶλλον
1542 2572 1696 2616 παρα-

161 2720 192 2754 3.
221 2707 522 2753 ἐγκατακλείεσθαι
542 2707 583 2741 Β.
652 2710 856 2754 μελλησμὸν
873 2710 1022 2744 correxit
1042 2709 1177 2755 Migne.
1246 2711 1512 2755 καταδεξάμενος
1532 2710 1573 2745 Β.
1590 2726 1700 2756 παρα-

114 2757 297 2800 δεξάμενος
315 2754 383 2788 Ed.
501 2767 534 2797 4.
560 2753 635 2800 ἐφ’]
655 2755 690 2788 ἐν
710 2755 752 2790 Β.
864 2767 896 2799 5.
922 2756 1011 2802 ταῖς]
1032 2758 1084 2790 καὶ
1105 2757 1241 2801 Migne.
1361 2758 1394 2791 6.
1421 2760 1575 2792 τοιοῦτόν
1591 2757 1639 2804 τι]
1661 2758 1700 2793 τὸ

113 2804 268 2838 τοιοῦτόν
285 2816 358 2836 τινα
378 2801 419 2835 Β.
469 2816 501 2835 τι
520 2800 595 2846 alt.]
615 2817 651 2835 τε
672 2802 712 2835 Β.
810 2814 843 2848 9.
861 2803 913 2837 ἀεὶ
931 2803 1131 2839 καταδύσεις
1148 2804 1287 2838 inverso
1305 2804 1427 2838 ordine
1447 2805 1489 2839 B.
1590 2817 1642 2840 11.
1662 2807 1701 2840 τὸ

116 2850 159 2885 Β.
177 2851 237 2884 τὸν
255 2848 321 2883 Ed.
504 2857 557 2891 15.
584 2847 641 2895 δὴ]
662 2849 713 2882 δεῖ
731 2849 773 2883 Β.
960 2850 1012 2885 16.
1036 2850 1274 2895 προσ-ἔχεσθαι
1295 2851 1336 2885 Β.
1355 2852 1615 2897 προσέρχεσθαι
1634 2852 1701 2887 Ed.

118 2906 172 2942 17.
197 2897 264 2942 γὰρ
282 2907 351 2929 om.
369 2894 410 2928 B.
603 2906 658 2929 22.
685 2894 733 2941 τι]
753 2897 793 2930 τὸ
813 2896 854 2930 Β.
1047 2897 1102 2931 26.
1129 2897 1296 2942 ἀμελλητὶ
1315 2899 1448 2933 correxi
1465 2904 1545 2944 post
1564 2899 1700 2945 Migne.

116 2945 171 2979 28.
198 2944 330 2988 ἄμαχον
347 2941 402 2987 ἐφ’
421 2942 548 2976 ἅπασιν
565 2941 703 2976 inverso
721 2942 844 2978 ordine
863 2943 906 2979 B.
