2073 3296
115 566 202 596 Heb.
217 565 239 596 i.

115 724 208 754 Infra

114 768 180 799 xiv.
203 777 233 808 9.

115 1059 170 1093 36
190 1057 239 1091 A.

112 1379 168 1411 Ps.
184 1379 248 1412 cix.

337 176 394 215 54
740 177 790 218 B.
824 177 1095 218 CYRILLI
1136 176 1516 219 ALEXANDR.
1832 178 1858 219 i.
1883 190 1921 221 2.

298 371 322 400 e
362 353 493 396 ’Άλλο
515 356 611 408 πρὸς
632 355 676 397 τὸ
697 357 786 398 ἴσον
807 357 852 407 τῇ
875 356 1072 398 ἀντιθέσει
1093 358 1241 410 σχῆμα,
1265 358 1328 398 διὰ
1347 358 1413 408 τῆς
1435 358 1488 401 εἰς
1508 357 1657 399 ἄτοπον
1677 358 1902 411 ἀπαγωγῆς.

411 480 497 534 Ὠς
533 480 749 543 οὐδεμίαν
774 480 894 548 ἔχων
918 479 1240 546 παραλλαγὴν
1269 479 1388 547 πρὸς
1422 481 1505 532 τὸν
1535 483 1699 533 ἑαυτοῦ
1732 480 1925 547 Πατέρα

338 561 363 611 ὁ
390 560 517 623 Υἱὸς,
545 560 677 612 εἰκὼν
709 560 757 612 δὲ
793 561 1017 628 ὑπάρχων
1048 559 1382 627 ἀκριβεστάτη,
1410 569 1438 592 “
1458 564 1533 613 καὶ
1566 561 1809 630 χαρακτὴρ
1842 564 1926 626 τῆς

338 649 366 672 “
393 640 702 696 ὑποστάσεως
728 643 914 701 αὐτοῦ,”
942 642 1060 709 πρὸς
1087 642 1195 697 τοὺς
1220 644 1386 694 ἑαυτοῦ
1418 644 1631 708 μαθητὰς
1665 644 1925 710 εὑρίσκεται

385 724 398 740 Ι
572 725 583 740 t
681 725 691 739 t
833 724 846 740 X
935 726 944 740 5
989 724 1001 741 ἱ
1053 727 1062 741 Q
1085 725 1098 741 Ι
1285 723 1300 740 Χ
1487 724 1500 742 Ι
1576 726 1601 742 9)
1671 727 1681 741 D
1755 725 1766 741 θ
1820 723 1841 743 Ἰ

337 731 494 789 λεγων
526 730 552 754 “
588 728 635 775 O
670 747 886 791 εωρακως
923 748 1001 789 εμε
1041 747 1212 791 εωρακε
1253 748 1336 776 τον
1363 729 1569 792 Πατερα.
1654 731 1756 775 αλλ
1799 745 1966 791 ειπερ5

335 806 481 859 οὕτως
518 804 638 873 ἔχων
676 805 926 870 ὀμοούσιός
960 807 1064 857 ἐστι
1101 808 1168 875 τῷ
1208 807 1378 873 Πατρὶ,
1417 805 1503 871 τὴν
1541 804 1589 857 δὲ
1629 810 1690 860 εἰς
1729 806 1926 870 ἄλληλα

334 883 520 938 πάντως
572 883 806 953 ἀνάχυσιν
850 885 1107 954 ἐπιδέξεται
1150 883 1210 936 τὰ
1255 883 1499 949 ὀμοούσια,
1540 884 1673 936 οὐδὲν
1718 883 1926 936 κωλύσει

335 965 455 1017 κατὰ
505 965 560 1018 τὸ
611 966 730 1021 εἰκὸς
774 967 968 1034 Πατέρα
1016 970 1226 1018 νοεῖσθαι
1269 966 1353 1018 τὸν
1393 966 1526 1030 Υἱὸν,
1567 968 1630 1021 ὡς
1673 966 1927 1030 ὁμοούσιον

297 1050 507 1115 ἑῑΠατρι,
549 1070 625 1099 και
665 1053 952 1116 μεταχωρεῖν
989 1052 1052 1103 εἰς
1093 1050 1236 1099 ἐκεῖνο
1275 1047 1545 1113 δυνάμενον,
1584 1047 1768 1102 οὐδενος
1807 1071 1927 1116 προς

334 1135 473 1181 τοῦτο
498 1130 914 1197 παραποδίζοντος,
935 1130 1062 1197 είπερ
1088 1130 1278 1199 ἐξαρκεῖ
1295 1129 1415 1196 πρὸς
1440 1129 1523 1181 τὸν
1549 1133 1631 1193 τῆς
1655 1133 1927 1195 μεταβολῆς

333 1209 525 1277 τρόπον,
577 1212 681 1276 ἤτοι
731 1210 1087 1275 μεταστάσεως,
1137 1213 1162 1262 ὁ
1212 1214 1295 1275 τῆς
1347 1210 1711 1276 ὁμοουσιότητος
1762 1210 1923 1278 λόγος.

334 1294 500 1344 οὐκοῦν
526 1293 724 1345 νοείσθω
753 1292 969 1360 Πατὴρ
951 1316 975 1344 ο
1001 1292 1129 1356 Υὶος,
1151 1293 1328 1359 λεγέτω
1357 1291 1420 1355 δε,
1448 1293 1509 1347 ὡς
1536 1298 1674 1344 τοῦτο
1702 1291 1927 1361 ὑπάρχων

333 1374 437 1439 ἤδη,
478 1373 599 1441 πρὸς
642 1373 725 1425 τὸν
769 1376 959 1439 ἀληθῶς
1005 1374 1119 1426 ὅντα
1161 1374 1356 1441 Πατέρα
1397 1375 1533 1425 “Ἐκ
1576 1373 1788 1441 γαστρὸς
1831 1374 1926 1441 πρὸ

335 1461 363 1484 “
388 1453 638 1524 ἑωσφόρον
676 1453 964 1524 ἐξεγέννησά
1002 1457 1103 1507 σε·”
1158 1455 1533 1520 ἀναλαμβανέτω
1573 1454 1622 1507 δὲ
1661 1460 1721 1510 εἷς
1762 1455 1928 1507 ἑαυτὸν

333 1537 410 1587 καὶ
455 1540 620 1588 πᾶσαν
664 1537 830 1591 ἁπλῶς
873 1535 960 1602 τὴν
1003 1539 1158 1605 Πατρὶ
1202 1537 1481 1604 πρέπουσαν
1525 1536 1703 1606 φωνήν.
1771 1537 1826 1588 οὗ
1869 1536 1926 1602 δὴ

334 1616 597 1685 γεγονότος,
623 1617 678 1670 τὸ
704 1622 800 1670 πᾶν
826 1618 915 1684 ἤδη
941 1619 1244 1687 συγκέχυται,
1272 1621 1348 1670 καὶ
1373 1617 1428 1670 τὸ
1454 1620 1521 1669 ἀεὶ
1553 1618 1779 1673 ὡσαύτως
1802 1617 1925 1687 ἕχον,

290 1712 318 1753 b
336 1699 632 1764 τουτέστινὴ
673 1700 786 1766 ἁγία
819 1702 895 1751 καὶ
930 1700 1182 1764 ὁμοούσιος
1214 1699 1374 1767 Τριᾶς,
1410 1700 1776 1765 συσταλήσεται
1807 1699 1926 1767 πρὸς

335 1781 476 1833 ἑνάδα
518 1781 702 1845 λοιπὸν,
743 1781 871 1848 ε’ίπερ
912 1780 967 1833 τὸ
1007 1781 1194 1852 ἑκάστῳ
1238 1783 1406 1849 κυρίως
1450 1805 1500 1833 τε
1543 1783 1620 1833 καὶ
1663 1781 1927 1849 ἰδιαζόντως

335 1861 536 1930 προσὸν,
574 1867 641 1933 τῷ
686 1866 770 1927 τῆς
814 1863 1180 1928 ὃμοουσιότητος
1223 1863 1608 1932 ἀφανισθήσεται
1652 1863 1804 1935 λόγῳ,
1849 1866 1926 1916 καὶ

336 1945 592 2013 ἀνατρέψει
642 1944 728 2009 τὴν
771 1949 866 1996 τῶν
909 1945 1185 2012 προσώπων
1228 1945 1491 2010 διαστολὴν
1535 1946 1563 2010 ἡ
1608 1949 1690 2011 τῆς
1735 1946 1927 2015 φύσεως

335 2025 577 2091 ταυτότης.
647 2026 778 2078 ἀλλὰ
820 2032 959 2078 τοῦτο
1003 2027 1199 2079 ἄτοπον·
1257 2028 1340 2078 οὐκ
1383 2028 1476 2095 ἄρα
1520 2027 1654 2079 ἔσται
1695 2027 1854 2095 Λόγος
1901 2029 1926 2080 ὃ

337 2106 526 2174 Πατὴρ,
582 2109 644 2162 ὦς
702 2108 952 2173 ὁμοούσιος
1004 2107 1165 2179 Λόγῳ,
1217 2114 1347 2173 μενεῖ
1392 2108 1441 2161 δὲ
1498 2109 1738 2176 ἄτρεπτος,
1788 2115 1927 2162 τοῦτο

337 2188 563 2257 ὑπάρχων
612 2189 728 2257 ὅπερ
778 2192 895 2254 ἐστὶ,
943 2191 1031 2243 κᾶν
1076 2191 1159 2260 ἔχῃ
1208 2191 1328 2258 πρὸς
1379 2190 1462 2242 τὸν
1505 2191 1622 2242 ἰ’διον
1661 2190 1823 2257 Λόγον
1870 2189 1926 2242 τὸ

336 2269 552 2340 ὁμοφυὲς,
578 2271 680 2336 ἤτοι
706 2271 761 2323 τὸ
793 2272 1061 2337 ὁμοούσιον.
1113 2274 1189 2325 καὶ
1222 2273 1446 2325 δέδεικται
1479 2271 1651 2325 λοιπὸν
1677 2276 1848 2325 εἰκαῖον
1871 2272 1927 2324 τὸ

336 2352 522 2404 ἐκείνων
546 2353 822 2420 πρόβλημα.

411 2454 546 2484 ΑΛΛο.
590 2437 650 2486 Εἰ
680 2439 772 2489 πᾶς
808 2434 955 2501 λόγος
993 2434 1118 2490 τινός
1152 2438 1256 2488 ἐστι
1293 2435 1451 2503 λόγος,
1485 2442 1568 2488 τοῦ
1605 2436 1927 2504 προσχέοντος

299 2537 320 2563 e
338 2515 432 2568 ἀπὸ
471 2514 689 2583 γλώττης
727 2515 968 2581 δηλονότι,
1010 2516 1039 2582 ἢ
1078 2520 1155 2569 καὶ
1194 2519 1244 2568 ἐκ
1282 2517 1472 2585 καρδίας
1510 2518 1813 2585 ἐρευγομένου
1850 2520 1927 2570 καὶ

337 2597 668 2667 ἀναφέροντος·
730 2598 865 2649 ἔσται
926 2597 975 2649 δὲ
1027 2598 1184 2666 Λόγος
1242 2601 1267 2651 ὁ
1319 2598 1503 2667 Πατὴρ,
1554 2601 1741 2668 ἐπείπερ
1795 2601 1927 2651 ἐστὶν

338 2679 589 2742 ὀμοούσιος
625 2678 785 2750 Λόγῳ·
844 2681 1009 2731 ἑαυτοῦ
1053 2679 1199 2746 λόγος
1243 2680 1378 2732 ἔσται
1423 2679 1607 2744 λοιπὸν,
1645 2685 1838 2745 μᾶλλον
1875 2680 1926 2732 δὲ

1949 1157 1996 1182 10

1949 1561 1996 1599 15

1948 1975 1998 2001 20

1949 2379 1997 2418 25

339 2760 536 2825 οὐδενὸς,
574 2760 602 2826 ἢ
642 2763 718 2812 καὶ
757 2760 882 2816 ὅλως
920 2762 1007 2830 οὐχ
1048 2761 1259 2830 ὑπάρχει·
1318 2766 1419 2817 πῶς
1457 2761 1551 2830 γὰρ
1590 2763 1725 2815 ἔσται
1763 2761 1924 2829 λόγος,
1946 2783 1996 2820 30

383 2922 417 2956 6.
442 2922 531 2966 ἔχων
547 2921 652 2958 οὕτως
669 2922 806 2960 inverso
823 2923 946 2959 ordine
964 2923 1007 2958 B.
1137 2936 1171 2969 9.
1197 2923 1322 2960 ἐκεῖνον
1341 2923 1383 2959 Β.
1519 2935 1572 2960 10.
1597 2924 1683 2970 πρὸς
1701 2928 1923 2970 assumptum

337 2980 376 3002 ex
398 2968 486 3003 B.E.
506 2968 603 3004 deest
620 2969 656 3004 in
675 2970 722 3006 D.
867 2981 922 3005 20.
948 2969 968 3016 ἡ
986 2981 1057 3006 om.
1078 2970 1121 3006 B.
