<?xml version="1.0" encoding="UTF-8"?>
<!DOCTYPE html PUBLIC "-//W3C//DTD XHTML 1.0 Transitional//EN"
    "http://www.w3.org/TR/xhtml1/DTD/xhtml1-transitional.dtd">
<html xmlns="http://www.w3.org/1999/xhtml" xml:lang="en" lang="en">
 <head>
  <title>
</title>
<meta http-equiv="Content-Type" content="text/html;charset=utf-8" />
  <meta name='ocr-system' content='tesseract 3.04.00' />
  <meta name='ocr-capabilities' content='ocr_page ocr_carea ocr_par ocr_line ocrx_word'/>
</head>
<body>
  <div class='ocr_page' id='page_1' title='image "./operacyrilli03cyriuoft_0812.png"; bbox 0 0 2084 3317; ppageno 0'>
   <div class='ocr_carea' id='block_1_1' title="bbox 351 148 1941 201">
    <p class='ocr_par' dir='ltr' id='par_1_1' title="bbox 351 148 1941 201">
     <span class='ocr_line' id='line_1_1' title="bbox 351 148 1941 201; baseline -0.002 -13"><span class='ocrx_word' id='word_1_1' title='bbox 351 149 434 189; x_wconf 83' lang='lat'>720</span> <span class='ocrx_word' id='word_1_2' title='bbox 752 149 802 188; x_wconf 91' lang='lat' dir='ltr'>B.</span> <span class='ocrx_word' id='word_1_3' title='bbox 836 148 1114 189; x_wconf 86' lang='lat' dir='ltr'>CYRILLI</span> <span class='ocrx_word' id='word_1_4' title='bbox 1157 149 1536 190; x_wconf 79' lang='lat' dir='ltr'><strong>ALEXANDR.</strong></span> <span class='ocrx_word' id='word_1_5' title='bbox 1769 149 1853 190; x_wconf 89' lang='lat' dir='ltr'>viii.</span> <span class='ocrx_word' id='word_1_6' title='bbox 1877 158 1941 201; x_wconf 88' lang='lat'>15.</span> 
     </span>
    </p>
   </div>
   <div class='ocr_carea' id='block_1_2' title="bbox 123 256 2084 2623">
    <p class='ocr_par' dir='ltr' id='par_1_2' title="bbox 123 256 2084 2623">
     <span class='ocr_line' id='line_1_2' title="bbox 351 256 1944 324; baseline 0.001 -18"><span class='ocrx_word' id='word_1_7' title='bbox 351 256 502 307; x_wconf 82' lang='grc' dir='ltr'><em>αἰτίαν</em></span> <span class='ocrx_word' id='word_1_8' title='bbox 552 257 1020 309; x_wconf 86' lang='grc' dir='ltr'>καταλευκαίνουσιν.</span> <span class='ocrx_word' id='word_1_9' title='bbox 1096 258 1121 308; x_wconf 85' lang='grc' dir='ltr'><em>ὃ</em></span> <span class='ocrx_word' id='word_1_10' title='bbox 1175 257 1222 308; x_wconf 80' lang='grc' dir='ltr'>δὲ</span> <span class='ocrx_word' id='word_1_11' title='bbox 1278 256 1453 324; x_wconf 84' lang='grc' dir='ltr'>Κύριος</span> <span class='ocrx_word' id='word_1_12' title='bbox 1504 258 1637 322; x_wconf 87' lang='grc' dir='ltr'>ἡμῶν</span> <span class='ocrx_word' id='word_1_13' title='bbox 1680 258 1868 320; x_wconf 87' lang='grc' dir='ltr'>Ἰησοῦς</span> <span class='ocrx_word' id='word_1_14' title='bbox 1918 258 1944 307; x_wconf 85' lang='grc' dir='ltr'>ὁ</span> 
     </span>
     <span class='ocr_line' id='line_1_3' title="bbox 350 337 1943 408; baseline 0.002 -20"><span class='ocrx_word' id='word_1_15' title='bbox 350 337 565 403; x_wconf 85' lang='grc' dir='ltr'>Χριστὸς</span> <span class='ocrx_word' id='word_1_16' title='bbox 615 341 691 389; x_wconf 81' lang='grc' dir='ltr'>καὶ</span> <span class='ocrx_word' id='word_1_17' title='bbox 741 339 1122 408; x_wconf 85' lang='grc' dir='ltr'>δυσφημούντων</span> <span class='ocrx_word' id='word_1_18' title='bbox 1172 338 1399 407; x_wconf 79' lang='grc' dir='ltr'>ἀνέχεται,</span> <span class='ocrx_word' id='word_1_19' title='bbox 1456 341 1532 390; x_wconf 83' lang='grc' dir='ltr'>καὶ</span> <span class='ocrx_word' id='word_1_20' title='bbox 1563 337 1943 403; x_wconf 71' lang='grc' dir='ltr'>λοιδορούμενος</span> 
     </span>
     <span class='ocr_line' id='line_1_4' title="bbox 351 418 1942 488; baseline -0.001 -18"><span class='ocrx_word' id='word_1_21' title='bbox 351 421 542 486; x_wconf 85' lang='grc' dir='ltr'>ὠφελεῖ,</span> <span class='ocrx_word' id='word_1_22' title='bbox 569 423 859 485; x_wconf 85' lang='grc' dir='ltr'>καταδεσμεῖ</span> <span class='ocrx_word' id='word_1_23' title='bbox 880 426 975 472; x_wconf 89' lang='grc' dir='ltr'>τῶν</span> <span class='ocrx_word' id='word_1_24' title='bbox 1001 421 1286 488; x_wconf 75' lang='grc' dir='ltr'>ὑβριζόντων</span> <span class='ocrx_word' id='word_1_25' title='bbox 1313 420 1373 472; x_wconf 82' lang='grc' dir='ltr'>τὰ</span> <span class='ocrx_word' id='word_1_26' title='bbox 1398 420 1661 487; x_wconf 84' lang='grc' dir='ltr'>τραύματα·</span> <span class='ocrx_word' id='word_1_27' title='bbox 1705 418 1837 470; x_wconf 81' lang='grc' dir='ltr'>ἀλλὰ</span> <span class='ocrx_word' id='word_1_28' title='bbox 1866 421 1942 470; x_wconf 82' lang='grc' dir='ltr'>καὶ</span> 
     </span>
     <span class='ocr_line' id='line_1_5' title="bbox 350 499 1943 567; baseline -0.001 -15"><span class='ocrx_word' id='word_1_29' title='bbox 350 501 497 552; x_wconf 89' lang='grc' dir='ltr'>πόθεν</span> <span class='ocrx_word' id='word_1_30' title='bbox 542 503 698 557; x_wconf 84' lang='grc' dir='ltr'>αὐτοῖς</span> <span class='ocrx_word' id='word_1_31' title='bbox 749 502 928 567; x_wconf 84' lang='grc' dir='ltr'>συνέβη</span> <span class='ocrx_word' id='word_1_32' title='bbox 982 508 1140 554; x_wconf 81' lang='grc' dir='ltr'>νοσεῖν</span> <span class='ocrx_word' id='word_1_33' title='bbox 1183 505 1266 566; x_wconf 86' lang='grc' dir='ltr'>τῆς</span> <span class='ocrx_word' id='word_1_34' title='bbox 1316 506 1378 555; x_wconf 80' lang='grc' dir='ltr'>εἷς</span> <span class='ocrx_word' id='word_1_35' title='bbox 1428 500 1570 553; x_wconf 77' lang='grc' dir='ltr'>αὐτὸν</span> <span class='ocrx_word' id='word_1_36' title='bbox 1611 501 1834 555; x_wconf 74' lang='grc' dir='ltr'>ἀπιστίας</span> <span class='ocrx_word' id='word_1_37' title='bbox 1883 499 1943 551; x_wconf 81' lang='grc' dir='ltr'>τὰ</span> 
     </span>
     <span class='ocr_line' id='line_1_6' title="bbox 351 581 1984 654; baseline -0.001 -20"><span class='ocrx_word' id='word_1_38' title='bbox 351 583 643 649; x_wconf 87' lang='grc' dir='ltr'>ἐγκλήματα,</span> <span class='ocrx_word' id='word_1_39' title='bbox 670 585 918 650; x_wconf 78' lang='grc' dir='ltr'>καταλέγει</span> <span class='ocrx_word' id='word_1_40' title='bbox 951 584 1322 654; x_wconf 88' lang='grc' dir='ltr'>διαφανέστατα.</span> <span class='ocrx_word' id='word_1_41' title='bbox 1373 587 1496 652; x_wconf 68' lang='grc' dir='ltr'>ὑμεῖς</span> <span class='ocrx_word' id='word_1_42' title='bbox 1530 583 1623 649; x_wconf 84' lang='grc' dir='ltr'>γάρ</span> <span class='ocrx_word' id='word_1_43' title='bbox 1659 587 1783 652; x_wconf 89' lang='grc' dir='ltr'>φησι</span> <span class='ocrx_word' id='word_1_44' title='bbox 1819 581 1941 634; x_wconf 72' lang='grc' dir='ltr'>κατα</span> <span class='ocrx_word' id='word_1_45' title='bbox 1963 594 1984 632; x_wconf 93' lang='grc'><strong><em>5</em></strong></span> 
     </span>
     <span class='ocr_line' id='line_1_7' title="bbox 351 663 1938 736; baseline 0.001 -20"><span class='ocrx_word' id='word_1_46' title='bbox 351 663 420 725; x_wconf 57' lang='grc' dir='ltr'>τὴν</span> <span class='ocrx_word' id='word_1_47' title='bbox 463 665 617 735; x_wconf 65' lang='grc' dir='ltr'>σάρκα</span> <span class='ocrx_word' id='word_1_48' title='bbox 665 668 832 736; x_wconf 78' lang='grc' dir='ltr'>κρίνετε,</span> <span class='ocrx_word' id='word_1_49' title='bbox 874 666 1104 729; x_wconf 79' lang='grc' dir='ltr'>τουτέστι,</span> <span class='ocrx_word' id='word_1_50' title='bbox 1146 670 1415 729; x_wconf 81' lang='grc' dir='ltr'>πλανᾶσθε,</span> <span class='ocrx_word' id='word_1_51' title='bbox 1460 667 1536 717; x_wconf 80' lang='grc' dir='ltr'>καὶ</span> <span class='ocrx_word' id='word_1_52' title='bbox 1579 666 1689 716; x_wconf 83' lang='grc' dir='ltr'>λίαν</span> <span class='ocrx_word' id='word_1_53' title='bbox 1733 664 1938 726; x_wconf 77' lang='grc' dir='ltr'>εἰκότως,</span> 
     </span>
     <span class='ocr_line' id='line_1_8' title="bbox 307 745 1944 817; baseline 0.001 -22"><span class='ocrx_word' id='word_1_54' title='bbox 307 747 542 814; x_wconf 76' lang='grc' dir='ltr'>ᾶέπείπερ</span> <span class='ocrx_word' id='word_1_55' title='bbox 582 749 720 814; x_wconf 82' lang='grc' dir='ltr'>ὁρᾶτε</span> <span class='ocrx_word' id='word_1_56' title='bbox 758 748 878 815; x_wconf 80' lang='grc' dir='ltr'>πρὸς</span> <span class='ocrx_word' id='word_1_57' title='bbox 916 747 1066 812; x_wconf 92' lang='grc' dir='ltr'>μόνην</span> <span class='ocrx_word' id='word_1_58' title='bbox 1101 749 1277 812; x_wconf 84' lang='grc' dir='ltr'>ταύτην</span> <span class='ocrx_word' id='word_1_59' title='bbox 1315 747 1383 808; x_wconf 60' lang='grc' dir='ltr'>τὴν</span> <span class='ocrx_word' id='word_1_60' title='bbox 1422 747 1590 817; x_wconf 67' lang='grc' dir='ltr'>σάρκα,</span> <span class='ocrx_word' id='word_1_61' title='bbox 1629 748 1778 798; x_wconf 88' lang='grc' dir='ltr'>καίτοι</span> <span class='ocrx_word' id='word_1_62' title='bbox 1815 745 1944 798; x_wconf 76' lang='grc' dir='ltr'>πολὺ</span> 
     </span>
     <span class='ocr_line' id='line_1_9' title="bbox 352 827 1944 899; baseline -0.001 -20"><span class='ocrx_word' id='word_1_63' title='bbox 352 827 410 892; x_wconf 85' lang='grc' dir='ltr'>δὴ</span> <span class='ocrx_word' id='word_1_64' title='bbox 447 834 640 892; x_wconf 84' lang='grc' dir='ltr'>μᾶλλον</span> <span class='ocrx_word' id='word_1_65' title='bbox 677 834 735 898; x_wconf 79' lang='grc' dir='ltr'>τῇ</span> <span class='ocrx_word' id='word_1_66' title='bbox 775 835 869 882; x_wconf 90' lang='grc' dir='ltr'>τῶν</span> <span class='ocrx_word' id='word_1_67' title='bbox 907 829 1058 897; x_wconf 70' lang='grc' dir='ltr'>ἔργων</span> <span class='ocrx_word' id='word_1_68' title='bbox 1095 830 1479 899; x_wconf 74' lang='grc' dir='ltr'>μεγαλοπρεπείᾳ</span> <span class='ocrx_word' id='word_1_69' title='bbox 1523 827 1776 896; x_wconf 77' lang='grc' dir='ltr'>προσέχειν</span> <span class='ocrx_word' id='word_1_70' title='bbox 1814 829 1944 897; x_wconf 83' lang='grc' dir='ltr'>ὀφεί-</span> 
     </span>
     <span class='ocr_line' id='line_1_10' title="bbox 351 909 1943 976; baseline -0.001 -14"><span class='ocrx_word' id='word_1_71' title='bbox 351 917 534 965; x_wconf 87' lang='grc' dir='ltr'>λοντες·</span> <span class='ocrx_word' id='word_1_72' title='bbox 589 912 669 963; x_wconf 79' lang='grc' dir='ltr'>ἕνα</span> <span class='ocrx_word' id='word_1_73' title='bbox 713 912 762 963; x_wconf 86' lang='grc' dir='ltr'>δὲ</span> <span class='ocrx_word' id='word_1_74' title='bbox 807 917 902 964; x_wconf 89' lang='grc' dir='ltr'>τῶν</span> <span class='ocrx_word' id='word_1_75' title='bbox 944 913 1054 963; x_wconf 91' lang='grc' dir='ltr'>καθ’</span> <span class='ocrx_word' id='word_1_76' title='bbox 1100 913 1218 976; x_wconf 83' lang='grc' dir='ltr'>ὑμᾶς</span> <span class='ocrx_word' id='word_1_77' title='bbox 1263 910 1377 963; x_wconf 78' lang='grc' dir='ltr'>εἶναι</span> <span class='ocrx_word' id='word_1_78' title='bbox 1419 910 1722 964; x_wconf 82' lang='grc' dir='ltr'>πιστεύοντες</span> <span class='ocrx_word' id='word_1_79' title='bbox 1769 909 1844 962; x_wconf 79' lang='grc' dir='ltr'>διὰ</span> <span class='ocrx_word' id='word_1_80' title='bbox 1889 909 1943 961; x_wconf 80' lang='grc' dir='ltr'>τὸ</span> 
     </span>
     <span class='ocr_line' id='line_1_11' title="bbox 351 990 2014 1063; baseline -0.001 -19"><span class='ocrx_word' id='word_1_81' title='bbox 351 994 705 1062; x_wconf 87' lang='grc' dir='ltr'>κατημφιέσθαι</span> <span class='ocrx_word' id='word_1_82' title='bbox 740 998 798 1062; x_wconf 84' lang='grc' dir='ltr'>τῇ</span> <span class='ocrx_word' id='word_1_83' title='bbox 833 994 1032 1063; x_wconf 75' lang='grc' dir='ltr'>ὑμετέρᾳ</span> <span class='ocrx_word' id='word_1_84' title='bbox 1065 995 1222 1060; x_wconf 74' lang='grc' dir='ltr'>σαρκὶ,</span> <span class='ocrx_word' id='word_1_85' title='bbox 1250 991 1551 1063; x_wconf 76' lang='grc' dir='ltr'>ἐξηπάτησθε</span> <span class='ocrx_word' id='word_1_86' title='bbox 1589 996 1759 1056; x_wconf 80' lang='grc' dir='ltr'>δεινῶς,</span> <span class='ocrx_word' id='word_1_87' title='bbox 1787 994 1862 1043; x_wconf 83' lang='grc' dir='ltr'>καὶ</span> <span class='ocrx_word' id='word_1_88' title='bbox 1888 990 1942 1043; x_wconf 79' lang='grc' dir='ltr'>τὸ</span> <span class='ocrx_word' id='word_1_89' title='bbox 1967 1011 2014 1035; x_wconf 88' lang='lat'>10</span> 
     </span>
     <span class='ocr_line' id='line_1_12' title="bbox 349 1073 1942 1144; baseline -0.001 -17"><span class='ocrx_word' id='word_1_90' title='bbox 349 1075 476 1136; x_wconf 74' lang='grc' dir='ltr'>βαθὺ</span> <span class='ocrx_word' id='word_1_91' title='bbox 494 1079 575 1140; x_wconf 85' lang='grc' dir='ltr'>τῆς</span> <span class='ocrx_word' id='word_1_92' title='bbox 595 1076 713 1140; x_wconf 78' lang='grc' dir='ltr'>μετὰ</span> <span class='ocrx_word' id='word_1_93' title='bbox 732 1077 912 1144; x_wconf 79' lang='grc' dir='ltr'>σαρκὸς</span> <span class='ocrx_word' id='word_1_94' title='bbox 933 1077 1196 1140; x_wconf 78' lang='grc' dir='ltr'>οἰκονομίας</span> <span class='ocrx_word' id='word_1_95' title='bbox 1223 1077 1306 1127; x_wconf 83' lang='grc' dir='ltr'>οὐκ</span> <span class='ocrx_word' id='word_1_96' title='bbox 1332 1077 1640 1142; x_wconf 89' lang='grc' dir='ltr'>ἐπαθροῦντες</span> <span class='ocrx_word' id='word_1_97' title='bbox 1667 1073 1942 1140; x_wconf 88' lang='grc' dir='ltr'>μυστήριον,</span> 
     </span>
     <span class='ocr_line' id='line_1_13' title="bbox 349 1156 1944 1227; baseline 0.001 -18"><span class='ocrx_word' id='word_1_98' title='bbox 349 1157 683 1223; x_wconf 80' lang='grc' dir='ltr'>ἀβουλοτάτην</span> <span class='ocrx_word' id='word_1_99' title='bbox 709 1160 778 1210; x_wconf 84' lang='grc' dir='ltr'>ἐπ’</span> <span class='ocrx_word' id='word_1_100' title='bbox 801 1161 900 1222; x_wconf 80' lang='grc' dir='ltr'>ἐμοὶ</span> <span class='ocrx_word' id='word_1_101' title='bbox 926 1158 1013 1223; x_wconf 84' lang='grc' dir='ltr'>τὴν</span> <span class='ocrx_word' id='word_1_102' title='bbox 1036 1161 1208 1227; x_wconf 77' lang='grc' dir='ltr'>ψῆφον</span> <span class='ocrx_word' id='word_1_103' title='bbox 1228 1156 1413 1224; x_wconf 75' lang='grc' dir='ltr'>ὁρίζετε,</span> <span class='ocrx_word' id='word_1_104' title='bbox 1433 1156 1698 1225; x_wconf 78' lang='grc' dir='ltr'>ψεύδεσθαι</span> <span class='ocrx_word' id='word_1_105' title='bbox 1724 1156 1944 1222; x_wconf 85' lang='grc' dir='ltr'>λέγοντες</span> 
     </span>
     <span class='ocr_line' id='line_1_14' title="bbox 348 1237 1942 1307; baseline -0.001 -17"><span class='ocrx_word' id='word_1_106' title='bbox 348 1238 435 1304; x_wconf 86' lang='grc' dir='ltr'>τὴν</span> <span class='ocrx_word' id='word_1_107' title='bbox 476 1240 716 1304; x_wconf 82' lang='grc' dir='ltr'>ἀλήθειαν.</span> <span class='ocrx_word' id='word_1_108' title='bbox 785 1239 873 1307; x_wconf 63' lang='grc' dir='ltr'>ἐγὼ</span> <span class='ocrx_word' id='word_1_109' title='bbox 916 1239 965 1292; x_wconf 78' lang='grc' dir='ltr'>δὲ</span> <span class='ocrx_word' id='word_1_110' title='bbox 1005 1239 1059 1291; x_wconf 79' lang='grc' dir='ltr'>τὸ</span> <span class='ocrx_word' id='word_1_111' title='bbox 1105 1240 1275 1307; x_wconf 84' lang='grc' dir='ltr'>κρίνειν</span> <span class='ocrx_word' id='word_1_112' title='bbox 1317 1241 1436 1303; x_wconf 82' lang='grc' dir='ltr'>ὑμᾶς</span> <span class='ocrx_word' id='word_1_113' title='bbox 1479 1242 1542 1293; x_wconf 81' lang='grc' dir='ltr'>εἰς</span> <span class='ocrx_word' id='word_1_114' title='bbox 1583 1237 1745 1304; x_wconf 83' lang='grc' dir='ltr'>καιρὸν</span> <span class='ocrx_word' id='word_1_115' title='bbox 1785 1238 1942 1304; x_wconf 80' lang='grc' dir='ltr'>ἕτερον</span> 
     </span>
     <span class='ocr_line' id='line_1_15' title="bbox 123 1319 1942 1407; baseline -0.002 -33"><span class='ocrx_word' id='word_1_116' title='bbox 123 1322 285 1407; x_wconf 50' lang='grc' dir='ltr'>ῗξξπὸῑῦ·</span> <span class='ocrx_word' id='word_1_117' title='bbox 350 1322 678 1389; x_wconf 80' lang='grc' dir='ltr'>ὑπερθήσομαι</span> <span class='ocrx_word' id='word_1_118' title='bbox 704 1324 830 1374; x_wconf 60' lang='lat' dir='ltr'>“01’ae</span> <span class='ocrx_word' id='word_1_119' title='bbox 864 1323 959 1389; x_wconf 79' lang='grc' dir='ltr'>γὰρ</span> <span class='ocrx_word' id='word_1_120' title='bbox 990 1323 1271 1374; x_wconf 81' lang='grc' dir='ltr'>ἀπέστειλεν</span> <span class='ocrx_word' id='word_1_121' title='bbox 1299 1323 1322 1373; x_wconf 87' lang='grc' dir='ltr'>ὁ</span> <span class='ocrx_word' id='word_1_122' title='bbox 1358 1319 1479 1375; x_wconf 78' lang='grc' dir='ltr'>Θεὸς</span> <span class='ocrx_word' id='word_1_123' title='bbox 1510 1319 1593 1372; x_wconf 84' lang='grc' dir='ltr'>τὸν</span> <span class='ocrx_word' id='word_1_124' title='bbox 1619 1319 1737 1372; x_wconf 77' lang='grc' dir='ltr'>Υιὸν</span> <span class='ocrx_word' id='word_1_125' title='bbox 1764 1323 1825 1374; x_wconf 78' lang='grc' dir='ltr'>εἷς</span> <span class='ocrx_word' id='word_1_126' title='bbox 1858 1319 1942 1371; x_wconf 88' lang='grc' dir='ltr'>τὸν</span> 
     </span>
     <span class='ocr_line' id='line_1_16' title="bbox 309 1401 2053 1474; baseline -0.001 -18"><span class='ocrx_word' id='word_1_127' title='bbox 309 1429 330 1456; x_wconf 84' lang='lat' dir='ltr'>e</span> <span class='ocrx_word' id='word_1_128' title='bbox 350 1411 378 1434; x_wconf 72' lang='lat'>‘⁶</span> <span class='ocrx_word' id='word_1_129' title='bbox 404 1404 589 1469; x_wconf 86' lang='grc' dir='ltr'>κόσμον</span> <span class='ocrx_word' id='word_1_130' title='bbox 614 1405 689 1456; x_wconf 79' lang='grc' dir='ltr'>ἵνα</span> <span class='ocrx_word' id='word_1_131' title='bbox 715 1406 848 1474; x_wconf 84' lang='grc' dir='ltr'>κρίνῃ</span> <span class='ocrx_word' id='word_1_132' title='bbox 875 1405 958 1456; x_wconf 81' lang='grc' dir='ltr'>τὸν</span> <span class='ocrx_word' id='word_1_133' title='bbox 985 1404 1182 1469; x_wconf 87' lang='grc' dir='ltr'>κόσμον,</span> <span class='ocrx_word' id='word_1_134' title='bbox 1209 1405 1319 1455; x_wconf 84' lang='grc' dir='ltr'>ἀλλ’</span> <span class='ocrx_word' id='word_1_135' title='bbox 1346 1404 1423 1455; x_wconf 84' lang='grc' dir='ltr'>ἵνα</span> <span class='ocrx_word' id='word_1_136' title='bbox 1449 1407 1587 1472; x_wconf 82' lang='grc' dir='ltr'>σωθῇ</span> <span class='ocrx_word' id='word_1_137' title='bbox 1617 1404 1642 1454; x_wconf 82' lang='grc' dir='ltr'><em>ὃ</em></span> <span class='ocrx_word' id='word_1_138' title='bbox 1669 1401 1892 1466; x_wconf 87' lang='grc' dir='ltr'>κόσμος.”</span> <span class='ocrx_word' id='word_1_139' title='bbox 1966 1422 2012 1460; x_wconf 84' lang='lat'>15</span> <span class='ocrx_word' id='word_1_140' title='bbox 2051 1459 2053 1461; x_wconf 58' lang='grc'>,</span> 
     </span>
     <span class='ocr_line' id='line_1_17' title="bbox 424 1485 1934 1556; baseline -0.003 -17"><span class='ocrx_word' id='word_1_141' title='bbox 424 1485 574 1552; x_wconf 79' lang='grc' dir='ltr'>Οἶμαι</span> <span class='ocrx_word' id='word_1_142' title='bbox 609 1487 694 1552; x_wconf 78' lang='grc' dir='ltr'>μὲν</span> <span class='ocrx_word' id='word_1_143' title='bbox 721 1488 803 1538; x_wconf 82' lang='grc' dir='ltr'>οῦν</span> <span class='ocrx_word' id='word_1_144' title='bbox 829 1488 912 1538; x_wconf 82' lang='grc' dir='ltr'>οὐκ</span> <span class='ocrx_word' id='word_1_145' title='bbox 948 1486 1181 1556; x_wconf 78' lang='grc' dir='ltr'>ἀκόμψως</span> <span class='ocrx_word' id='word_1_146' title='bbox 1216 1486 1454 1538; x_wconf 83' lang='grc' dir='ltr'>λελύσθαι</span> <span class='ocrx_word' id='word_1_147' title='bbox 1487 1485 1542 1536; x_wconf 79' lang='grc' dir='ltr'>τὸ</span> <span class='ocrx_word' id='word_1_148' title='bbox 1573 1487 1620 1537; x_wconf 88' lang='grc' dir='ltr'>ἐν</span> <span class='ocrx_word' id='word_1_149' title='bbox 1647 1489 1713 1555; x_wconf 71' lang='grc' dir='ltr'>τῷ</span> <span class='ocrx_word' id='word_1_150' title='bbox 1746 1508 1934 1551; x_wconf 88' lang='grc' dir='ltr'>προκει-</span> 
     </span>
     <span class='ocr_line' id='line_1_18' title="bbox 348 1567 1941 1640; baseline -0.001 -20"><span class='ocrx_word' id='word_1_151' title='bbox 348 1569 473 1640; x_wconf 75' lang='grc' dir='ltr'>μένῳ</span> <span class='ocrx_word' id='word_1_152' title='bbox 518 1568 814 1636; x_wconf 76' lang='grc' dir='ltr'>ζητούμενον·</span> <span class='ocrx_word' id='word_1_153' title='bbox 878 1569 991 1620; x_wconf 79' lang='grc' dir='ltr'>ἱέναι</span> <span class='ocrx_word' id='word_1_154' title='bbox 1037 1568 1085 1620; x_wconf 81' lang='grc' dir='ltr'>δὲ</span> <span class='ocrx_word' id='word_1_155' title='bbox 1129 1569 1277 1621; x_wconf 78' lang='grc' dir='ltr'>πάλιν</span> <span class='ocrx_word' id='word_1_156' title='bbox 1319 1570 1395 1619; x_wconf 84' lang='grc' dir='ltr'>καὶ</span> <span class='ocrx_word' id='word_1_157' title='bbox 1442 1569 1496 1620; x_wconf 76' lang='grc' dir='ltr'>δι’</span> <span class='ocrx_word' id='word_1_158' title='bbox 1538 1567 1707 1635; x_wconf 86' lang='grc' dir='ltr'>ἑτέρων</span> <span class='ocrx_word' id='word_1_159' title='bbox 1751 1568 1941 1636; x_wconf 75' lang='grc' dir='ltr'>ἐξέσται</span> 
     </span>
     <span class='ocr_line' id='line_1_19' title="bbox 349 1649 1938 1721; baseline -0.002 -17"><span class='ocrx_word' id='word_1_160' title='bbox 349 1651 666 1718; x_wconf 81' lang='grc' dir='ltr'>θεωρημάτων</span> <span class='ocrx_word' id='word_1_161' title='bbox 697 1651 781 1704; x_wconf 78' lang='grc' dir='ltr'>τὸν</span> <span class='ocrx_word' id='word_1_162' title='bbox 813 1653 881 1703; x_wconf 82' lang='grc' dir='ltr'>ἐπ’</span> <span class='ocrx_word' id='word_1_163' title='bbox 911 1653 1038 1721; x_wconf 74' lang='grc' dir='ltr'>αὐτῷ</span> <span class='ocrx_word' id='word_1_164' title='bbox 1078 1652 1185 1702; x_wconf 84' lang='grc' dir='ltr'>καθ’</span> <span class='ocrx_word' id='word_1_165' title='bbox 1224 1650 1341 1702; x_wconf 79' lang='grc' dir='ltr'>ὅσον</span> <span class='ocrx_word' id='word_1_166' title='bbox 1373 1649 1605 1718; x_wconf 85' lang='grc' dir='ltr'>ἐνδέχεται</span> <span class='ocrx_word' id='word_1_167' title='bbox 1640 1650 1938 1702; x_wconf 82' lang='grc' dir='ltr'>καταλεπτύ-</span> 
     </span>
     <span class='ocr_line' id='line_1_20' title="bbox 349 1730 1944 1804; baseline -0.001 -18"><span class='ocrx_word' id='word_1_168' title='bbox 349 1757 485 1786; x_wconf 93' lang='grc' dir='ltr'>νουσι</span> <span class='ocrx_word' id='word_1_169' title='bbox 513 1740 636 1787; x_wconf 87' lang='grc' dir='ltr'>νοῦν.</span> <span class='ocrx_word' id='word_1_170' title='bbox 688 1738 812 1803; x_wconf 77' lang='grc' dir='ltr'>ὑμεῖς</span> <span class='ocrx_word' id='word_1_171' title='bbox 838 1737 964 1803; x_wconf 88' lang='grc' dir='ltr'>φησι</span> <span class='ocrx_word' id='word_1_172' title='bbox 994 1732 1118 1786; x_wconf 70' lang='grc' dir='ltr'>κατα</span> <span class='ocrx_word' id='word_1_173' title='bbox 1144 1732 1214 1794; x_wconf 58' lang='grc' dir='ltr'>τὴν</span> <span class='ocrx_word' id='word_1_174' title='bbox 1241 1733 1393 1801; x_wconf 69' lang='grc' dir='ltr'>σάρκα</span> <span class='ocrx_word' id='word_1_175' title='bbox 1422 1736 1591 1804; x_wconf 76' lang='grc' dir='ltr'>κρίνετε,</span> <span class='ocrx_word' id='word_1_176' title='bbox 1616 1730 1704 1799; x_wconf 63' lang='grc' dir='ltr'>ἐγῶ</span> <span class='ocrx_word' id='word_1_177' title='bbox 1741 1736 1785 1784; x_wconf 79' lang='grc' dir='ltr'>οὐ</span> <span class='ocrx_word' id='word_1_178' title='bbox 1822 1734 1944 1803; x_wconf 80' lang='grc' dir='ltr'>κρίνω</span> 
     </span>
     <span class='ocr_line' id='line_1_21' title="bbox 350 1814 2084 1885; baseline -0.002 -16"><span class='ocrx_word' id='word_1_179' title='bbox 350 1814 515 1869; x_wconf 52' lang='grc' dir='ltr'>οὐδένα.</span> <span class='ocrx_word' id='word_1_180' title='bbox 582 1817 715 1868; x_wconf 83' lang='grc' dir='ltr'>οὐδέν</span> <span class='ocrx_word' id='word_1_181' title='bbox 754 1822 908 1885; x_wconf 89' lang='grc' dir='ltr'>φησιν</span> <span class='ocrx_word' id='word_1_182' title='bbox 953 1816 1140 1884; x_wconf 74' lang='grc' dir='ltr'>ἔχοντες</span> <span class='ocrx_word' id='word_1_183' title='bbox 1185 1815 1240 1867; x_wconf 79' lang='grc' dir='ltr'>τὸ</span> <span class='ocrx_word' id='word_1_184' title='bbox 1284 1815 1514 1883; x_wconf 82' lang='grc' dir='ltr'>παράπαν</span> <span class='ocrx_word' id='word_1_185' title='bbox 1555 1817 1787 1881; x_wconf 86' lang='grc' dir='ltr'>ἐγκαλεῖν,</span> <span class='ocrx_word' id='word_1_186' title='bbox 1831 1817 1940 1866; x_wconf 86' lang='grc' dir='ltr'>ἀλλ’</span> <span class='ocrx_word' id='word_1_187' title='bbox 1963 1840 2013 1865; x_wconf 85' lang='lat'>20</span> <span class='ocrx_word' id='word_1_188' title='bbox 2062 1815 2084 1857; x_wconf 64' lang='lat' dir='ltr'>s</span> 
     </span>
     <span class='ocr_line' id='line_1_22' title="bbox 348 1896 1943 1967; baseline -0.002 -16"><span class='ocrx_word' id='word_1_189' title='bbox 348 1899 452 1951; x_wconf 79' lang='grc' dir='ltr'>οὐδὲ</span> <span class='ocrx_word' id='word_1_190' title='bbox 485 1904 582 1953; x_wconf 81' lang='grc' dir='ltr'>τοῖς·</span> <span class='ocrx_word' id='word_1_191' title='bbox 617 1899 853 1966; x_wconf 83' lang='grc' dir='ltr'>ἡμετέροις</span> <span class='ocrx_word' id='word_1_192' title='bbox 886 1896 1330 1966; x_wconf 85' lang='grc' dir='ltr'>τερατουργήμασιν</span> <span class='ocrx_word' id='word_1_193' title='bbox 1356 1896 1566 1964; x_wconf 81' lang='grc' dir='ltr'>εὐλόγως</span> <span class='ocrx_word' id='word_1_194' title='bbox 1592 1897 1650 1948; x_wconf 78' lang='grc' dir='ltr'>ἂν</span> <span class='ocrx_word' id='word_1_195' title='bbox 1675 1898 1943 1967; x_wconf 79' lang='grc' dir='ltr'>ἐπισκῆψαι</span> 
     </span>
     <span class='ocr_line' id='line_1_23' title="bbox 124 1979 1942 2046; baseline -0.001 -13"><span class='ocrx_word' id='word_1_196' title='bbox 124 1993 274 2029; x_wconf 82' lang='lat' dir='ltr'><strong>491A·</strong></span> <span class='ocrx_word' id='word_1_197' title='bbox 307 1982 607 2046; x_wconf 71' lang='grc' dir='ltr'>ειδυνάμενοι,</span> <span class='ocrx_word' id='word_1_198' title='bbox 650 1980 726 2032; x_wconf 80' lang='grc' dir='ltr'>διὰ</span> <span class='ocrx_word' id='word_1_199' title='bbox 765 1980 913 2045; x_wconf 91' lang='grc' dir='ltr'>μόνην</span> <span class='ocrx_word' id='word_1_200' title='bbox 954 1981 1040 2045; x_wconf 78' lang='grc' dir='ltr'>μὲν</span> <span class='ocrx_word' id='word_1_201' title='bbox 1080 1979 1166 2044; x_wconf 82' lang='grc' dir='ltr'>τὴν</span> <span class='ocrx_word' id='word_1_202' title='bbox 1208 1979 1367 2046; x_wconf 82' lang='grc' dir='ltr'>σάρκα</span> <span class='ocrx_word' id='word_1_203' title='bbox 1411 1979 1825 2046; x_wconf 83' lang='grc' dir='ltr'>κατασμικρύνετε,</span> <span class='ocrx_word' id='word_1_204' title='bbox 1866 1982 1942 2031; x_wconf 75' lang='grc' dir='ltr'>καὶ</span> 
     </span>
     <span class='ocr_line' id='line_1_24' title="bbox 347 2062 1943 2131; baseline -0.001 -16"><span class='ocrx_word' id='word_1_205' title='bbox 347 2064 532 2131; x_wconf 86' lang='grc' dir='ltr'>ἐπείπερ</span> <span class='ocrx_word' id='word_1_206' title='bbox 559 2064 807 2131; x_wconf 79' lang='grc' dir='ltr'>ἄνθρωπος</span> <span class='ocrx_word' id='word_1_207' title='bbox 832 2064 1012 2129; x_wconf 85' lang='grc' dir='ltr'>ὁρῶμαι</span> <span class='ocrx_word' id='word_1_208' title='bbox 1039 2062 1147 2114; x_wconf 91' lang='grc' dir='ltr'>καθ’</span> <span class='ocrx_word' id='word_1_209' title='bbox 1179 2063 1310 2124; x_wconf 82' lang='grc' dir='ltr'>ὑμᾶς,</span> <span class='ocrx_word' id='word_1_210' title='bbox 1335 2063 1383 2112; x_wconf 88' lang='grc' dir='ltr'>ἐν</span> <span class='ocrx_word' id='word_1_211' title='bbox 1409 2065 1475 2130; x_wconf 74' lang='grc' dir='ltr'>τῷ</span> <span class='ocrx_word' id='word_1_212' title='bbox 1501 2063 1661 2125; x_wconf 80' lang='grc' dir='ltr'>μηδενὶ</span> <span class='ocrx_word' id='word_1_213' title='bbox 1689 2064 1943 2122; x_wconf 78' lang='grc' dir='ltr'>δυσσεβῶς</span> 
     </span>
     <span class='ocr_line' id='line_1_25' title="bbox 348 2110 2084 2215; baseline -0.003 -17"><span class='ocrx_word' id='word_1_214' title='bbox 348 2145 654 2215; x_wconf 76' lang='grc' dir='ltr'>κατετάξατε.</span> <span class='ocrx_word' id='word_1_215' title='bbox 710 2146 820 2197; x_wconf 82' lang='grc' dir='ltr'>ἀλλ’</span> <span class='ocrx_word' id='word_1_216' title='bbox 850 2144 943 2210; x_wconf 82' lang='grc' dir='ltr'>ἐγώ</span> <span class='ocrx_word' id='word_1_217' title='bbox 970 2148 1123 2214; x_wconf 87' lang='grc' dir='ltr'>φησιν</span> <span class='ocrx_word' id='word_1_218' title='bbox 1149 2144 1203 2194; x_wconf 81' lang='grc' dir='ltr'>οὐ</span> <span class='ocrx_word' id='word_1_219' title='bbox 1231 2142 1306 2195; x_wconf 79' lang='grc' dir='ltr'>διὰ</span> <span class='ocrx_word' id='word_1_220' title='bbox 1332 2143 1508 2208; x_wconf 83' lang='grc' dir='ltr'>ταύτην</span> <span class='ocrx_word' id='word_1_221' title='bbox 1536 2144 1654 2208; x_wconf 84' lang='grc' dir='ltr'>ὑμᾶς</span> <span class='ocrx_word' id='word_1_222' title='bbox 1679 2143 1941 2210; x_wconf 86' lang='grc' dir='ltr'>κατακρίνω</span> <span class='ocrx_word' id='word_1_223' title='bbox 2075 2110 2084 2193; x_wconf 66' lang='grc' dir='ltr'>ί</span> 
     </span>
     <span class='ocr_line' id='line_1_26' title="bbox 347 2192 2083 2311; baseline -0.002 -31"><span class='ocrx_word' id='word_1_224' title='bbox 347 2228 434 2293; x_wconf 83' lang='grc' dir='ltr'>τὴν</span> <span class='ocrx_word' id='word_1_225' title='bbox 460 2228 626 2280; x_wconf 80' lang='grc' dir='ltr'>αἰτίαν.</span> <span class='ocrx_word' id='word_1_226' title='bbox 682 2228 736 2279; x_wconf 83' lang='grc' dir='ltr'>οὐ</span> <span class='ocrx_word' id='word_1_227' title='bbox 776 2226 870 2293; x_wconf 77' lang='grc' dir='ltr'>γὰρ</span> <span class='ocrx_word' id='word_1_228' title='bbox 909 2227 1096 2293; x_wconf 85' lang='grc' dir='ltr'>ἐπείπερ</span> <span class='ocrx_word' id='word_1_229' title='bbox 1136 2226 1378 2292; x_wconf 75' lang='grc' dir='ltr'>ἅνθρωποι</span> <span class='ocrx_word' id='word_1_230' title='bbox 1415 2223 1501 2289; x_wconf 86' lang='grc' dir='ltr'>τὴν</span> <span class='ocrx_word' id='word_1_231' title='bbox 1532 2225 1684 2293; x_wconf 79' lang='grc' dir='ltr'>φύσιν</span> <span class='ocrx_word' id='word_1_232' title='bbox 1716 2224 1838 2286; x_wconf 77' lang='grc' dir='ltr'>ἐστὲ,</span> <span class='ocrx_word' id='word_1_233' title='bbox 1865 2224 1941 2276; x_wconf 79' lang='grc' dir='ltr'>διὰ</span> <span class='ocrx_word' id='word_1_234' title='bbox 1962 2240 2011 2280; x_wconf 84' lang='grc'>25</span> <span class='ocrx_word' id='word_1_235' title='bbox 2070 2192 2083 2311; x_wconf 67' lang='grc' dir='ltr'>ἑ</span> 
     </span>
     <span class='ocr_line' id='line_1_27' title="bbox 346 2305 2083 2380; baseline -0.002 -18"><span class='ocrx_word' id='word_1_236' title='bbox 346 2317 485 2362; x_wconf 91' lang='grc' dir='ltr'>τοῦτο</span> <span class='ocrx_word' id='word_1_237' title='bbox 529 2309 719 2364; x_wconf 81' lang='grc' dir='ltr'>πάντως</span> <span class='ocrx_word' id='word_1_238' title='bbox 764 2311 883 2374; x_wconf 81' lang='grc' dir='ltr'>ὑμᾶς</span> <span class='ocrx_word' id='word_1_239' title='bbox 928 2314 1181 2374; x_wconf 83' lang='grc' dir='ltr'>λογιοῦμαι</span> <span class='ocrx_word' id='word_1_240' title='bbox 1223 2308 1277 2359; x_wconf 86' lang='grc' dir='ltr'>τὸ</span> <span class='ocrx_word' id='word_1_241' title='bbox 1324 2307 1487 2372; x_wconf 77' lang='grc' dir='ltr'>μηδὲν,</span> <span class='ocrx_word' id='word_1_242' title='bbox 1533 2306 1637 2358; x_wconf 82' lang='grc' dir='ltr'>οὐδὲ</span> <span class='ocrx_word' id='word_1_243' title='bbox 1683 2305 1759 2358; x_wconf 80' lang='grc' dir='ltr'>διὰ</span> <span class='ocrx_word' id='word_1_244' title='bbox 1801 2313 1941 2359; x_wconf 89' lang='grc' dir='ltr'>τοῦτο</span> <span class='ocrx_word' id='word_1_245' title='bbox 2073 2310 2083 2380; x_wconf 53' lang='lat' dir='ltr'>’J</span> 
     </span>
     <span class='ocr_line' id='line_1_28' title="bbox 347 2390 2083 2461; baseline -0.002 -18"><span class='ocrx_word' id='word_1_246' title='bbox 347 2394 481 2458; x_wconf 86' lang='grc' dir='ltr'>δίκην</span> <span class='ocrx_word' id='word_1_247' title='bbox 507 2392 781 2445; x_wconf 79' lang='grc' dir='ltr'>ἀποδώσετε</span> <span class='ocrx_word' id='word_1_248' title='bbox 807 2396 873 2461; x_wconf 74' lang='grc' dir='ltr'>τῷ</span> <span class='ocrx_word' id='word_1_249' title='bbox 897 2394 1067 2458; x_wconf 84' lang='grc' dir='ltr'>Κριτῇ.</span> <span class='ocrx_word' id='word_1_250' title='bbox 1113 2390 1197 2441; x_wconf 81' lang='grc' dir='ltr'>οὐκ</span> <span class='ocrx_word' id='word_1_251' title='bbox 1225 2391 1421 2454; x_wconf 80' lang='grc' dir='ltr'>ἐπιτιμῶ</span> <span class='ocrx_word' id='word_1_252' title='bbox 1448 2393 1507 2456; x_wconf 84' lang='grc' dir='ltr'>τῇ</span> <span class='ocrx_word' id='word_1_253' title='bbox 1533 2390 1692 2459; x_wconf 86' lang='grc' dir='ltr'>φύσει,</span> <span class='ocrx_word' id='word_1_254' title='bbox 1718 2390 1772 2440; x_wconf 80' lang='grc' dir='ltr'>οὐ</span> <span class='ocrx_word' id='word_1_255' title='bbox 1797 2413 1942 2441; x_wconf 87' lang='grc' dir='ltr'>κατα-</span> <span class='ocrx_word' id='word_1_256' title='bbox 2068 2391 2083 2450; x_wconf 57' lang='lat' dir='ltr'>j*</span> 
     </span>
     <span class='ocr_line' id='line_1_29' title="bbox 347 2471 1942 2542; baseline -0.003 -16"><span class='ocrx_word' id='word_1_257' title='bbox 347 2474 515 2542; x_wconf 73' lang='grc' dir='ltr'>δικάζω</span> <span class='ocrx_word' id='word_1_258' title='bbox 550 2479 645 2526; x_wconf 92' lang='grc' dir='ltr'>τῶν</span> <span class='ocrx_word' id='word_1_259' title='bbox 675 2476 877 2537; x_wconf 85' lang='grc' dir='ltr'>ἐμαυτοῦ</span> <span class='ocrx_word' id='word_1_260' title='bbox 913 2471 1361 2539; x_wconf 81' lang='grc' dir='ltr'>δημιουργημάτων,</span> <span class='ocrx_word' id='word_1_261' title='bbox 1391 2471 1523 2523; x_wconf 75' lang='grc' dir='ltr'>οὐδὲν</span> <span class='ocrx_word' id='word_1_262' title='bbox 1549 2473 1597 2523; x_wconf 84' lang='grc' dir='ltr'>ἐν</span> <span class='ocrx_word' id='word_1_263' title='bbox 1622 2471 1856 2542; x_wconf 76' lang='grc' dir='ltr'>ἀνθρώπῳ</span> <span class='ocrx_word' id='word_1_264' title='bbox 1887 2471 1942 2523; x_wconf 85' lang='grc' dir='ltr'>τὸ</span> 
     </span>
     <span class='ocr_line' id='line_1_30' title="bbox 345 2552 1942 2623; baseline -0.003 -14"><span class='ocrx_word' id='word_1_265' title='bbox 345 2555 680 2622; x_wconf 82' lang='grc' dir='ltr'>πλημμέλημα</span> <span class='ocrx_word' id='word_1_266' title='bbox 715 2555 793 2607; x_wconf 77' lang='grc' dir='ltr'>διὰ</span> <span class='ocrx_word' id='word_1_267' title='bbox 829 2554 913 2608; x_wconf 79' lang='grc' dir='ltr'>τὸν</span> <span class='ocrx_word' id='word_1_268' title='bbox 939 2555 1192 2622; x_wconf 79' lang='grc' dir='ltr'>ἄνθρωπον</span> <span class='ocrx_word' id='word_1_269' title='bbox 1217 2552 1335 2606; x_wconf 80' lang='grc' dir='ltr'>εἶναι’</span> <span class='ocrx_word' id='word_1_270' title='bbox 1365 2558 1504 2623; x_wconf 87' lang='grc' dir='ltr'>φημι.</span> <span class='ocrx_word' id='word_1_271' title='bbox 1558 2554 1669 2605; x_wconf 85' lang='grc' dir='ltr'>ἀλλ’</span> <span class='ocrx_word' id='word_1_272' title='bbox 1698 2555 1825 2617; x_wconf 84' lang='grc' dir='ltr'>ὑμεῖς</span> <span class='ocrx_word' id='word_1_273' title='bbox 1856 2552 1942 2617; x_wconf 78' lang='grc' dir='ltr'>μὲν</span> 
     </span>
    </p>
   </div>
   <div class='ocr_carea' id='block_1_3' title="bbox 397 2701 1939 2751">
    <p class='ocr_par' dir='ltr' id='par_1_3' title="bbox 397 2701 1939 2751">
     <span class='ocr_line' id='line_1_31' title="bbox 397 2701 1939 2751; baseline -0.003 -11"><span class='ocrx_word' id='word_1_274' title='bbox 397 2716 426 2740; x_wconf 93' lang='lat'>1.</span> <span class='ocrx_word' id='word_1_275' title='bbox 452 2706 470 2740; x_wconf 88' lang='grc' dir='ltr'>ὁ</span> <span class='ocrx_word' id='word_1_276' title='bbox 488 2706 547 2740; x_wconf 83' lang='lat' dir='ltr'><strong>alt.</strong></span> <span class='ocrx_word' id='word_1_277' title='bbox 566 2711 791 2751; x_wconf 85' lang='lat' dir='ltr'><strong>assumptum</strong></span> <span class='ocrx_word' id='word_1_278' title='bbox 808 2717 850 2740; x_wconf 82' lang='lat' dir='ltr'>ex</span> <span class='ocrx_word' id='word_1_279' title='bbox 870 2704 913 2739; x_wconf 92' lang='lat' dir='ltr'>B.</span> <span class='ocrx_word' id='word_1_280' title='bbox 1017 2713 1050 2750; x_wconf 88' lang='lat'>5.</span> <span class='ocrx_word' id='word_1_281' title='bbox 1078 2705 1169 2750; x_wconf 84' lang='grc' dir='ltr'>φησι</span> <span class='ocrx_word' id='word_1_282' title='bbox 1187 2708 1411 2748; x_wconf 85' lang='lat' dir='ltr'>assumptum</span> <span class='ocrx_word' id='word_1_283' title='bbox 1429 2715 1471 2737; x_wconf 88' lang='lat' dir='ltr'>ex</span> <span class='ocrx_word' id='word_1_284' title='bbox 1489 2714 1519 2737; x_wconf 89' lang='lat' dir='ltr'>a.</span> <span class='ocrx_word' id='word_1_285' title='bbox 1540 2702 1617 2737; x_wconf 81' lang='lat' dir='ltr'><strong>Cat.</strong></span> <span class='ocrx_word' id='word_1_286' title='bbox 1637 2701 1737 2736; x_wconf 86' lang='lat' dir='ltr'><strong>Harl.</strong></span> <span class='ocrx_word' id='word_1_287' title='bbox 1839 2702 1872 2737; x_wconf 89' lang='lat'>8.</span> <span class='ocrx_word' id='word_1_288' title='bbox 1898 2701 1939 2746; x_wconf 87' lang='grc' dir='ltr'>δὴ</span> 
     </span>
    </p>
   </div>
   <div class='ocr_carea' id='block_1_4' title="bbox 346 2757 1941 2991">
    <p class='ocr_par' dir='ltr' id='par_1_4' title="bbox 346 2757 1941 2991">
     <span class='ocr_line' id='line_1_32' title="bbox 347 2757 1939 2812; baseline -0.003 -9"><span class='ocrx_word' id='word_1_289' title='bbox 347 2769 425 2803; x_wconf 86' lang='lat' dir='ltr'>B.a.</span> <span class='ocrx_word' id='word_1_290' title='bbox 444 2769 495 2803; x_wconf 83' lang='grc' dir='ltr'>δεῖ</span> <span class='ocrx_word' id='word_1_291' title='bbox 514 2768 633 2804; x_wconf 82' lang='lat' dir='ltr'><strong>Holst.</strong></span> <span class='ocrx_word' id='word_1_292' title='bbox 652 2768 721 2803; x_wconf 82' lang='lat' dir='ltr'>Ed.</span> <span class='ocrx_word' id='word_1_293' title='bbox 938 2779 992 2802; x_wconf 94' lang='lat'>10.</span> <span class='ocrx_word' id='word_1_294' title='bbox 1019 2766 1272 2812; x_wconf 79' lang='grc' dir='ltr'>κατημφιέσθαι</span> <span class='ocrx_word' id='word_1_295' title='bbox 1290 2766 1452 2801; x_wconf 85' lang='lat' dir='ltr'>emendat</span> <span class='ocrx_word' id='word_1_296' title='bbox 1472 2766 1602 2811; x_wconf 84' lang='lat' dir='ltr'><strong>Heyse.</strong></span> <span class='ocrx_word' id='word_1_297' title='bbox 1620 2757 1876 2810; x_wconf 57' lang='grc' dir='ltr'>κατημφιᾶῧθαι</span> <span class='ocrx_word' id='word_1_298' title='bbox 1896 2765 1939 2799; x_wconf 90' lang='grc' dir='ltr'>Β.</span> 
     </span>
     <span class='ocr_line' id='line_1_33' title="bbox 346 2812 1941 2862; baseline -0.003 -12"><span class='ocrx_word' id='word_1_299' title='bbox 346 2816 654 2862; x_wconf 85' lang='grc' dir='ltr'>κατημφιάσασθαι</span> <span class='ocrx_word' id='word_1_300' title='bbox 674 2816 737 2850; x_wconf 85' lang='lat' dir='ltr'>Ht.</span> <span class='ocrx_word' id='word_1_301' title='bbox 755 2815 1064 2860; x_wconf 86' lang='grc' dir='ltr'>καταμφιάσασθαι</span> <span class='ocrx_word' id='word_1_302' title='bbox 1084 2814 1150 2848; x_wconf 90' lang='lat' dir='ltr'>Ed.</span> <span class='ocrx_word' id='word_1_303' title='bbox 1314 2824 1366 2858; x_wconf 83' lang='lat'>13.</span> <span class='ocrx_word' id='word_1_304' title='bbox 1392 2813 1508 2858; x_wconf 83' lang='grc' dir='ltr'>ἕτερον</span> <span class='ocrx_word' id='word_1_305' title='bbox 1525 2825 1555 2847; x_wconf 88' lang='lat' dir='ltr'>a.</span> <span class='ocrx_word' id='word_1_306' title='bbox 1576 2812 1652 2846; x_wconf 85' lang='lat' dir='ltr'>Cat.</span> <span class='ocrx_word' id='word_1_307' title='bbox 1674 2812 1774 2847; x_wconf 84' lang='lat' dir='ltr'>Harl.</span> <span class='ocrx_word' id='word_1_308' title='bbox 1793 2812 1941 2857; x_wconf 81' lang='grc' dir='ltr'>ὕστερον</span> 
     </span>
     <span class='ocr_line' id='line_1_34' title="bbox 347 2859 1939 2908; baseline -0.003 -11"><span class='ocrx_word' id='word_1_309' title='bbox 347 2863 416 2897; x_wconf 87' lang='lat' dir='ltr'>Ed.</span> <span class='ocrx_word' id='word_1_310' title='bbox 551 2862 604 2897; x_wconf 89' lang='lat'>16.</span> <span class='ocrx_word' id='word_1_311' title='bbox 630 2861 689 2897; x_wconf 72' lang='grc' dir='ltr'>οὖν</span> <span class='ocrx_word' id='word_1_312' title='bbox 706 2868 932 2908; x_wconf 81' lang='lat' dir='ltr'><strong>assumptum</strong></span> <span class='ocrx_word' id='word_1_313' title='bbox 950 2874 991 2895; x_wconf 87' lang='lat' dir='ltr'>ex</span> <span class='ocrx_word' id='word_1_314' title='bbox 1012 2861 1054 2895; x_wconf 94' lang='lat' dir='ltr'>B.</span> <span class='ocrx_word' id='word_1_315' title='bbox 1177 2860 1231 2894; x_wconf 89' lang='lat'>18.</span> <span class='ocrx_word' id='word_1_316' title='bbox 1257 2860 1317 2894; x_wconf 88' lang='grc' dir='ltr'>τὸν</span> <span class='ocrx_word' id='word_1_317' title='bbox 1333 2860 1518 2894; x_wconf 81' lang='lat' dir='ltr'>emendavi</span> <span class='ocrx_word' id='word_1_318' title='bbox 1535 2865 1616 2904; x_wconf 79' lang='lat' dir='ltr'>post</span> <span class='ocrx_word' id='word_1_319' title='bbox 1635 2859 1770 2904; x_wconf 82' lang='lat' dir='ltr'><strong>Migne.</strong></span> <span class='ocrx_word' id='word_1_320' title='bbox 1787 2863 1854 2894; x_wconf 84' lang='grc' dir='ltr'>τῶν</span> <span class='ocrx_word' id='word_1_321' title='bbox 1873 2859 1939 2893; x_wconf 90' lang='lat' dir='ltr'>Ed.</span> 
     </span>
     <span class='ocr_line' id='line_1_35' title="bbox 348 2905 1939 2953; baseline -0.002 -10"><span class='ocrx_word' id='word_1_322' title='bbox 348 2919 405 2944; x_wconf 81' lang='lat'>22.</span> <span class='ocrx_word' id='word_1_323' title='bbox 429 2909 489 2953; x_wconf 82' lang='grc' dir='ltr'>μὲν</span> <span class='ocrx_word' id='word_1_324' title='bbox 507 2909 550 2943; x_wconf 86' lang='grc' dir='ltr'>Β.</span> <span class='ocrx_word' id='word_1_325' title='bbox 567 2924 609 2953; x_wconf 86' lang='grc' dir='ltr'>με</span> <span class='ocrx_word' id='word_1_326' title='bbox 629 2909 693 2943; x_wconf 89' lang='lat' dir='ltr'>Ht.</span> <span class='ocrx_word' id='word_1_327' title='bbox 713 2908 782 2943; x_wconf 86' lang='lat' dir='ltr'>Ed.</span> <span class='ocrx_word' id='word_1_328' title='bbox 931 2909 986 2942; x_wconf 85' lang='lat'>28.</span> <span class='ocrx_word' id='word_1_329' title='bbox 1014 2906 1128 2953; x_wconf 77' lang='grc' dir='ltr'>οὐδὲν]</span> <span class='ocrx_word' id='word_1_330' title='bbox 1149 2907 1256 2950; x_wconf 74' lang='grc' dir='ltr'>οὐδὲν,</span> <span class='ocrx_word' id='word_1_331' title='bbox 1274 2907 1346 2942; x_wconf 81' lang='grc' dir='ltr'>ἐπεὶ</span> <span class='ocrx_word' id='word_1_332' title='bbox 1364 2907 1463 2942; x_wconf 76' lang='grc' dir='ltr'>οὐδέν</span> <span class='ocrx_word' id='word_1_333' title='bbox 1476 2906 1571 2941; x_wconf 84' lang='lat' dir='ltr'>Aub.</span> <span class='ocrx_word' id='word_1_334' title='bbox 1591 2905 1697 2941; x_wconf 82' lang='lat' dir='ltr'>verba</span> <span class='ocrx_word' id='word_1_335' title='bbox 1715 2906 1788 2941; x_wconf 79' lang='grc' dir='ltr'>ἐπεὶ</span> <span class='ocrx_word' id='word_1_336' title='bbox 1806 2906 1902 2941; x_wconf 74' lang='grc' dir='ltr'>οὐδέν</span> <span class='ocrx_word' id='word_1_337' title='bbox 1920 2917 1939 2940; x_wconf 86' lang='lat' dir='ltr'>e</span> 
     </span>
     <span class='ocr_line' id='line_1_36' title="bbox 348 2955 1225 2991; baseline -0.002 -1"><span class='ocrx_word' id='word_1_338' title='bbox 348 2955 425 2991; x_wconf 86' lang='lat' dir='ltr'>Cat.</span> <span class='ocrx_word' id='word_1_339' title='bbox 449 2956 546 2990; x_wconf 83' lang='lat' dir='ltr'><strong>Harl.</strong></span> <span class='ocrx_word' id='word_1_340' title='bbox 565 2956 788 2991; x_wconf 81' lang='lat' dir='ltr'>abbreviante</span> <span class='ocrx_word' id='word_1_341' title='bbox 805 2955 902 2990; x_wconf 83' lang='lat' dir='ltr'>haud</span> <span class='ocrx_word' id='word_1_342' title='bbox 918 2962 1010 2991; x_wconf 85' lang='lat' dir='ltr'>recte</span> <span class='ocrx_word' id='word_1_343' title='bbox 1028 2966 1225 2989; x_wconf 81' lang='lat' dir='ltr'><strong>assumens.</strong></span> 
     </span>
    </p>
   </div>
   <div class='ocr_carea' id='block_1_5' title="bbox 2057 2451 2084 2969">
    <p class='ocr_par' dir='ltr' id='par_1_5' title="bbox 2057 2451 2084 2969">
     <span class='ocr_line' id='line_1_37' title="bbox 2057 2451 2084 2969; baseline 0 348"><span class='ocrx_word' id='word_1_344' title='bbox 2057 2451 2084 2969; x_wconf 95' lang='lat' dir='ltr'> </span> 
     </span>
    </p>
   </div>
  </div>
 </body>
</html>
