2021 3296
119 118 144 159 i.
165 120 204 170 6,
229 131 264 171 7.
360 119 432 159 IN
475 119 516 159 S.
550 117 886 158 JOANNEM.
950 117 1073 157 LIB.
1108 117 1142 157 Ι.
1205 116 1339 156 CAP.
1373 116 1476 156 VII.
1654 117 1708 154 89

118 226 277 293 πηγὴν
326 230 408 292 τῆς
458 227 648 295 σοφίας,
701 230 784 290 τῆς
840 227 1078 280 συνέσεως
1135 225 1221 290 τὴν
1272 224 1437 293 ἀρχὴν,
1487 224 1574 288 τὴν
1624 227 1707 287 τῆς

119 308 397 376 φρονήσεως
420 308 562 375 ῥίζαν.
603 309 695 375 ἔχει
722 309 766 359 δ’
796 308 875 358 οῦν
897 307 1022 370 ὅμως
1049 309 1100 358 ἐκ
1126 307 1486 376 φιλανθρωπίας
1513 304 1567 356 τὸ
1589 309 1706 373 φῶς,

119 392 195 440 καὶ
238 390 762 455 συγκαταβεβλημένην
800 388 966 455 ὥσπερ
1012 387 1235 454 ἐπάγεται
1271 386 1359 451 τὴν
1396 394 1479 438 τοῦ
1519 391 1709 455 φρονεῖν

119 470 314 534 δύναμιν
340 475 441 524 ταῖς
466 475 529 524 εἱς
554 470 608 522 τὸ
635 469 749 522 εἶναι
774 469 999 537 παρόδοις
1024 471 1385 537 συντρέχουσαν
1412 469 1471 519 τὰ
1494 467 1680 534 γενητά.

75 563 98 601 5
194 553 485 616 Σημειωτεόν
523 552 572 603 δὲ
608 551 757 603 πάλιν
794 553 843 602 ἐν
881 551 1077 614 τούτοις,
1119 551 1190 603 ὅτι
1230 551 1376 616 λόγος
1420 551 1566 603 οὐδεὶς
1603 551 1705 600 ἐπι-

117 632 282 700 τρέψει
319 633 516 699 γενητὸν
548 632 662 685 εἶναι
701 638 821 684 νοεῖν
859 632 888 698 ὴ
927 634 1236 697 πεποιημένον
1271 631 1495 699 ὑπάρχειν
1530 631 1709 682 οἴεσθαι

118 714 202 765 τὸν
227 715 345 766 Υἱὸν
370 722 453 767 τοῦ
489 719 627 778 Θεοῦ,
656 716 766 766 ἀλλ’
795 714 1089 779 ἀνεστηκότα
1124 714 1278 778 πάντη
1313 719 1407 765 τῶν
1431 714 1539 764 καθ’
1568 714 1706 777 ἡμᾶς,
1728 737 1750 763 a
1807 728 1866 763 60
1882 726 1933 763 A.

119 798 194 847 καὶ
229 797 314 862 τὴν
343 801 438 848 τῶν
463 797 737 861 κτισμάτων
768 798 1084 858 ἀναβαίνοντα
1121 795 1287 864 φύσιν,
1317 794 1473 861 ἕτερόν
1499 818 1548 845 τε
1582 818 1706 845 παν-

119 882 282 937 τελῶς,
322 876 351 943 ἢ
391 878 505 945 ὅπερ
545 881 665 929 εἶσῖν
703 878 836 941 αὐτὰ,
871 880 946 929 καὶ
984 876 1112 929 πολὺ
1151 877 1432 940 διεστηκότα
1470 875 1588 926 κατὰ
1627 875 1712 938 τὴν

52 981 99 1006 10
119 962 203 1024 τῆς
240 961 405 1014 οὐσίας
443 959 683 1025 ποιότητα,
721 960 884 1027 ὥσπερ
923 961 1004 1010 οὖν
1037 959 1199 1023 ἀμέλει
1237 959 1291 1009 τὸ
1330 963 1433 1026 φῶς
1470 956 1589 1023 πρὸς
1627 956 1714 1020 τὴν

119 1042 316 1093 σκοτίαν
347 1044 479 1093 ἐστὶν
508 1043 562 1094 οὐ
597 1041 781 1104 ταύτὸν,
819 1043 930 1092 ἀλλ’
964 1041 1053 1106 ἤδη
1090 1042 1165 1091 καὶ
1202 1039 1408 1091 ἐναντίον
1440 1041 1516 1090 καὶ
1552 1041 1710 1103 ἀσυγ-

120 1124 293 1189 κρίτοις
337 1128 436 1178 ταῖς
483 1127 729 1192 διαφοραῖς
770 1127 833 1177 εἷς
877 1121 1227 1188 ἀλλοτριότητα
1272 1119 1483 1189 φυσικὴν
1521 1119 1714 1188 χωριζό-

119 1226 274 1267 μενον.
341 1205 659 1272 ἀποχρώντως
701 1204 751 1255 δὲ
790 1204 880 1269 ἤδη
921 1202 1006 1255 τὸν
1043 1205 1150 1270 περὶ
1195 1203 1364 1254 τούτου
1408 1200 1716 1263 διαλαβόντες

121 1285 270 1351 λόγον
325 1288 374 1337 ἐν
420 1291 516 1341 τοῖς
572 1286 1018 1355 προεξητασμένοις,
1070 1285 1130 1336 τὰ
1189 1284 1336 1336 λοιπὰ
1396 1288 1490 1335 τῶν
1544 1283 1716 1352 ἐφεξῆς

54 1384 101 1424 15
121 1367 481 1433 προσθήσομεν.

1733 1454 1760 1495 b

116 1562 318 1611 ἘΓὲνετο
377 1564 607 1621 ἅνθρωπος
669 1565 994 1613 ἀπεσταλμένος
1049 1564 1166 1621 Παρὰ
1222 1564 1346 1615 Θεοῦ,
1401 1563 1536 1611 ὄνομα
1597 1563 1757 1616 αὐτῲὅ

183 1645 406 1698 ἸωάννΗε,
455 1644 579 1689 οὗτος
628 1645 756 1689 ἦλθεν
807 1645 867 1688 εἰς
916 1646 1152 1704 μαρτυρίαν
1201 1647 1270 1688 ἵνα
1318 1646 1569 1703 μαρτυρήσῌ
1618 1645 1756 1702 Περὶ7

189 1731 263 1770 τοῦ
301 1730 462 1785 φωτός.

199 1852 376 1905 Πολλὰ
413 1854 865 1923 προεξηγησάμενος
903 1856 1009 1921 περὶ
1047 1859 1130 1905 τοῦ
1171 1857 1297 1904 Θεοῦ
1332 1851 1508 1919 Λόγου,
1546 1854 1622 1903 καὶ
1661 1851 1718 1903 δι’

56 1958 106 1983 20
123 1932 189 1986 ὧν
226 1933 285 1986 ἂν
324 1937 538 2003 φαίνοιτο
577 1935 697 1987 κατὰ
740 1937 890 2005 φύσιν
930 1936 1156 2003 ὑπάρχων
1191 1933 1306 1988 Υἱὸς
1346 1940 1430 1985 τοῦ
1471 1938 1597 1985 Θεοῦ
1643 1935 1720 1984 καὶ

125 2016 317 2083 Πατρὸς
344 2017 665 2083 ἀκριβέστατα
690 2017 891 2080 διειπὼν,
913 2015 1000 2080 τὴν
1025 2019 1074 2068 ἐκ
1099 2022 1194 2068 τῶν
1220 2014 1529 2083 ἀκροωμένων
1553 2015 1719 2067 πίστιν

123 2103 219 2152 τοῖς
258 2099 510 2165 εἰρημένοις
550 2098 997 2166 ἐκπραγματεύεται·
1049 2096 1205 2161 ἐπειδὴ
1245 2097 1293 2148 δὲ
1335 2096 1454 2148 κατὰ
1495 2096 1549 2147 τὸ
1589 2100 1712 2162 εἰρη-

123 2180 264 2243 μένον
290 2180 366 2231 διὰ
393 2180 641 2235 Μωυσέως
668 2180 759 2233 ὑπὸ
787 2187 870 2232 τοῦ
898 2184 1024 2232 Θεοῦ
1052 2187 1078 2209 “
1101 2181 1215 2231 Ἐπὶ
1249 2177 1490 2243 στόματος
1524 2177 1606 2228 δύο
1642 2179 1717 2228 καὶ
1778 2179 1911 2254 Εἰπέ,-

123 2268 152 2291 “
177 2267 318 2329 τριῶν
341 2262 591 2329 μαρτύρων
616 2263 911 2327 σταθήσεται
936 2267 1032 2313 πᾶν
1057 2260 1224 2329 ῥῆμα·”
1252 2259 1450 2325 συνάγει
1477 2259 1717 2327 φρονίμως
1735 2280 1757 2306 c
1882 2241 1898 2263 ὓ

60 2358 107 2397 25
126 2344 197 2411 ἐφ’
253 2345 402 2413 ἑαυτῷ
449 2343 533 2395 τὸν
583 2343 813 2409 μακάριον
862 2343 1150 2407 βαπτιστὴν,
1201 2345 1276 2392 καὶ
1333 2339 1718 2409 ἀξιολογώτατον

127 2423 272 2478 ὅντως
310 2425 611 2494 συνεισφέρει
650 2423 733 2477 τὸν
763 2424 993 2491 μάρτυρα.
1051 2425 1105 2475 οὑ
1143 2423 1238 2490 γὰρ
1276 2421 1393 2493 ᾤετο
1432 2425 1539 2483 δεῖν,
1566 2424 1604 2471 εὶ
1643 2422 1718 2470 καὶ

128 2506 237 2556 λίαν
262 2506 463 2574 ὑπάρχοι
488 2505 677 2571 σεμνὸς,
703 2506 789 2571 τὴν
815 2505 930 2571 ὑπὲρ
964 2504 1108 2569 νόμον
1133 2506 1394 2567 ἀπαιτῆσαι
1419 2503 1585 2554 πίστιν
1609 2499 1718 2555 τοὺς

129 2586 480 2655 ἐντευξομένους
516 2592 576 2656 τῇ
619 2590 725 2655 περὶ
767 2593 850 2638 τοῦ
891 2590 1112 2652 Σωτῆρος
1151 2587 1285 2649 ἡμῶν
1325 2586 1602 2650 συγγραφῇ,
1643 2584 1718 2632 καὶ

129 2667 259 2737 μόνῳ
297 2670 533 2720 πιστεύειν
564 2670 689 2738 αὐτῷ
727 2667 786 2719 τὰ
826 2668 940 2734 ὑπὲρ
979 2672 1088 2719 νοῦν
1128 2670 1202 2717 καὶ
1242 2664 1480 2734 φρόνησιν
1519 2663 1716 2730 ἐξηγου-

182 2819 237 2843 11.
263 2806 481 2851 ἀσυγκρίτοις
499 2806 541 2841 Β.
559 2807 778 2852 ἀσυγκρίταις
797 2807 889 2842 D.E.
907 2807 1121 2851 ἀσυγκρίτως
1140 2804 1207 2838 Ed.
1366 2811 1418 2847 17.
1444 2800 1652 2847 μαρτυρήσει
1671 2800 1719 2834 D.

135 2866 192 2890 20.
217 2853 258 2888 ἂν
274 2853 432 2897 φαίνοιτο
452 2853 494 2886 Β.
511 2853 731 2899 ἀναφαίνοιτο
749 2853 816 2889 Ed.
939 2864 994 2898 23.
1020 2853 1085 2887 ὑπὸ
1102 2854 1162 2886 τοῦ
1182 2851 1223 2884 Β.
1242 2850 1331 2894 παρὰ
1350 2848 1417 2884 Ed.
1532 2857 1588 2892 27.
1615 2847 1719 2891 ὑπάρ-

135 2915 191 2946 χοι
210 2901 257 2935 D.
275 2900 420 2944 ὑπάρχει
438 2899 505 2934 Ed.

193 2966 284 2995 VOL.
309 2967 339 2995 1.
479 3002 482 3003 ⁷
910 2965 938 2992 N
