2084 3317
127 188 153 229 i.
178 202 304 244 9,10.
372 189 446 229 IN
489 189 531 229 S.
564 188 902 229 JOANNEM.
964 189 1088 229 LIB.
1124 189 1158 229 I.
1221 189 1353 231 CAP.
1389 189 1470 230 IX.-
1634 191 1715 230 123

126 297 315 360 οὐδεμία
357 296 744 363 προγενεστέρων
791 295 1156 363 ἁμαρτημάτων,
1196 299 1306 347 ἀλλ’
1355 296 1458 349 οὐδε
1502 295 1759 363 πρεσβύ-«Ι

125 401 259 444 τερον
283 381 364 441 τῆς
390 377 618 444 γενέσεως
646 377 862 444 ἔγκλημα
889 377 1219 444 ζητηθήσεται
1263 383 1364 433 πῶς
1391 379 1484 445 ἄρα
1508 381 1661 445 προῆν
1687 379 1715 441 ἡ

124 459 274 528 ψυχὴ,
311 458 340 524 ἢ
383 464 484 514 πῶς
526 460 582 529 ἐξ
620 461 852 526 ἁμαρτίας
895 460 1182 524 εταπεινώθη
1225 460 1344 512 κατά
1385 484 1530 523 τινας,
1567 458 1597 528 ᾐ
1642 484 1715 511 και

123 540 265 604 μόνος
291 541 487 608 ὁρίζεται
513 541 682 609 χρόνος
709 544 733 593 ὁ
760 541 878 606 μετὰ
904 541 1100 608 σαρκὸς,
1122 541 1198 593 διὰ
1224 548 1308 594 τοῦ
1332 541 1454 607 μόνα
1479 541 1716 608 ζητεῖσθαι

82 634 105 672 5
124 621 183 673 τὰ
207 624 262 673 δι’
290 624 462 687 αὐτῆς;

198 728 259 761 ις.
302 726 433 755 ΑΛΛΟ.
482 709 541 756 Εἰ
588 707 638 756 ἐκ
682 706 1023 773 πρεσβυτέρων
1062 706 1413 773 ἁμαρτημάτων
1451 707 1711 770 ἐσωματώ-

124 789 281 850 θησαν
316 791 362 838 αἱ
401 789 568 857 ψυχαὶ,
605 792 706 841 πῶς
745 789 770 838 ὁ
812 792 1007 843 Παῦλος
1045 790 1157 854 ἡμῖν
1192 791 1466 855 ἐπιστελλει
1493 796 1519 819 “
1542 793 1709 855 Παρα-
1778 787 1935 819 Romxii.

125 874 153 897 “
177 868 390 933 στήσατε
429 869 584 935 λέγων
622 868 682 920 τὰ
720 870 924 934 σώματα
965 873 1093 936 ὑμῶν
1133 872 1307 923 θυσίαν
1346 871 1519 937 ζῶσαν,
1553 872 1713 937 ἁγίαν,

124 956 152 980 “
177 950 432 1017 εὐάρεστον
470 955 536 1021 τῷ
576 953 730 1021 Θεῷ·”
787 956 824 1003 εὶ
869 952 962 1020 γὰρ
1002 956 1049 1004 ἐν
1087 952 1218 1023 τάξει
1263 953 1489 1020 τιμωρίας·
1535 954 1757 1004 δέδοταιθ

58 1051 106 1078 10
123 1036 222 1085 ταῖς
249 1034 435 1087 ἀθλίαις
460 1037 654 1102 ψυχαῖς,
681 1038 784 1087 πῶς
821 1039 882 1088 εἷς
916 1034 1076 1098 ὀσμὴν
1102 1036 1294 1089 εὐωδίας
1327 1033 1720 1101 παραστήσωμεν

123 1113 241 1164 αὐτὰ
267 1116 333 1183 τῷ
360 1118 469 1185 Θεῷ
486 1138 499 1179 3
543 1116 665 1166 κατὰ
691 1115 794 1166 τίνα
828 1116 877 1167 δὲ
913 1115 1090 1183 τρόπον
1117 1116 1373 1183 εὐάρεστον
1400 1117 1537 1168 ἔσται
1572 1116 1626 1168 τὸ
1662 1118 1718 1168 δι’

123 1195 178 1246 οῦ
213 1199 614 1263 κατακεκρίμεθα;
661 1198 687 1263 ἢ
722 1203 859 1250 ποῖον
887 1198 1011 1253 ὅλως
1047 1201 1212 1266 ἀρετῆς
1249 1199 1508 1268 ἐπιδέξεται
1543 1198 1721 1265 τρόπον

123 1276 177 1328 τὸ
204 1277 416 1345 κολάζειν
441 1282 665 1348 πεφυκὸς,
694 1282 769 1331 καὶ
795 1281 925 1347 ῥίζαν
951 1281 1060 1348 ἔχον
1086 1279 1172 1344 τὴν
1199 1282 1461 1347 ἁμαρτίαν,

200 1359 251 1426 ιζ.
292 1382 423 1411 AAAO.
472 1361 611 1413 Κατὰ
646 1362 808 1427 πάσης
848 1362 1166 1426 ἐκτεινομένην
1204 1366 1287 1427 τῆς
1333 1362 1586 1429 ἀνθρώπου
1629 1362 1720 1430 φύ-

320 1442 332 1457 .
535 1442 547 1459 x
680 1443 693 1460 x
771 1443 782 1457 x
857 1445 866 1459 ‚
918 1443 928 1457 ‚
1023 1442 1035 1459 x
1232 1443 1245 1458 ι
1433 1446 1443 1460 ,
1640 1443 1652 1459 s

59 1457 105 1494 Ῑ5
125 1464 246 1496 σεως
282 1466 368 1507 την
395 1447 594 1512 φθοραν,
623 1447 698 1494 δια
733 1467 818 1508 την
845 1467 893 1494 εν
935 1445 1078 1507 Αδαμ
1114 1450 1394 1511 παράβασιν
1421 1447 1718 1496 επιδεικνυων
1737 1465 1758 1490 a
1815 1457 1874 1491 84
1888 1455 1940 1490 A·

125 1524 150 1574 ὁ
179 1525 374 1579 Παῦλός
402 1531 567 1594 φησιν·
598 1534 624 1557 “
643 1527 784 1577 Ἀλλ’
812 1526 1131 1587 ἐβασίλευσεν
1159 1528 1184 1577 ὁ
1211 1528 1412 1581 θάνατος
1439 1525 1534 1577 ἀπὸ
1559 1525 1718 1590 Ἀδὰμ
1780 1539 1830 1571 Ib·
1848 1551 1878 1571 v.
1896 1549 1943 1579 14-

127 1613 155 1635 ‘⁶
178 1606 313 1674 μέχρι
356 1608 603 1661 Μωυσέως
649 1611 725 1659 καὶ
768 1609 842 1658 ἐπὶ
880 1607 987 1661 τοὺς
1025 1606 1091 1671 μὴ
1132 1608 1500 1675 ἁμαρτήσαντας
1539 1610 1614 1659 ἐπὶ
1653 1612 1720 1677 τῷ

128 1694 155 1717 “
182 1688 439 1751 ὁμοιώματι
477 1692 561 1750 τῆς
599 1689 921 1755 παραβάσεως
948 1687 1155 1753 Ἀδάμ.”
1207 1695 1310 1743 πῶς
1347 1691 1429 1741 οῦν
1464 1690 1557 1756 ἄρα
1595 1692 1721 1756 φησὶ

126 1773 202 1821 καὶ
246 1772 319 1821 ἐπὶ
367 1770 473 1825 τοὺς
521 1771 585 1835 μὴ
631 1770 1004 1837 ἁμαρτήσαντας
1049 1772 1326 1830 βασιλεύειν
1371 1772 1454 1823 τὸν
1497 1770 1719 1834 θάνατον,

58 1870 107 1896 20
126 1852 251 1918 ε’ίπερ
295 1854 344 1903 ἐκ
389 1854 730 1919 πρεσβυτέρων
772 1851 1126 1919 ἁμαρτημάτων
1166 1853 1220 1904 τὸ
1266 1856 1572 1918 ἀποθνῆσκον
1614 1854 1724 1918 ἡμῖν

126 1933 308 1984 δέδοται
333 1938 508 1997 σῶμα;
551 1941 643 1986 ποῦ
681 1934 774 2001 γὰρ
808 1934 933 1988 ὅλως
969 1937 1010 1988 οἱ
1045 1933 1110 1998 μὴ
1147 1935 1525 2002 ἁμαρτήσαντες,
1551 1940 1588 1986 εἰ
1620 1936 1722 2000 δίκη

125 2013 440 2078 πταισμάτων
474 2017 501 2081 ἡ
539 2016 786 2084 σάρκωσις
824 2020 898 2067 καὶ
936 2017 989 2067 τὸ
1026 2018 1074 2067 ἐν
1107 2021 1223 2087 τῷδε
1263 2022 1330 2086 τῷ
1369 2018 1460 2088 βίῳ
1499 2018 1723 2084 γενέσθαι

125 2096 242 2157 μετὰ
267 2097 506 2161 σώματος,
531 2098 897 2167 προανατέλλον
924 2099 1018 2166 ε”χει
1053 2099 1106 2152 τὸ
1142 2099 1393 2166 ε”γκλημας
1438 2099 1616 2164 ἀμαθὲς
1641 2101 1723 2151 οῦν
1740 2113 1767 2154 b

126 2178 218 2245 ἄρα
243 2183 337 2230 τῶν
361 2181 415 2230 δι’
446 2181 658 2235 ἐναντίας
684 2180 738 2231 τὸ
763 2179 1042 2246 πρόβλημα.

59 2272 106 2310 25
201 2284 261 2326 ιη.
303 2281 435 2311 ΑΛΛΟ.
478 2262 809 2329 Προσήγαγόν
847 2286 962 2314 ποτε
1001 2267 1067 2333 τῷ
1107 2267 1293 2332 Σωτῆρι
1334 2271 1507 2318 πεῦσιν
1546 2269 1588 2316 οἱ
1632 2288 1722 2329 μα-

126 2346 261 2408 θηται
287 2345 396 2410 περί
417 2368 541 2398 τινος
567 2350 662 2396 τῶν
690 2347 738 2395 ἐκ
765 2348 957 2410 γενετῆς
983 2350 1197 2413 τυφλῶν,
1216 2350 1292 2398 καὶ
1319 2347 1376 2412 δὴ
1404 2350 1479 2398 καὶ
1507 2347 1723 2415 ἔφασκον

1783 2430 1877 2461 Infra

179 2426 189 2441 ε
340 2429 352 2443 x
433 2428 443 2444 t
506 2426 528 2444 el
777 2427 797 2448 r?
920 2425 937 2442 Δ
1011 2430 1020 2444 c
1174 2433 1194 2442 a·
1292 2430 1302 2444 2
1370 2435 1390 2444 a
1431 2430 1452 2447 e(
1675 2428 1688 2443 x

127 2431 155 2454 ‘⁶
196 2429 368 2488 Ραββι,
395 2449 463 2480 τις
496 2449 717 2493 ημαρτεν,
745 2449 880 2480 ουτος
916 2451 944 2492 η
982 2450 1024 2478 οι
1061 2450 1213 2492 γονεις
1247 2452 1404 2491 αυτου,
1433 2452 1506 2483 ινα
1536 2433 1722 2496 τυφλος
1783 2475 1817 2505 ix
1849 2483 1864 2504 2

129 2514 155 2536 ‘⁶
180 2512 384 2576 γεννηθῇ
402 2509 441 2569 ;”
471 2507 625 2572 ἐπειδὴ
652 2507 744 2575 γὰρ
773 2509 821 2559 ἐν
840 2514 1153 2578 προφητικοῖς
1179 2511 1533 2577 ἀναγέγραπται
1560 2510 1722 2576 λόγοις

745 2598 772 2621 “
799 2589 1050 2644 ἀποδιδοὺς
1104 2593 1335 2659 ἁμαρτίας
1387 2593 1602 2659 πατέρων
1646 2594 1721 2644 ἐπὶ
1783 2599 1890 2631 Exod.

127 2590 232 2655 περὶ
277 2593 415 2653 Θεοῦ,
462 2593 523 2644 ὡς
570 2591 700 2641 ἔστιν
1783 2654 1828 2674 xx
1854 2651 1872 2683 5

60 2693 110 2728 30
130 2676 157 2700 ‘⁶
182 2671 358 2733 τε’κνα,”
386 2677 524 2723 τοῦτο
562 2673 843 2724 πεπονθέναι
882 2673 965 2725 τὸν
1001 2673 1254 2740 ἄνθρωπον
1289 2673 1514 2726 ὑπενόουν
1552 2678 1594 2725 οἱ
1630 2698 1720 2738 μα-

177 2803 209 2837 8.
236 2803 430 2847 εὐάρεστον,
448 2803 547 2849 ἁγίαν
563 2804 703 2839 inverso
722 2805 844 2840 ordine
864 2805 905 2839 B.
1059 2816 1111 2839 10.
1137 2803 1415 2849 παραστήσωμεν
1434 2803 1526 2837 B.D.
1544 2802 1721 2847 παραστή-

131 2863 238 2893 σομεν
255 2849 323 2883 Ed.
387 2850 470 2884 αὐτὰ
486 2851 762 2895 παραστήσωμεν
779 2853 917 2886 inverso
936 2851 1060 2885 ordine
1080 2851 1122 2885 B.
1329 2862 1381 2884 12.
1409 2849 1443 2884 τί
1458 2862 1521 2895 pro
1538 2849 1557 2893 ἢ
1577 2850 1657 2894 (sic)
1677 2850 1720 2884 Β.

130 2895 331 2939 ἐπιδείξεται
350 2896 390 2930 Ε.
495 2898 548 2932 18.
573 2898 818 2944 παραβάσεως]
843 2904 880 2939 4-
901 2901 961 2933 τοῦ
980 2898 1047 2932 Ed.
1067 2897 1177 2932 invito
1199 2897 1240 2931 B.
1349 2908 1403 2939 24.
1431 2901 1497 2931 τῶν
1514 2896 1555 2930 δι’
1574 2897 1723 2932 ἐναντίας

130 2942 195 2986 ἄρα
211 2943 271 2977 inv
274 2954 350 2977 erso
368 2942 490 2977 ordine
509 2943 551 2978 B.
730 2947 784 2980 26.
811 2947 947 2990 τυφλοῦ
967 2945 1009 2979 Β.
1186 2944 1242 2978 28.
1269 2957 1345 2988 περι
1364 2954 1427 2989 pro
1445 2943 1480 2978 ἐν
1500 2943 1541 2978 Β.
1605 2945 1723 2989 λόγοις

130 2989 380 3036 ἀναγεγραπται
397 2990 456 3024 inv
459 3001 511 3024 ενδ
506 3003 535 3024 ο
552 2990 673 3025 ordine
694 2992 735 3026 Β.

888 3059 961 3088 R2
