2084 3317
136 133 334 190 i.41-.43.
389 136 461 176 IN
504 136 546 176 s,
581 134 919 175 JOANNEM.
982 133 1201 174 LIB.11.
1265 133 1400 173 CAP.
1434 133 1469 173 1.
1643 134 1721 173 195

136 243 216 296 οὓς
242 247 318 295 καὶ
344 245 708 297 καταλύσαντας
734 242 869 312 ἅπαξ
890 241 1328 309 προσμεμενηκέναι
1355 245 1505 311 φησὶν
1533 244 1557 292 ὁ
1592 241 1724 307 ἅγιος
1741 268 1762 294 e

137 325 517 391 Εὐαγγελιστής·
565 326 641 377 ἵνα
677 323 826 376 πάλιν
859 323 1166 388 μανθάνωσιν
1202 327 1245 374 οἱ
1283 323 1359 374 διὰ
1397 327 1480 387 τῆς
1517 325 1724 377 πίστεως

136 410 195 459 εἷς
235 405 318 457 τὸν
357 412 481 458 θεῖον
517 407 869 460 εἰσελαύνοντες
909 404 1035 457 οἶκον
1071 407 1146 456 καὶ
1187 406 1312 475 αὐτῷ
1350 406 1725 473 προστρέχοντες

136 492 202 556 τῷ
229 492 444 558 Χριστῷ,
471 489 542 540 ὅτι
577 489 668 557 χρὴ
705 488 990 554 προσμένειν
1015 488 1155 556 αὐτῷ,
1183 489 1257 538 καὶ
1293 487 1358 551 μὴ
1392 487 1541 539 πάλιν
1569 490 1722 538 ἀλλο-

93 589 115 628 5
137 575 385 635 τριοῦσθαι
413 576 588 638 φιλεῖν,
617 570 645 635 ἦ
671 569 791 637 πρὸς
817 571 1050 636 ἁμαρτίαν
1075 569 1376 630 ἐκβαίνοντας
1402 568 1431 634 ἦ
1463 572 1720 636 παλινδρο-

137 657 340 714 μοῦντας
367 657 428 706 εἷς
454 654 696 705 ἀπιστίαν.

132 808 216 852 ’Ἦν
248 812 454 870 Ἀνδρέας
497 814 520 855 ὁ
564 813 755 870 ἀδελφὸς
792 812 987 862 Σίμωνος
1021 813 1186 869 Πέτρου
1225 809 1286 853 εἷς
1324 813 1370 854 ὲκ
1408 813 1494 854 τῶν
1530 812 1603 853 δύο
1640 813 1793 862 τὼν4ῐ

208 895 488 938 ἀκουσάντων
507 897 622 954 Παρὰ
644 897 849 938 Ἰωάννου
878 896 945 937 καὶ
973 896 1364 937 ἀκολουθΗσαντων
1387 896 1515 949 αὐτῷ·
1544 895 1729 951 εὑρίσκει
1750 909 1797 943 42

209 975 333 1020 οὗτος
367 980 539 1036 Πρῶτος
572 982 646 1022 τὸν
680 979 873 1036 ἀδελφὸν
904 979 978 1021 τὸν
1011 976 1119 1020 ἴδιον
1146 978 1336 1029 Σίμωνα,
1363 979 1433 1019 καὶ
1467 979 1578 1026 λέπει
1613 978 1771 1036 αὐτῷἃ
1818 1001 1957 1037 131A·

75 1077 122 1102 10
212 1060 464 1119 Εὑρήκαμεν
490 1063 562 1106 τὸν
588 1063 795 1114 Μεσσίαν,
823 1062 891 1104 καὶ
918 1062 1072 1110 &rou-ev
1099 1062 1229 1105 αὐτὸν
1255 1061 1362 1118 Πρὸς
1388 1061 1462 1103 τὸν
1482 1061 1663 1104 ἸΗσοῦν.
1752 1067 1800 1102 43

219 1174 284 1221 Οἱ
314 1172 546 1233 λαβόντες
580 1173 686 1239 ἄρτι
721 1172 776 1223 τὸ
812 1170 1064 1234 τάλαντον,
1090 1170 1224 1224 εὐθὺς
1259 1178 1342 1231 τοῦ
1377 1169 1616 1221 ταλάντου
1650 1169 1736 1233 τὴν

147 1254 376 1319 ἐργασίαν
401 1253 668 1320 ἐπάγονται,
697 1256 773 1305 καὶ
803 1257 870 1323 τῷ
904 1253 1116 1321 δεσπότῃ
1153 1252 1474 1319 προσάγουσι.
1527 1257 1738 1302 τοιαῦται

148 1334 242 1401 γὰρ
281 1335 425 1390 ὅντως
461 1341 508 1388 αἱ
543 1337 769 1405 φιλήκοοί
802 1359 850 1387 τε
887 1338 962 1386 καὶ
998 1336 1209 1400 εὐμαθεῖς
1246 1337 1446 1401 ὁρῶνται
1482 1335 1647 1403 ψυχαὶ,
1684 1334 1737 1383 οὐ

148 1423 343 1484 μακρῶν
377 1419 588 1483 δεόμεναι
626 1419 745 1485 πρὸς
784 1417 1019 1487 ὠφέλειαν
1052 1416 1288 1484 ῥημάτων,
1325 1416 1429 1468 οὐδὲ
1467 1418 1515 1467 ἐν
1550 1416 1738 1468 κύκλοις

81 1525 126 1562 15
148 1504 310 1563 μηνῶν
333 1499 362 1566 ὴ
390 1503 507 1552 ἐτῶν
532 1500 615 1552 τὸν
640 1503 690 1552 ἐκ
726 1503 809 1564 τῆς
843 1499 1134 1553 παιδεύσεως
1167 1500 1504 1550 ἀνατίκτουσαι
1531 1497 1733 1564 καρπὸν,

147 1583 259 1632 ἀλλ’
288 1584 405 1645 ὁμοῦ
431 1589 532 1637 ταῖς
558 1588 652 1634 τῶν
678 1581 971 1647 μαθημάτων
997 1583 1164 1649 ἀρχαῖς
1195 1581 1249 1632 τὸ
1276 1584 1358 1645 τῆς
1384 1581 1621 1633 συνέσεως
1649 1603 1732 1630 κα-

147 1666 451 1717 τακλείουσαι
484 1665 635 1719 τέλος.
689 1672 716 1694 “
735 1666 884 1715 Δίδου
911 1686 1003 1730 γαρ
1031 1668 1174 1733 σοφῶ
1200 1662 1436 1731 ἀφορμὴν,
1465 1685 1539 1713 και
1572 1660 1900 1745 σοφώ-139ΡῘὍν
1920 1670 1965 1690 ¹²²·

151 1752 178 1775 ‘⁶
202 1769 333 1813 τερος
377 1747 511 1798 ἔσται
557 1748 697 1816 φησί’
761 1746 953 1812 γνώριζε
1001 1747 1177 1815 δικαίω,
1223 1768 1298 1796 και
1341 1743 1612 1811 προσθήσει
1657 1749 1740 1794 τοῦ

151 1835 178 1856 “
206 1829 474 1897 δέχεσθαιΫ
514 1829 745 1896 ἀνασώζει
771 1827 828 1892 δὴ
854 1829 936 1880 οὖν
962 1851 1044 1879 τον
1071 1830 1236 1879 οικεῖον
1261 1828 1488 1893 Ἀνδρεας
1514 1824 1740 1893 ἀδελφόν·

84 1936 133 1961 20
156 1911 337 1977 Πέτρος
381 1911 430 1962 δὲ
475 1912 611 1966 οὗτος
653 1909 728 1975 ἦν·
791 1910 906 1961 ὅλον
946 1911 994 1961 ἐν
1036 1910 1185 1979 ὀλίγω
1231 1909 1477 1978 κεφαλαίω
1522 1907 1576 1958 τὸ
1621 1908 1744 1972 μέγα

153 1993 379 2058 δηλώσας
419 1993 694 2061 μυστήριον.
762 1995 995 2062 εὑρήκαμεν
1035 1991 1143 2058 γὰρ,
1185 1993 1351 2061 φησιν,
1394 1993 1456 2045 ὡς
1501 1988 1744 2055 θησαυρὸν
1806 1991 1967 2075 {iihiffiitfh

153 2098 468 2142 κεκρυμμενον
505 2078 554 2127 ἐν
591 2077 737 2144 ἀγρῶ,
771 2073 801 2138 ἢ
842 2077 954 2128 ὡς6
958 2074 1070 2124 ίἕνα
1107 2074 1375 2137 πολύτιμον
1412 2071 1726 2138 μαργαρίτην’
1806 2088 1858 2119 Ib.
1875 2085 1928 2128 46.

154 2156 237 2208 τὸν
263 2158 468 2222 Ἰησοῦν,
496 2157 615 2209 κατὰ
641 2180 725 2210 τας
753 2159 800 2207 ἐν
827 2161 922 2210 τοῖς
949 2156 1241 2222 εὐαγγελιοις
1267 2154 1566 2220 παραβολάς

149 2311 400 2363 Ἐμβλεψαε
438 2313 557 2367 αὐτῷ
594 2313 616 2355 ὁ
648 2314 815 2354 ἸΗσοῦε
853 2307 946 2352 εἷπε
984 2311 1043 2352 Σὺ
1082 2306 1121 2352 εἷ
1157 2310 1302 2360 Σίμων
1336 2311 1358 2353 ὁ
1398 2308 1486 2352 υἱὸς
1517 2310 1661 2359 Ἰωνᾶ,
1696 2308 1787 2350 σὺο

88 2404 137 2443 25
456 2396 650 2452 κλμθύσῌ
690 2395 852 2451 ΚΗφᾶε,
888 2394 911 2438 ὃ
949 2395 1230 2452 ἑρμι-ινεύεται
1266 2394 1443 2450 Πέτρος.

229 2509 448 2575 Ἀτενίζει
483 2510 754 2575 θεοπρεπῶς
786 2510 811 2559 ὁ
844 2509 1035 2574 καρδίας
1069 2508 1192 2574 ὁρῶν
1217 2511 1292 2558 καὶ
1328 2507 1545 2575 νεφρούς”
1588 2507 1676 2574 ὁρᾷ
1701 2504 1750 2555 δὲ

206 2661 237 2683 2.
264 2651 322 2693 τῆς
339 2656 560 2694 assumptum
579 2662 619 2683 ex
641 2649 682 2682 B.
796 2659 874 2694 7-9.
901 2647 1090 2693 εἷς-λέγει
1108 2647 1248 2693 αὐτῷ]
1236 2647 1297 2682 ε’ως
1314 2649 1374 2681 τοῦ
1394 2646 1434 2679 Β.
1549 2657 1600 2680 10.
1627 2646 1750 2688 μεσίαν

160 2696 202 2730 Β.
255 2695 416 2729 Statim‘'
398 2711 415 2728 ο
434 2696 508 2729 ἐστι
526 2696 886 2740 μεθερμηνευόμενον’
871 2711 888 2729 ο
906 2697 1057 2741 Χριστὸς
1075 2695 1172 2729 addit
1191 2694 1258 2728 Ed.
1277 2694 1387 2727 invito
1408 2693 1449 2726 B.
1561 2704 1613 2734 15.
1638 2696 1750 2736 μηνῶν

158 2759 177 2804 ἢ
196 2760 279 2794 ε’τῶν
296 2759 362 2794 hoc
380 2760 500 2793 ordine
521 2760 562 2794 B.
700 2759 751 2794 16.
778 2762 850 2795 ταῖς
867 2763 933 2794 τῶν
949 2759 1154 2803 μαθημάτων
1174 2749 1346 2803 [μαθητων
1365 2756 1453 2789 Cod.
1457 2755 1510 2801 ]'
1492 2758 1613 2800 αρχαῖς
1632 2756 1674 2790 Β.
1692 2757 1750 2799 τῆς

160 2811 227 2841 τῶν
242 2805 434 2849 μαθητῶν
416 2808 640 2851 αρχαιότητος
658 2806 725 2840 Ed.
743 2804 835 2850 οῖμαι
852 2804 930 2840 ἀλλ
949 2807 1032 2848 ὁμοῦ
1050 2808 1088 2848 τῇ
1108 2808 1173 2838 τῶν
1190 2804 1393 2847 μαθημάτων
1410 2803 1605 2847 ἀρχαιότητι
1626 2803 1658 2836 D
1678 2815 1749 2846 mg.

162 2853 286 2887 Statim
304 2853 343 2886 τὸ
360 2854 418 2895 τῆς
435 2859 657 2896 assumptum
675 2865 715 2887 ex
738 2853 778 2888 B.
907 2853 959 2886 18.
986 2851 1128 2896 φησι]”
1114 2866 1131 2893 η
1151 2851 1223 2884 θεία
1240 2849 1357 2895 γραφή
1377 2849 1473 2883 addit
1491 2849 1534 2882 ad
1554 2849 1749 2884 versionem

163 2899 239 2934 Lat.
259 2905 419 2944 spectans
440 2899 516 2943 Mig
520 2911 574 2933 ne.
881 2911 934 2943 19.
961 2899 1000 2941 δὴ
1020 2910 1089 2931 om
1110 2898 1149 2930 B.
1170 2897 1301 2930 habent
1320 2896 1411 2930 Catt.
1495 2898 1512 2929 ὁ
1528 2895 1688 2940 Ἀνδρέας
1710 2896 1750 2930 Β,

164 2957 218 2989 24.
244 2944 466 2989 Ἐμβλέψας]
492 2912 525 2984 -gi-
550 2946 584 2978 δέ
605 2945 670 2979 Ed.
690 2946 799 2979 invito
821 2946 860 2979 B.
1007 2954 1059 2988 25
1088 2943 1219 2987 Πετρος
1238 2943 1279 2976 Β.
1300 2942 1415 2987 Πέτρα
1435 2942 1500 2976 Ed.

899 3012 1008 3039 (¹02
