2021 3296
101 161 127 203 i.
151 176 184 202 1.
364 164 440 204 IN
482 165 524 207 S.
557 163 893 205 JOANNEM.
955 162 1079 204 LIB.
1113 162 1149 203 Ι.
1211 160 1346 202 CAP.
1380 160 1415 200 Ι.
1632 159 1685 199 19

99 269 216 322 Υἱὸν
237 271 461 339 ὑπάρχειν
479 274 662 324 ἐννοεῖν·
702 271 849 336 μόνον
869 270 963 337 γὰρ
989 271 1043 322 τό
1069 270 1165 339 Ἐξ
1188 270 1241 321 οὗ
1266 269 1321 321 τὸ
1346 272 1430 333 τῆς
1456 271 1611 334 πηγῆς
1636 270 1684 318 ἐν

97 351 279 406 τούτοις
316 353 465 418 ὄνομα
502 356 734 419 σημαίνει.
799 353 902 405 ε”στι
941 352 989 403 δὲ
1028 353 1053 403 ὁ
1091 351 1206 407 Υἱὸς
1243 353 1292 402 ἐν
1326 352 1481 416 Πατρὶ
1520 351 1596 400 καὶ
1633 351 1683 400 ἐκ

100 434 302 500 Πατρὸς,
338 436 422 486 οὐκ
459 436 633 505 ἔξωθεν
671 435 700 501 ἦ
739 438 787 487 ἐν
821 434 977 504 χρόνῳ
1014 433 1234 500 γεγονὼς,
1271 433 1381 483 ἀλλ’
1420 434 1468 483 ἐν
1502 435 1560 498 τῇ
1600 437 1726 484 rofib

99 515 290 582 Πατρὸς
317 516 540 585 ὑπάρχων
566 519 720 587 οὐσίᾳ,
747 519 822 569 καὶ
848 517 905 586 ἐξ
932 517 1074 580 αὐτῆς
1104 514 1412 582 ἀναλάμψας,
1439 512 1604 579 ὥσπερ
1630 513 1687 581 ἐξ

53 596 231 660 5ἡλίου
269 598 413 665 τυχὸν
446 598 500 650 rb
538 600 837 666 ἀπαύγασμα
875 599 1031 661 αὐτοῦ,
1063 597 1092 663 ἢ
1132 597 1344 664 καθάπερ
1382 597 1432 647 ἐκ
1469 594 1616 661 πυρὸς
1655 595 1682 658 ἡ

96 677 302 748 ἔμφυτος
340 681 483 732 αὐτοῦ
521 682 767 748 θερμότης·
810 683 857 732 ἐν
892 679 986 747 γὰρ
1027 685 1122 734 τοῖς
1159 680 1383 733 τοιούτοις
1421 678 1680 745 παραδείγ-

95 783 259 824 μασιν,
294 762 342 813 ’ὲν
372 762 457 825 μὲν
491 763 549 833 ἐξ
583 763 685 818 ἑνὸς
723 763 1015 830 γεννώμενον
1050 763 1230 813 ε”νεστιν
1263 764 1388 824 ἰδεῖν,
1424 763 1492 811 ἀεὶ
1524 761 1566 811 δ’
1602 761 1684 811 οὖν

96 842 222 906 ὅμως
271 843 579 913 συνυπάρχον
628 848 703 896 καὶ
754 846 1033 912 ἀχωρίστως
1082 843 1282 911 προσὸν,
1335 845 1397 897 ὡς
1446 843 1553 910 δίχα
1600 847 1684 893 τοῦ

95 924 253 991 ἑτέρου
278 925 343 989 μὴ
371 924 485 978 εἶναι
513 926 746 979 δύνασθαι
774 928 881 978 καθ’
904 925 1040 978 ἑαυτὸ
1067 926 1121 978 rb
1146 924 1318 992 ἕτερον,
1338 927 1414 976 καὶ
1440 923 1684 989 διασώζειν

28 1023 77 1049 10
97 1007 253 1071 ἀληθῆ
279 1007 362 1058 τὸν
388 1011 470 1072 τῆς
497 1010 664 1063 οἰκείας
691 1009 884 1078 φύσεως
910 1008 1075 1074 λόγον.
1129 1012 1229 1062 πῶς
1263 1006 1357 1074 γὰρ
1392 1006 1516 1061 ὅλως
1550 1006 1684 1071 ἥλιος

95 1088 179 1139 οὐκ
205 1087 325 1156 ἔχων
351 1089 664 1157 ἀπαύγασμα,
691 1089 719 1156 ἢ
756 1095 858 1144 πῶς
891 1089 1189 1156 ἀπαύγασμα
1219 1088 1284 1154 μὴ
1314 1087 1442 1143 ἐντὸς
1468 1086 1522 1140 ὃν
1547 1088 1683 1153 ἡλίου
1701 1112 1723 1139 c

95 1175 178 1221 τοῦ
212 1171 564 1239 ἀπαυγάζοντος
598 1172 744 1234 αὐτό;
793 1177 895 1227 πῶς
930 1172 979 1224 δὲ
1015 1174 1091 1224 καὶ
1125 1177 1233 1239 πῦρ,
1261 1175 1299 1222 εὶ
1333 1170 1388 1223 rb
1423 1172 1684 1237 θερμαίνειν

96 1253 179 1303 οὐκ
205 1252 297 1321 ἔχει
318 1276 332 1317 3
375 1254 521 1306 πόθεν
547 1255 596 1306 δὲ
622 1255 677 1306 τὸ
705 1253 892 1322 θερμὸν,
920 1259 957 1306 εἰ
983 1253 1048 1320 μὴ
1073 1256 1122 1305 ἐκ
1146 1253 1308 1321 πυρὸς,
1333 1252 1363 1318 ἢ
1397 1252 1528 1320 παρά
1560 1275 1684 1308 τινος

96 1334 252 1401 ἑτέρου
277 1336 423 1405 τυχὸν
448 1340 531 1401 τῆς
557 1343 640 1389 τοῦ
665 1337 813 1405 πυρὸς
840 1337 1097 1391 οὐσιώδους
1127 1335 1375 1400 ποιότητος
1410 1336 1465 1387 οὐ
1498 1334 1685 1402 μακράν

27 1429 74 1468 15
94 1439 186 1468 που
225 1419 467 1482 κειμένους
519 1418 684 1487 ὥσπερ
723 1420 805 1470 οὖν
836 1421 885 1470 ἐν
917 1418 1098 1472 τούτοις
1136 1417 1191 1469 rb
1228 1418 1504 1486 ἐνυπάρχειν
1535 1417 1593 1468 τὰ
1631 1418 1689 1487 ἐξ

94 1500 249 1551 αὐτῶν
275 1502 356 1552 οὐκ
389 1503 568 1569 ἀναιρεῖ
597 1502 684 1567 τὴν
709 1501 1021 1570 συνύπαρξιν,
1047 1502 1116 1552 ἀεὶ
1151 1499 1200 1552 δὲ
1233 1500 1554 1568 συντρέχοντα
1588 1505 1684 1554 τοῖς

94 1587 301 1648 γεννῶσι
333 1584 524 1635 δεικνύει
558 1582 618 1635 τὰ
651 1583 934 1650 γεννώμενα,
961 1585 1036 1634 καὶ
1061 1583 1174 1646 μίαν
1199 1584 1262 1637 ὡς
1291 1581 1410 1649 πρὸς
1445 1581 1563 1633 αὐτὰ
1596 1580 1684 1646 τὴν

95 1664 246 1732 φύσιν
272 1664 639 1733 κληρωσάμενα·
682 1667 804 1717 οὕτω
830 1667 907 1716 καὶ
932 1666 1003 1734 ἐφ’
1033 1668 1164 1716 Υἱοῦ.
1218 1663 1306 1715 κᾶν
1331 1664 1425 1730 γὰρ
1451 1666 1499 1715 ἐν
1526 1665 1684 1731 Πατρὶ

94 1748 170 1796 καὶ
207 1748 257 1797 ἐκ
297 1746 488 1813 Πατρὸς
526 1751 687 1812 νοῆται
726 1750 802 1798 καὶ
842 1746 1053 1813 λέγηται,
1093 1747 1175 1797 οὐκ
1214 1746 1422 1815 ἔκφυλος
1459 1746 1569 1810 ἡμῖν
1607 1747 1683 1796 καὶ

25 1843 75 1870 20
94 1826 226 1896 ξένος
269 1826 298 1892 ἢ
345 1831 407 1882 ὡς
450 1830 547 1892 μετ’
591 1829 734 1880 αὑτὸν
774 1828 1000 1895 δεύτερος,
1041 1826 1334 1892 εἶσβήσεται,
1375 1828 1486 1878 ἀλλ’
1530 1826 1594 1878 ὧν
1633 1829 1726 1878 e'vd

93 1911 232 1980 αὐτῷ,
258 1912 333 1961 καὶ
360 1909 681 1979 συνυπάρχων
706 1913 788 1974 ἀεὶ,
817 1910 892 1962 καὶ
927 1911 984 1980 ἐξ
1016 1911 1158 1961 αὐτοῦ
1191 1909 1428 1979 πεφηνὼς,
1455 1909 1574 1961 κατὰ
1598 1908 1682 1960 τὸν

92 1991 295 2060 ἄῤῥητον
325 1996 408 2057 τῆς
444 1994 568 2047 θείας
604 1992 871 2060 γεννήσεως
904 1993 1098 2060 τρόπον.
1161 1992 1231 2044 ὅτι
1267 1991 1316 2043 δὲ
1350 1994 1427 2043 καὶ
1463 1994 1524 2045 ὡς
1559 1990 1681 2059 ἀρχὴ

92 2079 175 2125 τοῦ
195 2078 327 2139 Υἱοῦ,
344 2075 463 2127 κατὰ
488 2074 633 2140 μόνον
654 2074 708 2127 τό
729 2075 825 2144 Ἐξ
846 2075 914 2138 οὗ,
936 2075 1124 2141 λέγεται
1150 2076 1226 2126 καὶ
1255 2073 1387 2140 παρὰ
1411 2079 1507 2129 τοῖς
1534 2075 1682 2140 ἁγίοις

93 2157 118 2207 ὁ
151 2155 272 2211 Θεὸς
307 2160 383 2208 καὶ
419 2157 602 2225 Πατὴρ,
630 2158 767 2209 ἄκουε
806 2163 888 2209 τοῦ
927 2158 1199 2227 ψαλμερδοῦ
1237 2156 1324 2222 τὴν
1353 2156 1570 2223 δευτέραν
1600 2161 1682 2207 τοῦ

25 2244 72 2284 ²5
93 2241 312 2306 Σωτῆρος
346 2240 479 2305 ἡμῶν
508 2239 783 2310 ἐπιφάνειαν
818 2238 894 2291 διὰ
926 2244 1010 2290 τοῦ
1043 2240 1211 2305 ιΑγιόυ
1246 2238 1523 2303 Πνεύματος
1557 2260 1676 2304 προ-

90 2320 399 2388 κηρύττοντος
436 2325 510 2373 καὶ
548 2325 610 2376 ὡς
646 2321 764 2389 πρὸς
798 2321 941 2373 αὐτὸν
974 2322 1199 2387 λέγοντος
1237 2320 1320 2372 τὸν
1344 2319 1462 2372 Υἱόν
1494 2327 1519 2350 “
1541 2319 1680 2371 Μετὰ
1742 2329 1796 2359 Ps.
1812 2328 1874 2360 cix.

91 2410 118 2433 “
143 2409 235 2455 σοῦ
261 2405 289 2469 ἡ
316 2404 438 2472 ἀρχὴ
464 2407 513 2455 ἐν
538 2405 688 2474 ἡμέρᾳ
712 2407 795 2469 τῆς
821 2402 1059 2468 δυνάμεώς
1085 2427 1192 2467 σου,
1216 2405 1265 2454 ἐν
1290 2407 1348 2471 τῇ
1379 2402 1679 2469 λαμπρότητι

140 2569 172 2594 1.
196 2559 236 2593 τὸ
252 2559 350 2604 prius
368 2571 438 2594 om.
457 2559 500 2594 B.
517 2559 623 2594 habet
641 2560 750 2595 Euth.
1093 2571 1126 2605 3,
1145 2572 1177 2603 4.
1203 2559 1222 2603 ἢ
1241 2560 1530 2604 ἐν-ἀναλάμψας
1546 2570 1616 2593 om.
1637 2559 1678 2594 E.

92 2614 123 2651 7.
149 2605 245 2641 ἐστιν
265 2604 371 2641 Euth.
436 2605 495 2641 οὖν
511 2618 582 2641 om.
603 2607 645 2641 Β.
664 2607 769 2642 habet
787 2606 895 2642 Euth.
914 2607 1039 2641 ἀείδιον
1055 2619 1119 2652 pro
1135 2607 1187 2641 ἀεὶ
1204 2606 1232 2641 δ’
1251 2606 1309 2641 οὖν
1326 2607 1368 2640 Ε.
1547 2617 1579 2650 9.
1606 2606 1677 2640 δια-

90 2653 201 2696 σώζον
219 2652 262 2687 Β.
518 2664 572 2688 10.
598 2652 704 2699 ὅλως]
728 2658 766 2695 -†-
787 2655 805 2688 ὁ
824 2653 866 2688 Β.
1127 2665 1179 2688 11.
1206 2654 1298 2689 ἐντὸς
1315 2653 1352 2687 ὂν
1369 2652 1477 2687 Euth.
1495 2652 1591 2688 ὄντος
1609 2652 1677 2688 Ed.

94 2742 146 2777 13.
172 2731 191 2776 ἢ
208 2732 499 2777 παρά-κειμένου
516 2745 586 2768 om.
605 2733 714 2768 Euth.
862 2743 915 2779 17.
942 2711 1208 2769 az’srgvomittens
1226 2734 1285 2777 τὴν
1302 2745 1354 2779 sq.
1374 2732 1417 2767 Β.
1561 2743 1615 2766 22.
1635 2733 1679 2768 ὡς

90 2790 160 2813 om.
186 2779 294 2814 Euth.
320 2778 425 2814 habet
450 2786 515 2814 cat.
541 2780 578 2814 in
604 2780 661 2814 Ps.
681 2781 746 2815 οἰκ.
775 2780 869 2826 [cod.
899 2781 1185 2816 Mediceo-Laur.
1211 2781 1256 2814 vi.
1276 2791 1308 2825 3.
1335 2791 1402 2814 sec.
1422 2779 1479 2813 xii.
1506 2791 1524 2813 e
1548 2779 1679 2814 familia

91 2837 196 2870 quam
216 2826 250 2859 K
268 2826 384 2870 signat
403 2826 477 2861 Mai
494 2832 528 2861 et
545 2827 623 2862 cod.
643 2827 680 2862 S.
700 2827 865 2862 Laurent.
884 2828 1136 2862 Escorialensis
1154 2833 1191 2861 Υ.
1211 2828 1245 2861 ii.
1268 2825 1339 2871 14]
1512 2835 1567 2869 25.
1593 2841 1677 2871 προ-

91 2871 261 2916 κηρύττων
278 2873 330 2906 καὶ
349 2872 459 2917 λέγων
477 2874 520 2909 ὡς
536 2874 621 2919 πρὸς
637 2874 746 2909 αὐτῶν
763 2875 816 2908 καὶ
832 2874 943 2920 λέγων
959 2876 1031 2909 υἱὸν
1050 2875 1091 2909 Β.
1480 2872 1534 2907 26.
1562 2874 1606 2909 ὧς
1623 2885 1677 2907 as-

92 2926 272 3003 ?Rmxptugrn
291 2930 332 2953 ex
352 2919 459 2954 Euth.
478 2920 615 2955 favente
635 2921 676 2955 B.
696 2932 801 2967 supra
819 2921 876 2956 cit.
1164 2929 1217 2964 27.
1244 2921 1316 2956 ταῖς
1332 2921 1549 2965 λαμπρότησι
1567 2919 1676 2954 Euth.

145 2991 150 2998 .
185 2966 207 2999 ‘'.
246 2967 306 3003 ἐ.)

849 3035 921 3062 D2
