2084 3317
353 124 437 163 512
752 124 802 164 B.
836 123 1114 165 CYRILLI
1155 124 1532 165 ALEXANDR.
1801 123 1856 165 vi.
1875 133 1945 176 47.

307 237 335 279 b
354 229 546 282 πάντων
571 230 685 283 εἶναι
716 233 986 298 λεγομένων
1015 232 1141 302 παρα
1169 235 1294 290 Θεοῦ,
1323 232 1464 295 μόνος
1490 231 1629 288 αὐτὸς
1655 233 1727 284 ἐπὶ
1755 231 1841 297 τὴν
1865 238 1949 284 τοῦ

353 312 672 378 γεννήσαντος
698 315 939 375 ἀναβαίνει
966 315 1092 377 θεάν,
1119 313 1195 365 διὰ
1220 313 1273 365 τὸ
1300 312 1414 365 εἶναι
1442 314 1571 384 παρὰ
1598 316 1739 376 Θεοῦ,
1782 315 1949 365 οὐκοῦν

354 393 588 460 εἰρήσεται
612 394 698 460 μὲν
725 398 798 447 ἐπὶ
833 400 928 447 τῶν
953 395 1230 459 ποιημάτων
1257 396 1775 463 καταχρηστικώτερον·
1816 394 1948 462 παρὰ

356 479 481 527 Θεοῦ
506 476 600 542 γὰρ
626 476 685 527 τὰ
710 476 867 528 πάντα
894 480 1249 543 δημιουργητῶς
1277 477 1352 528 διὰ
1378 478 1431 529 τὸ
1458 481 1699 545 παρῆχθαι
1727 479 1781 528 δι’
1806 478 1948 528 αὑτοῦ

354 556 473 622 πρὸς
511 558 709 622 γε’νεσιν·
756 560 831 610 ἐπὶ
872 558 920 609 δὲ
959 565 1041 609 τοῦ
1076 562 1208 622 Υὶοῦ,
1242 561 1349 610 καθ’
1385 559 1541 626 ἕτερόν
1574 582 1623 610 τε
1663 561 1737 610 καὶ
1777 558 1990 624 &Med-5

354 661 527 706 στερον
553 638 727 706 τρόπον
759 638 813 691 τὸ
848 639 977 709 παραὶ
1014 642 1086 692 ro&
1117 643 1241 704 Θεοῦ,
1270 643 1331 695 ὡς
1361 642 1418 710 ἐξ
1454 642 1596 692 αὐτοῦ
1630 639 1750 691 κατὰ
1783 639 1947 708 φύσιν,

355 719 601 789 δεδέξεται.
677 720 747 772 διὸ
791 726 888 775 τοῖς
932 726 1082 773 πᾶσιν
1124 723 1177 773 οὐ
1219 723 1665 789 συναριθμούμενος,
1705 722 1815 772 ἀλλ’
1857 721 1949 790 ἔξω

353 802 545 854 πάντων
572 802 797 872 ὑπάρχων
822 806 898 854 καὶ
925 801 1079 855 ἐπάνω
1107 802 1300 855 πάντων
1324 804 1444 867 μετὰ
1471 803 1676 870 Πατρὸς,
1705 804 1759 854 οὐ
1795 826 1944 854 συνα-

355 883 580 949 σθενήσει
618 889 715 939 τοῖς
751 890 915 948 πᾶσιν,
950 884 1030 936 ἅτε
1070 885 1126 951 δὴ
1165 889 1248 950 τῆς
1288 887 1473 938 ἐκείνων
1512 885 1744 954 ὁμοφυῖας
1783 884 1951 954 ἐξῃρη-

316 966 506 1030 ομένος,
547 969 608 1021 ὡς
650 966 698 1018 δὲ
740 971 802 1021 εὶς
847 966 933 1032 τὴν
973 974 1057 1019 τοῦ
1099 967 1419 1033 γεννήσαντος
1465 968 1734 1036 ἀνατρέχων
1776 967 1945 1035 φύσιν,
1973 989 2020 1013 10

358 1048 619 1116 κατόψεται
652 1049 840 1103 πάντως
876 1049 959 1100 τὸν
991 1050 1048 1118 ἐξ
1081 1050 1222 1116 οὗπέρ
1255 1052 1374 1101 ἐστι.

432 1129 504 1181 Τὸ
543 1131 591 1182 δὲ
633 1130 773 1194 ὅπως,
806 1130 834 1196 ἢ
870 1130 990 1182 κατὰ
1025 1132 1127 1182 τίνα
1162 1132 1351 1198 τρόπον,
1381 1131 1409 1196 ἢ
1446 1131 1585 1185 αὐτὸς
1620 1130 1848 1197 θεωρήσει
1884 1132 1950 1182 τὶν

360 1213 555 1280 Πατέρα,
590 1211 618 1277 ὴ
654 1213 713 1263 αὖ
747 1214 894 1264 πάλιν
924 1213 1054 1279 παρὰ
1090 1220 1173 1264 τοῦ
1207 1212 1398 1279 Πατρὸς
1435 1213 1713 1282 ὀφθήσεται,
1745 1216 1828 1277 τῆς
1865 1212 1951 1276 μὲν

357 1294 580 1360 ἡμετέρας
619 1294 837 1361 γλώττης
877 1296 960 1346 οὐκ
999 1295 1137 1362 ἔργον
1175 1299 1332 1346 εἰπεῖν·
1393 1295 1581 1360 νοητεόν
1620 1296 1665 1346 δ’
1707 1295 1788 1346 οὖν
1826 1293 1952 1358 ὅμως

358 1380 639 1443 θεοπρεπῶς.
1975 1401 2021 1438 15

288 1576 335 1616 47
466 1569 603 1620 Ἀμήν
640 1571 754 1621 ἀμὴν
789 1572 904 1621 λεΤω
942 1569 1049 1624 ὑμῖν,
1084 1574 1100 1616 ἱ
1145 1574 1358 1616 Πιστεύων
1395 1571 1454 1614 εἰς
1491 1573 1565 1622 ἐμὲ
1603 1573 1689 1629 ἔχει
1727 1572 1836 1630 ζωήν

1062 1654 1252 1699 αἰώνιον.

311 1718 338 1758 d

431 1773 570 1840 Θύρα
609 1781 861 1841 τοιγαροῦν
903 1778 978 1827 καὶ
1025 1775 1131 1830 ὁδὸς
1172 1779 1235 1830 εἷς
1279 1774 1400 1843 ζωὴν
1443 1777 1471 1840 ἡ
1516 1776 1691 1839 πίστις,
1735 1779 1810 1827 καὶ
1855 1775 1950 1827 ἀπὸ

357 1858 541 1922 φθορᾶς
585 1861 647 1911 εἷς
691 1858 971 1925 ἀφθαρσίαν
1012 1858 1269 1924 ἀναδρομή.
1340 1857 1584 1923 θαυμάσαι
1628 1857 1776 1924 γεμὴν
1820 1857 1951 1909 οὐδὲν

356 1937 498 2002 ἧττον
523 1938 758 2005 παρέσται
793 1944 889 1993 τοῖς
925 1940 1236 2007 ἀκροωμένοις
1267 1943 1343 1991 καὶ
1375 1940 1460 2004 τὴν
1487 1942 1534 1991 ἐν
1560 1941 1741 1995 τούτοις
1767 1943 1944 1991 οὶκονο-
1974 1960 2024 1985 20

356 2019 482 2082 μίαν.
539 2020 694 2084 ἐπειδὴ
733 2020 828 2087 γὰρ
867 2020 1000 2071 οὐδὲν
1037 2020 1091 2072 τὸ
1130 2020 1357 2087 παράπαν
1395 2021 1620 2075 συνέντας
1658 2021 1949 2080 αἰσθάνεται,

357 2102 468 2152 ἀλλ’
516 2102 619 2153 οὐδὲ
665 2102 736 2153 ὅτι
781 2102 1017 2169 προσήκοι
1060 2108 1156 2157 τοῖς
1207 2106 1257 2155 ἐκ
1307 2108 1567 2172 προφητῶν
1611 2105 1951 2155 ὑποπείθεσθαι

357 2182 521 2249 λόγοις
559 2184 795 2248 οἰομένους
834 2185 935 2254 ὁρᾷ,
967 2184 1021 2236 τὸ
1060 2183 1143 2250 μὲν
1180 2185 1297 2237 ὅσον
1331 2184 1390 2250 ἧν
1422 2188 1655 2238 ἀσθενοῦν
1690 2190 1752 2240 εἷς
1786 2187 1951 2238 πίστιν

319 2268 420 2320 θὼς
452 2267 501 2317 ἐκ
538 2271 790 2332 λογισμῶν
817 2268 1138 2333 ἀνθρωπίνων,
1165 2267 1288 2338 ὅρκῳ
1323 2272 1389 2337 τῷ
1424 2267 1541 2335 πρὸς
1578 2267 1803 2333 ἀλήθειαν
1829 2269 1944 2320 ὑπο-

356 2348 586 2412 τέμνεται.
643 2349 760 2416 γέρα
787 2349 834 2400 δὲ
857 2354 954 2403 τοῖς
980 2349 1261 2401 πιστεύουσι
1285 2353 1519 2417 προτιθεὶς
1545 2350 1605 2402 τὰ
1631 2350 1945 2420 ἀξιοζήλωτα,
1973 2372 2022 2413 25

357 2429 569 2496 καθάπερ
608 2433 735 2482 τισὶν
773 2432 944 2494 ὁλκοῖς,
986 2431 1250 2496 ἐπιθυμίαις
1295 2432 1514 2497 δηλονότι
1559 2438 1658 2487 ταῖς
1703 2436 1765 2487 εἷς
1808 2431 1946 2496 αὐτὰ,

356 2516 607 2581 μονονουχὶ
636 2515 709 2564 καὶ
736 2514 824 2581 οὐχ
858 2513 1048 2566 ἑκόντας
1080 2512 1338 2580 ἐκβιάζεται
1373 2517 1449 2565 καὶ
1483 2514 1717 2566 ἀναπείθει
1747 2514 1951 2581 βαδίζειν

356 2595 430 2645 ἐπὶ
469 2593 524 2646 τὸ
563 2594 918 2661 κηρυττόμενον.
944 2596 1019 2647 »τί
1052 2595 1146 2662 γὰρ
1186 2594 1243 2647 ἂν
1279 2595 1458 2662 γένοιτο
1495 2599 1578 2661 τῆς
1613 2599 1798 2648 αἰωνίου
1833 2597 1950 2664 ζωῆς

357 2676 710 2743 προτιμότερον,
744 2682 840 2732 τοῖς
880 2676 947 2732 οἷς
984 2700 1038 2744 γε
1077 2676 1243 2743 πικρὸς
1279 2679 1303 2728 ὁ
1337 2677 1539 2733 θάνατος
1577 2680 1651 2730 καὶ
1687 2678 1747 2730 τὰ
1781 2681 1830 2731 ἐκ
1865 2683 1950 2744 τῆς

406 2831 437 2866 6.
464 2834 524 2866 τοῦ
541 2838 763 2877 assumptum
783 2845 823 2867 ex
846 2833 886 2867 Β.
1104 2842 1135 2878 7.
1161 2832 1332 2876 δεδέξεται
1354 2833 1394 2867 Β.
1413 2833 1589 2878 λελέξεται
1609 2833 1675 2868 Ed.
1757 2834 1796 2867 οὐ
1813 2845 1884 2868 om.
1905 2833 1948 2867 Β.

363 2890 415 2922 13.
441 2881 500 2913 τοῦ
518 2886 743 2924 assumptum
761 2892 803 2914 ex
823 2880 865 2915 B.
1051 2891 1102 2922 14.
1131 2880 1266 2923 νοητέον
1286 2880 1326 2914 Β.
1346 2880 1476 2924 οἰητέον
1494 2880 1560 2915 Ed.
1737 2891 1791 2925 23.
1818 2882 1892 2925 ὁρᾷ,
1910 2881 1948 2914 τὸ

358 2924 434 2970 μέν]
456 2952 464 2965 ,
484 2926 547 2970 ι’ἷρα
565 2927 603 2960 τὸ
621 2927 682 2970 μὲν
702 2926 743 2961 Β.
889 2938 944 2972 29.
972 2927 1008 2961 δέ
1027 2938 1090 2971 pro
1109 2928 1126 2960 ὁ
1147 2926 1189 2961 Β.
