2073 3296
338 134 392 174 70
737 136 787 178 B.
821 136 1096 179 CYRILLI
1138 139 1518 181 ALEXANDR.
1840 141 1866 182 i.
1886 154 1924 196 3.

336 241 482 308 λόγος
507 243 593 305 μὲν
617 243 711 312 γὰρ
736 249 812 297 καὶ
839 248 1005 316 σοφία,
1033 247 1109 299 διὰ
1135 248 1189 300 τὸ
1216 250 1265 300 ἐκ
1292 255 1374 300 νοῦ
1401 251 1476 301 καὶ
1503 251 1551 300 ἐν
1577 253 1643 319 νῷ
1676 254 1927 318 προσεχῶς

113 337 167 372 47
187 337 239 372 A.
295 347 317 371 a
336 326 413 374 καὶ
448 325 761 389 ἀδιαστάτως,
788 330 863 379 καὶ
900 329 986 393 τὴν
1012 334 1073 384 εἷς
1110 331 1308 394 ἄλληλα
1343 335 1437 382 τῶν
1466 333 1839 396 σημαινομένων,
1865 334 1927 386 ὡς

336 404 394 456 ἂν
421 406 540 458 ε’ίποι
566 431 649 471 τις,
677 410 992 474 ἀντεμβολήν.
1046 417 1153 466 νοῦς
1179 411 1272 478 γὰρ
1304 414 1350 463 ἐν
1379 411 1511 483 λόγῳ
1547 415 1622 464 καὶ
1657 415 1823 484 σοφίᾳ,
1850 416 1926 465 καὶ

335 486 480 553 λόγος
519 494 581 544 εἰς
621 496 728 541 νοῦν
767 491 1030 554 ἀμοιβαδὸν
1066 493 1379 561 ὀφθήσονται,
1414 497 1489 545 καὶ
1527 494 1581 546 τὸ
1619 502 1927 559 μεσολαβοῦν

335 569 467 621 οὐδὲν
494 570 521 635 ἢ
558 573 754 639 χωρίζον
781 579 863 624 τοῦ
896 574 1053 641 ἐτέρου
1078 574 1132 626 τὸ
1162 573 1335 642 ἕτερον·
1381 576 1574 640 δύναμις
1601 576 1649 628 δὲ
1674 576 1836 641 πάλιν,
1865 580 1926 633 ὡς
1946 594 1969 633 5

334 652 630 706 ἀδιαστάτως
675 659 772 709 τοῖς
815 655 936 722 ἔχειν
975 656 1120 721 αὐτὴν
1158 655 1427 725 πεφυκόσιν
1464 658 1810 727 ἐνυπάρχουσα,
1850 663 1927 711 καὶ

334 734 604 797 μηδαμόθεν
630 737 782 787 αὐτῶν
809 740 872 791 ὡς
898 740 946 789 ἐν
972 738 1103 808 τάξει
1130 739 1494 803 συμβεβηκότος
1520 741 1750 805 δυναμένη
1778 743 1921 808 χωρί-

335 813 496 879 ζεσθαι
542 818 650 884 δίχα
697 821 782 882 τῆς
832 825 915 870 τοῦ
966 822 1267 885 ὑποκειμένου
1318 826 1517 888 φθορᾶς·
1585 822 1828 890 χαρακτὴρ
1878 824 1926 875 δὲ

288 907 316 947 b
335 896 494 961 πάλιν,
523 902 583 953 ὡς
610 901 677 951 ἀεὶ
705 901 1040 970 συμπεφυκὼς,
1068 905 1142 953 καὶ
1169 903 1449 970 χωρίζεσθαι
1475 902 1540 967 μὴ
1567 904 1820 966 δυνάμενος
1845 908 1926 969 τῆς·

334 981 512 1043 οὐσίας,
550 981 603 1045 ἧς
644 983 747 1033 ἐστι
788 983 1047 1050 χαρακτήρ.
1118 986 1296 1048 οὐκοῦν,
1337 984 1583 1051 ἐπειδήπερ
1624 985 1837 1053 ἑκάτερος
1878 988 1926 1038 ἐν
1949 1009 1997 1034 10

333 1061 533 1132 ἑκατέρῳ
573 1069 787 1131 φυσικῶς
824 1064 880 1116 τέ
913 1068 1015 1116 ἐστι
1055 1069 1129 1117 καὶ
1170 1067 1449 1132 ἀναγκαίως,
1489 1066 1797 1133 ἐργαζομένου
1836 1071 1920 1134 δη-

332 1143 493 1195 λονότι
518 1151 601 1196 τοῦ
629 1146 819 1212 Πατρὸς
848 1149 872 1198 ὁ
899 1148 1013 1201 Υἱὸς
1040 1148 1305 1214 ἐργάσεται,
1335 1151 1398 1202 ὡς
1433 1150 1625 1213 δύναμις
1660 1149 1841 1218 φυσική
1875 1174 1925 1202 τε

331 1229 405 1277 καὶ
433 1226 664 1292 οὐσιώδης
691 1230 765 1279 καὶ
791 1228 1109 1283 ἐνυπόστατος
1137 1231 1295 1282 αὐτοῦ·
1338 1230 1644 1298 ἐργαζομένου
1675 1231 1723 1283 δὲ
1755 1233 1925 1296 ὁμοίως

329 1314 413 1358 τοῦ
451 1311 584 1371 Υὶοῦ,
624 1311 699 1360 καὶ
739 1312 764 1361 ὁ
805 1310 974 1376 Πατὴρ
1018 1311 1270 1379 ἐργάζεται,
1310 1315 1372 1367 ὡς
1409 1312 1540 1380 πηγὴ
1577 1319 1660 1364 τοῦ
1696 1317 1918 1381 δημιουρ-

328 1395 526 1455 γοῦντος
565 1390 740 1457 Λόγου,
781 1393 1114 1461 ἐνυπάρχουσα
1153 1399 1368 1462 φυσικῶς
1407 1399 1473 1464 τῷ
1512 1396 1612 1465 ἰδίῳ
1650 1395 1919 1462 γεννήματι,
1949 1416 1994 1455 15

329 1474 592 1538 ὡσπερανεὶ
619 1476 695 1523 καὶ
721 1474 775 1524 τὸ
801 1479 896 1540 πῦρ
920 1479 978 1542 τῇ
1005 1475 1060 1544 ἐξ
1084 1477 1225 1526 αὑτοῦ
1249 1476 1483 1545 προϊούσῃ
1510 1477 1776 1543 θερμότητι.

405 1554 662 1621 Πρόδηλον
713 1557 806 1619 οῦν,
852 1556 923 1608 ὅτι
975 1557 1173 1621 μάταιον
1222 1557 1517 1627 ἀναπέφαται
1567 1559 1620 1610 τὸ
1669 1559 1788 1611 κατὰ
1839 1567 1923 1612 τοῦ

290 1641 636 1703 ΟΜονογενοῦς
684 1643 779 1689 τῶν
821 1638 876 1689 δι’
921 1640 1130 1694 ἐναντίας
1175 1640 1494 1707 κατηγόρημα,
1541 1641 1828 1709 δημιουργὸν
1874 1645 1925 1695 ἐκ

327 1719 593 1783 μαθήσεως,
630 1724 822 1783 μᾶλλον
859 1720 905 1772 δὲ
947 1721 1035 1786 ἤδη
1072 1724 1146 1772 καὶ
1183 1722 1432 1788 ὑπουργὸν,
1461 1722 1781 1792 εἰσφερόντων
1814 1725 1924 1789 ἡμῖν

326 1800 482 1864 αὐτὸν,
508 1801 583 1852 διὰ
616 1800 670 1852 τὸ
706 1801 853 1871 φάναι
893 1802 974 1854 τὸν
1008 1802 1237 1870 μακάριον
1272 1805 1640 1870 Εὑαγγελιστήν
1671 1808 1834 1858 Πάντα
1870 1803 1922 1859 δι’
1944 1830 1993 1854 20

327 1885 457 1934 αὐτοῦ
491 1883 653 1949 ἐγένετο
690 1891 766 1936 καὶ
804 1890 939 1954 χωρὶς
981 1888 1112 1937 αὑτοῦ
1151 1884 1316 1952 ἐγένετο
1357 1883 1449 1938 οὐδὲ
1488 1887 1543 1938 ἕν.
1600 1887 1849 1955 θαυμάζειν
1875 1890 1930 1940 δέ

325 1987 405 2028 μοι
445 1967 519 2016 καὶ
558 1967 667 2017 λίαν
705 1966 948 2035 ἐπέρχεται
989 1965 1098 2021 τοῦς
1138 1968 1357 2022 ἀνοσίους
1399 1969 1666 2035 αἱρετικούς.
1736 1970 1797 2022 τὰ
1836 1970 1923 2035 μὲν

324 2045 432 2112 γὰρ,
472 2046 567 2098 ὅσα
603 2048 865 2115 παραλύειν
903 2051 1032 2100 δοκεῖ
1063 2073 1164 2104 πως
1202 2050 1358 2105 αὐτοῖς
1396 2056 1480 2102 τοῦ
1521 2055 1829 2118 Μονογενοῦς
1866 2052 1921 2105 τὸ

326 2129 526 2197 ἀξίωμα,
554 2131 628 2180 καὶ
656 2131 871 2198 δεύτερον
896 2130 1040 2183 αὐτὸν
1067 2133 1345 2201 ἀποφαίνειν
1371 2139 1454 2184 τοῦ
1480 2133 1773 2201 γεννήτορος,
1801 2134 1922 2186 κατά

326 2233 379 2276 γε
412 2209 495 2262 τὸν
533 2213 581 2262 ἐν
619 2213 803 2266 ἐκείνοις
842 2212 955 2264 ὄντα
994 2213 1192 2277 σκοπὸν,
1229 2221 1376 2266 ταῦτα
1413 2216 1532 2279 μετὰ
1569 2219 1758 2281 πολλῆς
1795 2240 1919 2272 τινος
1941 2236 1989 2275 25

281 2298 307 2339 d
328 2297 560 2359 θηρῶνται
595 2297 827 2359 σπουδῆς,
857 2298 932 2346 καὶ
967 2295 1266 2363 πανταχόθεν
1292 2296 1350 2347 τὰ
1387 2300 1469 2362 τῆς
1505 2299 1681 2349 ἑαυτῶν
1713 2302 1916 2367 δυστρο-

324 2375 434 2429 πίας
460 2376 741 2443 ε’ρανίζονται
775 2376 1018 2446 φάρμακα·
1058 2377 1117 2429 τὰ
1151 2377 1200 2429 δὲ
1236 2378 1331 2430 ὅσα
1364 2378 1512 2431 πάλιν
1538 2381 1669 2431 ἐστὶν
1694 2382 1833 2447 ὑγιῶς
1869 2405 1920 2433 τε

323 2458 398 2507 καὶ
439 2459 589 2524 ὀρθῶς
633 2459 862 2526 εἰρημένα,
908 2462 982 2511 καὶ
1028 2463 1090 2514 εἷς
1135 2460 1220 2524 τὴν
1263 2466 1345 2512 τοῦ
1386 2460 1578 2528 Πατρὸς
1621 2463 1920 2530 ἀναφέροντα

323 2539 469 2608 δόξαν
495 2539 578 2591 τὸν
602 2540 732 2604 Υἱὸν,
759 2547 906 2592 ταῦτα
933 2541 989 2606 δὴ
1014 2544 1091 2592 καὶ
1124 2541 1257 2606 μάλα
1289 2544 1500 2604 βαθείαις
1533 2544 1920 2612 καταχωννύουσι

322 2628 537 2686 σιωπαΐς,
566 2622 729 2690 ὥσπερ
763 2623 844 2675 ἕνα
879 2626 953 2675 καὶ
988 2623 1133 2687 μόνον
1159 2624 1342 2692 ἔχοντες
1377 2624 1562 2677 σκοπὸν
1594 2625 1649 2677 τὸ
1685 2628 1918 2678 διαλοιδο-
1937 2647 1988 2682 30

320 2709 506 2770 ρεῖσθαι
531 2705 686 2769 μάτην
710 2709 777 2774 τῷ
801 2705 931 2772 παρὰ
956 2704 1119 2770 πάσης
1153 2706 1544 2778 δοξολογουμένῳ
1581 2711 1664 2772 τῆς
1698 2707 1913 2762 κτίσεως.

321 2787 565 2840 ἀκούοντες·
590 2786 674 2851 μὲν
700 2786 794 2854 γὰρ
821 2786 892 2839 ὅτι
919 2786 1074 2840 πάντα
1101 2785 1152 2839 δι’
1182 2790 1312 2839 αὐτοῦ
1340 2788 1515 2855 ἐγένετο,
1540 2788 1594 2841 τὸ
1626 2792 1709 2854 τῆς
1736 2791 1912 2858 ὑπουρ-

371 2908 424 2931 12.
451 2898 631 2942 ἐργάσεται
652 2899 694 2933 Β.
714 2899 888 2944 ἐργάζεται
906 2900 974 2935 Ed.
1120 2908 1172 2945 17.
1199 2899 1378 2946 ἀπεφάνθη
1399 2901 1440 2936 B.
1583 2911 1638 2944 25.
1665 2901 1700 2935 ἐν
1717 2901 1853 2937 ἐκείνοις
1871 2902 1915 2937 Β.

322 2944 457 2980 ἐκείνοις
480 2946 568 2979 [LE.
588 2946 722 2981 ἐκείνων
741 2947 807 2982 Ed.
952 2958 1008 2993 29.
1034 2945 1109 2993 τὸν]
1128 2948 1167 2981 τὸ
1187 2947 1322 2992 Migne.
1467 2959 1523 2993 30.
1550 2949 1785 2994 λοιδορεῖσθαι
1805 2949 1848 2983 Β.
