2084 3317
122 145 190 187 vii.
212 146 249 186 8.
361 147 435 188 IN
477 147 518 188 S.
554 146 890 188 JOANNEM.
953 147 1076 188 LJB.
1110 147 1187 188 IV.
1252 147 1385 188 CAP.
1411 148 1464 187 V.
1623 150 1705 189 587

121 254 230 305 λίαν
260 255 285 305 ὁ
323 254 398 305 διὰ
433 260 527 306 τῶν
558 256 769 323 ἐλέγχων
803 255 1082 320 ἀβουλήτως
1115 255 1575 321 παιδαγωγούμενος,
1602 255 1706 305 τότε

121 338 193 386 δεῖ
233 335 420 390 πάντως
464 337 523 388 τὰ
570 339 619 388 ἐκ
669 338 840 401 μίσους
891 337 1191 405 ἀναφύεσθαι
1242 336 1378 388 κακά.
1448 335 1524 386 διὰ
1568 336 1707 386 τοῦτό

121 421 274 485 φησιν
318 420 343 469 ὁ
391 417 559 485 Σωτὴρ
605 420 769 471 ἑαυτὸν
810 423 1059 483 μισεῖσθαι
1102 417 1232 484 παρὰ
1276 424 1359 469 τοῦ
1405 417 1602 480 κόσμου,
1645 420 1705 472 ὡς

121 499 251 549 οὔπω
295 505 462 566 χωρεῖν
502 501 750 569 ἰσχύοντος
794 500 880 565 τὴν
922 501 1020 565 μετ’
1061 500 1359 569 ἐπιπλήξεως
1403 500 1702 565 παραίνεσιν,

76 589 100 628 5
121 579 234 630 ὅταν
272 583 347 631 καὶ
384 587 524 633 τοῦτο
562 582 783 651 προσήκῃ
823 582 1047 647 γενέσθαι
1086 581 1162 633 διὰ
1199 581 1253 633 τὸ
1291 581 1545 649 χρήσιμον.
1601 587 1746 636 νοῦςο

119 660 214 727 γὰρ
251 663 326 713 ἐπὶ
365 668 466 717 ταῖς
504 667 566 718 εἰς
603 663 657 716 τὸ
697 668 887 732 φαῦλον
921 665 1109 728 ἡδοναῖς
1147 663 1529 730 τυραννούμενος,
1563 671 1706 730 χαλε-

119 744 271 795 παίνει
307 744 362 809 δὴ
395 744 585 800 πάντως
619 745 701 797 τὸν
728 746 799 797 ὅτι
830 745 1068 812 προσήκοι
1099 750 1369 813 σωφρονεῖν
1395 747 1708 797 ἀναπείθοντα

119 824 282 890 λόγον.
335 832 482 877 ταῦτα
515 828 570 878 δέ
597 831 749 895 φησιν
784 829 809 879 ὁ
845 827 1013 894 Σωτὴρ
1050 829 1132 879 οὐκ
1167 827 1427 897 ἀποφήσας
1462 833 1709 882 παντελῶς

118 906 205 970 τὴν
242 909 291 958 ἐν
328 913 424 962 τοῖς
460 909 811 974 Ἱεροσολύμοις
849 910 1130 973 ἀποδημίαν,
1170 909 1275 960 οὐδὲ
1319 909 1438 976 πρὸς
1483 909 1708 976 ἐλέγχους

53 1011 100 1035 10
119 989 379 1054 ἀπειρηκὼς
417 988 524 1044 τοὺς
562 990 693 1057 οἵπερ
727 988 784 1041 ἂν
816 990 1060 1059 φαίνοιντο
1099 995 1195 1044 τοῖς
1227 991 1555 1056 ἁμαρτάνουσι
1584 990 1706 1058 χρή-

118 1092 264 1133 σιμοι,
301 1070 413 1121 ἀλλ’
445 1073 494 1122 ἐν
529 1076 674 1141 καιρῷ
714 1076 781 1142 τῷ
819 1072 972 1123 δεόντι
1013 1075 1130 1138 δρᾶν
1168 1075 1245 1123 καὶ
1283 1078 1423 1123 τοῦτο
1460 1072 1578 1136 μετὰ
1616 1078 1711 1124 τῶν

119 1151 285 1202 ἄλλων
329 1154 667 1218 διανοούμενος.
735 1155 1025 1219 σημειωτέον
1071 1153 1119 1205 δὲ
1165 1155 1236 1205 ὅτι
1281 1156 1357 1205 καὶ
1401 1159 1498 1208 τοῖς
1543 1156 1709 1206 ἑαυτοῦ

118 1239 349 1299 μαθηταῖς
387 1236 598 1287 τοιοῦτόν
636 1259 682 1287 τι
720 1237 861 1305 φησί.
929 1237 1354 1303 παραμυθούμενος
1392 1236 1502 1302 γὰρ,
1541 1239 1617 1288 καὶ
1656 1238 1711 1288 οὑ

119 1317 314 1383 σφόδρα
340 1321 436 1371 τοῖς
469 1317 894 1382 ἐπισυμβήσεσθαι
929 1317 1200 1382 μέλλουσιν
1225 1319 1555 1387 ἐπασχοὶλλειν
1582 1317 1710 1368 διδά-
1728 1341 1749 1365 a
1783 1332 1866 1366 401
1880 1331 1932 1365 A.

53 1413 99 1451 15
119 1421 267 1457 σκων,
297 1398 411 1450 ὅταν
443 1399 585 1451 αὐτὸν
615 1405 674 1468 τῇ
711 1400 955 1468 οἰκουμένῃ
991 1400 1274 1466 κηρύττωσι,
1301 1402 1376 1451 καὶ
1413 1401 1593 1466 μυρίοις
1632 1400 1709 1451 διὰ

117 1486 257 1531 τοῦτο
307 1483 629 1548 περιπίπτωσι
679 1486 960 1549 πειρασμοῖς
1015 1489 1041 1511 “
1066 1486 1124 1533 Εὶ
1175 1481 1270 1547 ἦτε,
1315 1485 1480 1551 φησὶν,
1525 1484 1574 1533 ἐκ
1624 1489 1707 1533 τοῦ
1768 1481 1891 1566 ἓξὲξ.

120 1568 147 1590 “
173 1561 372 1626 κόσμου,
411 1564 436 1613 ὁ
476 1564 655 1627 κόσμος
694 1562 751 1614 ἂν
789 1563 843 1614 τὸ
881 1563 998 1614 ’ίδιον
1037 1565 1205 1632 ἐφίλει·
1256 1564 1410 1628 ἐπειδὴ
1450 1563 1498 1615 δὲ
1537 1566 1587 1615 ε”κ
1625 1571 1708 1616 τοῦ

120 1651 146 1673 “
173 1644 358 1709 κόσμου
384 1646 466 1696 οὐκ
492 1645 612 1708 ἐστὲ,
641 1645 716 1697 διὰ
742 1651 881 1696 τοῦτο
906 1651 1041 1709 μισεῖ
1062 1647 1179 1709 ὑμᾶς
1208 1647 1232 1696 ὁ
1258 1645 1485 1709 κόσμος.”
1527 1646 1710 1710 κόσμον

119 1727 167 1777 ἐν
203 1726 386 1782 τούτοις
428 1729 481 1779 οὐ
519 1726 605 1791 τὴν
645 1727 885 1794 ὁρωμένην
924 1728 1079 1778 κτίσιν
1118 1729 1390 1791 ἀποκαλῶν,
1429 1732 1622 1791 μᾶλλον
1661 1728 1710 1780 δὲ

50 1827 100 1852 20
120 1806 227 1862 τοὺς
265 1813 559 1877 φρονοῦντας
592 1808 651 1860 τὰ
686 1813 734 1860 ἐν
766 1808 951 1878 κόσμῳ·
995 1808 1063 1863 οἷς
1099 1809 1155 1873 δὴ
1191 1813 1267 1860 καὶ
1300 1811 1409 1860 λίαν
1441 1811 1466 1860 ὁ
1497 1808 1583 1873 μὲν
1614 1815 1709 1861 τῶν

118 1889 240 1940 ἰ’σων
277 1892 360 1941 οὐκ
397 1890 614 1957 ἐραστὴς,
653 1891 868 1957 σκληρὸς
906 1894 982 1942 καὶ
1020 1891 1294 1957 προσάντης
1334 1894 1410 1942 καὶ
1450 1893 1499 1943 ἐν
1537 1894 1708 1960 ἐχθροῦ

118 1995 242 2026 τινος
279 1971 411 2042 τάξει
448 1972 744 2038 λελόγισται·
789 1972 1027 2038 συγγενὴς
1066 1972 1115 2023 δὲ
1155 1975 1229 2024 καὶ
1269 1975 1412 2038 φίλος
1453 1975 1478 2025 ὁ
1516 1979 1709 2026 συνεθε-
1726 1983 1753 2023 b

118 2054 280 2119 λητὴς,
313 2057 389 2105 καὶ
424 2058 483 2122 τῇ
518 2060 601 2106 τοῦ
634 2055 742 2116 βίου
777 2054 1025 2119 ταυτότητι
1059 2055 1178 2121 πρὸς
1215 2057 1494 2123 ἱσοτροπίαν
1525 2055 1611 2120 τὴν
1637 2056 1706 2108 ἐπ’

119 2140 335 2204 αἰσχροῖς
375 2136 781 2206 συσφιγγόμενος.

50 2287 260 2340 25Ὑμεῖ<ῐ
298 2290 481 2341 ἀνάβΗτε
522 2289 581 2332 εἰς
618 2291 696 2332 τήν
735 2292 888 2349 ἑορτὴν
926 2293 1097 2334 ταύτΗν·
1149 2293 1235 2340 ἐπεὶ)
1273 2294 1348 2334 οὐκ
1387 2292 1606 2342 ἀναβαίνω
1645 2291 1747 2335 eic8

186 2373 262 2415 τήν
299 2373 454 2430 ἑορτήν
491 2375 661 2426 ταύτΗν,
694 2376 758 2417 ὅτι
796 2376 818 2416 ὁ
855 2375 957 2424 ἐμὸς
996 2376 1142 2432 καιρὸς
1180 2377 1303 2417 οὔπω
1340 2377 1639 2432 Πεπλήρωται.

193 2481 496 2549 Ἀποφάσκει
522 2481 606 2544 μὲν
632 2482 721 2547 ἤδη
748 2487 920 2551 σαφῶς
956 2482 1010 2534 τὸ
1040 2484 1308 2544 βούλεσθαι
1343 2489 1439 2538 τοῖς
1464 2485 1706 2538 Ἰουδαίοις

119 2562 446 2629 συνεορτάζειν
473 2564 497 2613 ὁ
528 2563 715 2630 Κύριος,
742 2564 889 2631 ἤγουν
916 2564 1026 2617 ἰέναι
1065 2565 1184 2617 κατὰ
1214 2563 1397 2628 ταύτὸν,
1427 2567 1488 2619 ὡς
1515 2589 1698 2629 συμμε-
1725 2592 1746 2617 ο

818 2687 862 2703 Ται

169 2719 201 2742 2.
228 2707 559 2754 δεῇ-ἀναφύεσθαι]
581 2686 885 2755 δεηῖ-ἀναφίεσθαι
905 2711 951 2745 D.
971 2712 1010 2755 δὴ
1033 2717 1066 2745 et
1089 2711 1275 2757 ἀναφύεται
1300 2718 1338 2745 ut
1357 2723 1445 2745 varr.
1464 2711 1628 2745 lectiones
1648 2723 1706 2744 ex-

120 2754 217 2788 hibet
236 2754 303 2789 Ed.
322 2766 393 2799 mg.
540 2764 569 2800 7.
595 2757 680 2799 πρὸς
697 2768 761 2802 pro
779 2759 837 2792 τὸν
857 2758 897 2792 Β.
962 2757 1132 2802 προσήκοι
1152 2760 1193 2793 Β.
1212 2757 1379 2803 προσήκει
1399 2757 1464 2793 Ed.
1610 2758 1642 2791 8.
1671 2757 1710 2791 δέ

120 2813 191 2835 om.
212 2801 253 2834 B.
351 2813 384 2847 9.
411 2801 588 2845 ἐπιδημίαν
606 2803 639 2836 D
658 2815 729 2848 mg.
749 2803 814 2837 Ed.
834 2816 906 2850 mg.
926 2805 1019 2839 haud
1039 2807 1128 2839 male
1147 2811 1185 2840 ut
1202 2805 1351 2839 videtur.
1453 2815 1504 2839 10.
1532 2805 1707 2849 φαίνοιντο

122 2848 164 2882 Β.
184 2848 370 2893 φαίνωνται
390 2848 456 2882 Ed.
638 2860 691 2892 15.
719 2851 771 2884 διὰ
790 2853 890 2885 τοῦτο
909 2858 1130 2897 assumptum
1151 2864 1192 2886 ex
1212 2852 1255 2886 B.
1433 2862 1487 2885 20.
1514 2852 1553 2884 τὰ
1572 2863 1642 2885 om.
1665 2851 1706 2884 B.

122 2906 177 2929 22.
206 2894 415 2938 συνθελητὴς
435 2895 476 2929 Β.
607 2907 662 2939 24.
688 2899 924 2943 σφιγγόμενος
944 2899 984 2932 Β.
1124 2909 1179 2944 25.
1206 2896 1328 2942 ταύτην
1347 2905 1568 2943 assumptum
1589 2910 1629 2932 ex
1651 2898 1707 2939 B.,

121 2941 182 2976 sed
202 2941 246 2976 cf.
265 2953 371 2987 supra
390 2952 453 2986 271
472 2954 502 2976 a.

864 3015 890 3051 4
912 3013 933 3039 F
958 3013 981 3043 2
