2084 3317
108 165 352 218 vii-41‚42.
386 167 459 207 IN
502 167 544 208 S.
580 167 914 208 JOANNEM.
976 167 1099 208 LIB.
1125 167 1176 208 v.
1238 167 1367 208 CAP.
1400 167 1461 207 Π.
1611 168 1694 207 699

109 274 346 328 ἀσυνέτως
370 275 418 326 δὲ
444 275 639 344 σφόδρα
666 278 741 327 καὶ
775 281 871 330 τοῖς
907 281 1111 339 νομικοῖς
1144 275 1543 342 προσβάλλοντες
1571 281 1685 326 θεω-

108 354 291 422 ρήμασι
324 359 410 408 κάν
435 358 586 428 τούτῳ
620 358 769 410 πάλιν
797 358 1084 409 ἁλώσονται·
1125 358 1282 423 ἕτερον
1307 358 1400 423 γὰρ
1425 356 1538 408 εἶναι
1566 359 1693 421 νομί-

109 439 241 505 ζουσι
285 439 368 490 τὸν
408 441 594 509 Χριστὶν
637 440 766 507 παρὰ
811 439 892 491 τὸν
933 441 981 491 ἐν
1025 443 1091 509 τῷ
1135 438 1264 508 νόμῳ
1308 442 1550 508 προφήτην.
1618 442 1693 491 καὶ

109 521 387 585 θαυμαστὸν
425 522 557 573 οὐδὲν
595 526 633 573 εὶ
671 521 756 586 τὴν
790 524 839 573 ἐν
872 521 1053 576 τούτοις
1093 522 1333 587 ἀκρίβειαν
1364 522 1389 572 ὁ
1428 524 1573 585 δῆμος
1612 524 1695 572 οὐκ

67 602 215 670 5ἔχει,
255 603 374 655 ὅπου
412 606 489 655 καὶ
526 604 642 668 αὑτὴ
681 608 775 654 τῶν
813 602 1055 669 ἀλαζόνων
1082 603 1357 669 Φαρισαίων
1396 603 1422 666 ἡ
1463 603 1696 671 θεομάχος

107 684 295 749 πληθὺς
336 684 423 749 τὴν
464 685 576 750 ’ίσην
616 691 712 740 τοῖς
752 686 915 753 ὄχλοις
959 685 1164 748 ἀμαθίαν
1206 690 1420 736 νοσοῦσα
1465 686 1693 753 φαίνεται.

108 766 469 831 ἐπιπλήττουσα
511 768 605 835 γάρ
644 791 759 820 ποτε
804 772 871 837 τῷ
912 767 1125 837 μακαρίῳ
1168 771 1421 835 Βαπτιστῇ
1461 774 1487 797 ‘⁶
1508 768 1574 818 Τί
1613 768 1694 818 οῦν
1713 759 1900 841 ἀῗξξἰ’ἱιί’

110 856 137 878 “
161 849 414 916 βαπτίζεις,
440 852 604 918 φησὶν,
632 854 669 902 εἰ
695 850 759 901 σὺ
786 851 869 901 οὐκ
895 848 936 900 εἷ
960 851 984 900 ὁ
1012 849 1226 916 Χριστὸς
1252 851 1356 900 οὕτε
1381 850 1557 903 εΗλίας
1591 849 1694 900 οὐδὲ

110 937 137 959 “
163 931 188 981 ὃ
214 931 464 1000 προφήτης
482 931 526 994 ;'’
560 932 643 983 δύο
670 932 764 998 γὰρ
790 933 920 1001 ἥξειν
945 930 1365 998 προσδοκωμένων,
1393 937 1475 982 τοῦ
1500 954 1548 982 τε
1576 931 1695 982 κατὰ

42 1033 90 1058 10
108 1011 190 1063 τὸν
229 1012 372 1074 νόμον
409 1014 658 1083 προφήτου
697 1017 833 1083 φημὶ,
864 1014 1082 1065 τουτέστι
1116 1018 1348 1080 Χριστοῦ,
1388 1016 1463 1064 καὶ
1495 1014 1690 1076 ”Ηλίου,

107 1095 214 1161 περὶ
251 1100 392 1162 τριῶν
422 1094 750 1158 ἐπυνθάνοντο,
783 1096 940 1163 ἕτερον
974 1094 1089 1146 εἶναι
1126 1095 1209 1147 τὸν
1242 1096 1495 1164 προφήτην
1525 1097 1696 1148 ὑποτο-

107 1176 346 1241 πήσαντες
384 1177 514 1244 παρὰ
551 1177 634 1229 τὸν
659 1180 865 1243 Ἰησοῦν.
919 1178 1085 1228 οὐκοῦν
1115 1179 1328 1244 εὔκαιρον
1361 1180 1504 1229 ἐκεῖνο
1539 1178 1696 1244 λε’γειν

1759 1257 1860 1307 Εἰρῑς.

177 1341 188 1353 ‘
269 1340 281 1356 ‘
458 1344 472 1360 x
513 1342 523 1356 e
669 1341 682 1356 l
922 1341 934 1356 7
1095 1345 1114 1354 Α
1315 1342 1324 1356 Ι
1532 1340 1551 1362 '3
1637 1343 1648 1358 z
1669 1344 1693 1359 ”
1759 1311 1822 1360 xlm
1840 1310 1891 1341 44,

163 1364 190 1404 η
216 1364 372 1408 μητηρ
398 1365 473 1393 και
498 1366 526 1406 η
558 1347 783 1409 θυγατηρ,
811 1347 1023 1409 θυγατηρ
1057 1365 1141 1406 της
1175 1365 1352 1408 μητρος
1384 1365 1476 1393 σου
1511 1365 1547 1393 ει
1583 1366 1662 1394 συ.
1759 1356 1809 1384 4³·

43 1437 89 1475 15
110 1428 245 1474 νοσεῖ
271 1423 365 1489 γὰρ
400 1425 424 1474 ὁ
458 1428 603 1489 δῆμος
638 1424 697 1475 τὰ
731 1424 1053 1490 παραπλήσια
1086 1429 1183 1478 τοῖς
1216 1425 1434 1490 ἡγεῖσθαι
1466 1431 1691 1492 λαχοῦσι·

107 1259 176 1309 ἐπ’
205 1259 374 1322 αὐτοῖς,
396 1260 449 1311 τὸ
477 1260 552 1311 διὰ
577 1266 660 1311 τοῦ
686 1259 937 1329 προφήτου
964 1259 1222 1326 λεγόμενον
1239 1259 1458 1327 Ἰεζεκιήλ
1478 1268 1503 1290 “
1523 1261 1696 1314 Καθὼς

109 1346 136 1369 (ί

107 1504 238 1569 πλὴν
288 1509 431 1557 ἐκεῖνο
480 1505 628 1558 καλὸν
673 1510 878 1558 συνιδεῖν
924 1509 986 1560 ὡς
1037 1505 1163 1571 ἦσαν
1207 1506 1292 1570 μὲν
1333 1507 1422 1570 ἤδη
1471 1505 1591 1573 πρὸς
1640 1506 1736 1558 τὸθ

107 1587 346 1638 πιστεύειν
371 1589 748 1655 ηὑτρεπισμένοι,
778 1592 853 1640 καὶ
889 1590 1220 1641 ἀναπείθονται
1254 1589 1310 1640 δέ
1337 1612 1438 1643 πως
1472 1588 1567 1640 ἀπὸ
1601 1593 1697 1640 τῶν

108 1674 192 1719 τοῦ
229 1673 450 1736 Σωτῆρος
483 1671 705 1737 ῥημάτιον
733 1672 805 1722 ἐπὶ
841 1670 896 1722 τὸ
932 1669 1180 1736 θαυμάζειν
1212 1670 1368 1734 αὑτὸν,
1395 1672 1479 1722 οὐκ
1513 1671 1697 1739 ἔχοντες

109 1749 158 1802 δὲ
204 1750 291 1815 τὴν
335 1752 430 1804 ἀπὸ
474 1758 569 1804 τῶν
612 1753 885 1818 ἡγουμένων
927 1754 1268 1820 παιδαγωγίαν,
1312 1757 1374 1807 εἰς
1423 1755 1698 1820 πολυσχιδῆ

41 1852 89 1877 20
110 1833 357 1898 νοημάτων
382 1835 701 1903 ἀποφέρονται
733 1836 913 1902 τρίβον,
941 1839 984 1886 οἱ
1009 1835 1093 1897 μὲν
1119 1836 1202 1886 τὸν
1227 1836 1428 1905 Χριστὶν,
1456 1838 1498 1887 οἱ
1532 1835 1580 1887 δὲ
1615 1835 1698 1886 τὸν

109 1918 334 1985 προφήτην
360 1916 706 1971 ἀποκαλοῦντες
729 1940 779 1967 τε
806 1915 920 1968 εἶναι
947 1919 1022 1968 καὶ
1049 1918 1138 1982 ἤδη
1164 1917 1480 1971 πιστεύοντες.
1525 1917 1579 1968 τὸ
1605 1916 1698 1984 γάρ

108 1997 303 2059 Ἀληθῶς
340 2000 618 2064 ἐγκείμενον,
652 1999 864 2067 ἔμφασιν
900 2000 993 2067 ἔχει
1030 1997 1134 2050 τινὰ
1170 1999 1441 2065 πεπηγότος
1478 1999 1568 2064 ἤδη
1607 2007 1694 2051 λο-

109 2086 302 2146 γισμοῦ,
329 2083 405 2132 καὶ
430 2083 811 2150 παραδεχθείσης
841 2080 1048 2150 εἰσφέρει
1073 2083 1280 2136 πίστεως
1308 2082 1534 2151 ὑποψίαν.

1718 2205 1738 2228 a
1766 2195 1850 2230 477
1866 2195 1920 2230 A.

111 2253 161 2295 Oi
212 2254 258 2296 δὲ
301 2253 448 2301 &xes-ov
488 2253 560 2294 Μὴ
607 2254 684 2310 Γὰρ
728 2252 775 2293 ἐκ
817 2254 893 2295 τῆς
940 2251 1170 2294 Γαλιλαίας
1215 2254 1237 2295 ὁ
1280 2252 1458 2310 Χριστὸς
1500 2252 1695 2310 ἕρχεται;

40 2342 87 2380 25
177 2338 252 2393 οὐχ
295 2338 317 2377 ἡ
365 2336 507 2393 Γραφὲι
553 2332 671 2377 εἶπεν
710 2337 776 2378 ὅτι
814 2337 861 2378 ὲκ
904 2339 977 2378 τοῦ
1018 2338 1261 2393 σπέρματος
1299 2335 1455 2377 Δαυεὶδ
1500 2337 1569 2377 καὶ
1610 2336 1695 2380 ἀπὸ
1718 2348 1765 2381 42

180 2420 385 2472 Βηθλεὲμ,
411 2422 487 2462 τῆς
522 2419 669 2469 κώμΗο
701 2421 808 2463 ὅπου
843 2417 893 2461 ἶιν
919 2419 1089 2470 Δαυεὶδ,
1118 2420 1287 2477 ἔρχεται
1318 2419 1341 2462 ὁ
1375 2421 1578 2477 Χριστός,

185 2541 290 2591 Οὐκ
317 2541 650 2606 ἀταλαίπωρον
668 2541 885 2592 Ἰουδαῖοι
909 2546 1152 2591 ποιοῦνται
1179 2538 1265 2603 τὴν
1290 2538 1485 2606 ζήτησιν
1511 2539 1596 2605 τὴν
1623 2543 1698 2593 ἐπὶ

111 2625 331 2691 Χριστῷ.
384 2620 459 2673 διὰ
492 2620 585 2688 γὰρ
621 2621 782 2686 πάσης
810 2622 954 2676 ἰόντες
981 2622 1157 2675 ἐννοίας
1182 2622 1492 2687 εὑρίσκονται,
1519 2625 1594 2673 καὶ
1621 2623 1698 2674 διὰ

158 2785 191 2816 4.
217 2772 253 2807 ἐν
269 2784 339 2806 om.
360 2772 494 2817 Migne.
619 2772 652 2806 8.
679 2772 772 2818 οὔτε]
792 2773 869 2807 οὐδὲ
889 2785 917 2807 a.
1039 2784 1071 2816 9.
1098 2775 1158 2806 τοῦ
1175 2771 1399 2818 τε-“Ηλιόυ]
1421 2771 1520 2815 ἠλιοῦ
1537 2774 1625 2817 φημὶ
1644 2774 1698 2808 καὶ

111 2822 171 2856 τοῦ
189 2819 272 2853 κατὰ
288 2820 347 2854 τὸν
363 2821 466 2862 νόμον
481 2818 674 2863 προφήτου,
690 2819 849 2855 τουτέστι
867 2822 1019 2864 Χριστοῦ
1037 2820 1176 2853 inverso
1193 2819 1316 2853 Ordine
1334 2830 1363 2853 a.
1505 2831 1558 2865 13.
1585 2821 1625 2854 τὰ
1643 2821 1697 2854 διὰ

111 2886 171 2919 τοῦ
187 2884 369 2928 προφητοῦ
386 2874 569 2927 λεγόμενῧν
588 2883 631 2917 Β.
753 2895 808 2919 20.
835 2885 1007 2928 νοημάτων
1023 2895 1041 2917 e
1061 2883 1137 2917 Cat.
1160 2883 1258 2917 Harl.
1277 2888 1367 2917 recte
1385 2883 1583 2918 emendavit
1604 2885 1696 2919 Aub.

111 2937 146 2966 et
162 2931 209 2964 ita
226 2942 256 2964 a.
274 2930 474 2973 νοσημάτων
493 2929 534 2964 Β.
556 2929 673 2964 Holst.
771 2942 826 2966 21.
853 2946 889 2966 τε
907 2929 990 2965 εἶναι
1008 2931 1060 2964 καὶ
1078 2929 1157 2975 ἤδη]
1179 2930 1239 2974 ἤδη
1259 2930 1313 2963 καὶ
1329 2927 1412 2964 εἶναι
1430 2942 1460 2964 a.
1559 2942 1614 2966 22.
1642 2931 1699 2976 ε’γ·

112 2976 278 3022 κείμενον]
299 2976 544 3021 προσκείμενον
562 2988 592 3012 a.
611 2977 688 3012 Cat.
710 2977 810 3012 Harl.
954 2986 1009 3020 25.
1035 2977 1098 3022 οὐχ
1116 2977 1134 3021 ἡ
1156 2977 1198 3011 Β.
1217 2976 1294 3021 οὐχὶ
1312 2976 1330 3020 ἡ
1352 2977 1415 3012 Ht.
1436 2977 1502 3012 Ed.

844 3045 966 3083 4U2
