2084 3317
349 167 430 209 136
748 169 799 211 B.
833 169 1107 211 CYRILLI
1148 168 1528 210 ALEXANDR.
1815 168 1844 208 i.
1866 180 1930 223 13.

128 293 139 315 ¹
158 284 232 315 Cor·
249 294 280 315 x.
343 274 488 327 αὐτὸν
511 274 830 342 ἐβαπτίζοντο,
857 275 1069 343 καθάπερ
1094 278 1120 328 ὁ
1149 274 1345 331 Παῦλός
1369 280 1534 344 φησιν,
1557 281 1584 306 “
1598 275 1646 326 ἐν
1670 277 1729 341 τῇ
1755 273 1932 342 νεφέλῃ

346 364 373 387 “
397 358 475 409 καὶ
499 358 549 408 ἐν
573 360 632 426 τῇ
666 358 940 426 θαλάσσῃ,”
968 360 1044 409 καὶ
1079 362 1142 412 εἰς
1175 356 1320 421 νόμον
1346 358 1560 411 δουλείας
1585 356 1642 425 ἐξ
1675 358 1931 406 εἰδωλολα-

343 439 498 505 τρείας
524 439 888 506 ἀνεσκευάζοντο
914 438 1272 503 διακονουμένης
1298 439 1454 492 αὐτοῖς
1477 441 1561 502 τῆς
1584 440 1633 489 ἐν
1652 437 1934 504 γράμμασιν

121 516 195 547 Gal.
215 516 261 548 iii.

124 568 176 601 19-
343 522 541 585 ἐντολῆς
586 521 641 572 δι’
688 521 926 586 ἀγγέλων·
989 523 1032 571 οἱ
1082 520 1131 572 δὲ
1180 521 1342 571 πίστει
1390 524 1449 588 τῇ
1500 523 1564 574 εὶς
1607 517 1826 586 Χριστὸν
1871 522 1934 571 εἷς

344 603 585 654 υἱοθεσίαν
623 602 956 663 ἀναβαίνοντες
995 604 1134 665 Θεοῦ,
1174 602 1258 652 οὐκ
1297 605 1360 655 εἰς
1402 602 1452 652 ἕν
1484 624 1529 652 τι
1572 605 1667 652 τῶν
1705 604 1930 667 γενητῶν,
1953 613 1976 652 5

342 685 454 736 ἀλλ’
487 688 551 739 εἶς
589 682 736 748 αὐτὴν
758 676 852 748 ’τὴν
883 684 1023 750 ἁγίαν
1055 683 1362 750 βαπτίζονται
1391 682 1590 750 Τριάδα,
1624 681 1701 733 διὰ
1737 681 1935 747 μεσίτου

342 771 426 817 τοῦ
452 764 630 832 Λόγου,
663 763 992 819 συνάπτοντος
1025 763 1109 829 μὲν
1144 765 1295 834 ἑαυτῷ
1330 763 1391 816 τὰ
1428 763 1701 831 ἀνθρώπινα
1738 762 1814 814 διὰ
1851 764 1935 827 τῆς

296 858 323 899 b
342 847 594 912 ἑνωθείσης
619 846 815 914 σαρκὸς,
840 846 1200 911 συναπτομένου
1226 845 1276 897 δὲ
1303 850 1519 915 φυσικῶς
1544 849 1611 915 τῷ
1636 843 1934 911 γεννήσαντι,

340 927 459 981 καθὸ
486 928 631 998 φύσει
652 926 787 983 Θεός·
828 928 949 979 οὕτω
975 926 1070 994 γὰρ
1096 926 1337 995 ἀνατρέχει
1362 926 1416 978 τὸ
1443 930 1617 978 δοῦλον
1636 930 1700 981 εἰς
1727 924 1934 990 υἱότητα,

341 1010 417 1062 διὰ
441 1014 644 1079 μετοχῆς
669 1015 753 1061 τοῦ
784 1011 882 1061 κατ’
912 1008 1140 1074 ἀλήθειαν
1164 1012 1299 1072 Υἱοῦ,
1324 1008 1443 1075 πρὸς
1477 1008 1533 1060 τὸ
1570 1007 1784 1076 ὑπάρχον
1810 1009 1937 1077 αὐτῷ
1959 1030 2006 1055 ιο

341 1092 462 1144 κατὰ
494 1093 644 1162 φύσιν
670 1091 857 1161 ἀξίωμα
889 1089 1181 1155 καλούμενόν
1205 1113 1256 1142 τε
1280 1092 1358 1142 καὶ
1388 1089 1486 1141 οἷον
1511 1088 1932 1155 ἀναβιβαζὸμενον.

340 1175 418 1226 διά
454 1197 528 1226 τοι
566 1180 706 1226 τοῦτο
749 1172 963 1240 γεννητοῖ
1006 1171 1245 1239 λεγόμεθα
1288 1173 1369 1223 καί
1408 1174 1553 1236 ἐσμεν
1591 1178 1675 1223 τοῦ
1716 1175 1855 1235 Θεοῦ,
1893 1175 1936 1223 οἱ

340 1256 427 1321 τὴν
468 1256 545 1308 διὰ
587 1261 672 1308 τοῦ
712 1254 989 1320 Πνεύματος
1033 1254 1348 1321 ἀναγέννησιν
1393 1253 1470 1305 διὰ
1513 1255 1722 1308 πίστεως
1770 1276 1930 1321 παρα-

341 1337 604 1408 δεξάμενοι.

413 1418 610 1484 Ἐπειδὴ
649 1419 697 1471 δὲ
735 1417 1080 1488 ῥιψοκινδύνως
1117 1418 1439 1482 ἀποτολμῶσί
1473 1440 1608 1480 τινες,
1647 1416 1813 1484 ὥσπερ
1851 1422 1936 1468 τοῦ
1958 1436 2005 1476 15

343 1506 663 1568 Μονογενοῦς,
684 1503 805 1553 οὕτω
831 1503 907 1552 καὶ
933 1506 1017 1552 τοῦ
1041 1499 1212 1566 (Αγίου
1236 1498 1621 1567 καταψεύδεσθαι
1645 1497 1937 1563 Πνεύματος,

343 1582 542 1649 γενητὸν
568 1582 682 1635 αὐτὸ
709 1585 786 1634 καὶ
812 1581 1008 1634 κτιστὸν
1035 1580 1149 1633 εἶναι
1177 1579 1459 1652 φάσκοντες,
1486 1583 1562 1633 καὶ
1594 1581 1719 1634 ὅλως
1743 1583 1828 1645 τῆς
1852 1585 1937 1632 τοῦ

304 1670 470 1717 ΟΘεοῦ
515 1668 591 1717 καὶ
633 1663 825 1732 Πατρὸς
866 1663 1074 1734 ἐξέλκειν
1112 1662 1494 1728 ὁμοουσιότητος,
1535 1663 1650 1733 φερε
1692 1662 1749 1728 δὴ
1788 1661 1938 1714 πάλιν

342 1753 445 1802 ταῖς
477 1747 661 1799 ἐκείνων
691 1745 1114 1813 ἀθυρογλωσσίαις
1148 1745 1232 1797 τὸν
1262 1748 1346 1809 τῆς
1380 1747 1523 1812 ὀρθῆς
1560 1746 1767 1799 πίστεως
1805 1746 1938 1796 ἀντε-

343 1828 572 1898 ξάγοντες
604 1827 767 1895 λόγον,
792 1828 970 1881 ἑαυτοῖς
1004 1850 1054 1879 τε
1088 1828 1166 1879 καὶ
1199 1832 1295 1882 τοῖς
1329 1826 1673 1896 ἐντευξομένοις
1707 1827 1938 1895 ὠφελείας
1959 1852 2008 1876 20

343 1910 652 1978 γεννήσωμεν
690 1908 928 1980 ἀφορμάς.
994 1913 1033 1960 εὶ
1077 1908 1171 1976 γὰρ
1216 1908 1332 1974 μήτε
1373 1908 1496 1963 Θεὸς
1534 1907 1654 1960 κατὰ
1695 1907 1860 1977 φύσιν,
1899 1905 1937 1958 <3

345 1993 486 2056 οὗτοι,
517 1992 634 2058 μήτε
668 1991 762 2056 μὴν
793 1993 843 2042 ἐκ
879 1995 1005 2042 Θεοῦ
1039 1990 1094 2043 τὸ
1129 1991 1328 2055 Πνεῦμά
1361 1992 1493 2042 ἐστιν
1523 1990 1642 2041 ἰ’διον
1673 1991 1830 2053 αὑτοῦ,
1860 1991 1938 2041 καὶ

346 2074 422 2126 διὰ
462 2081 604 2126 τοῦτο
649 2075 890 2127 οὑσιωδῶς
933 2072 1197 2141 ἐνυπάρχον
1238 2073 1381 2143 αὐτῷ·
1442 2072 1599 2140 ἕτερον
1641 2072 1696 2123 δέ
1736 2095 1782 2124 τι
1824 2073 1935 2138 παρ’

345 2155 502 2221 αὐτὸν,
528 2158 604 2208 καὶ
629 2159 712 2221 τῆς
738 2160 833 2207 τῶν
859 2155 1184 2221 πεποιημένων
1210 2154 1444 2224 ὁμοφυΐας
1470 2156 1554 2206 οὐκ
1582 2154 1934 2226 ἀπῳκισμένον,

344 2244 447 2294 πῶς
496 2242 538 2290 οὶ
589 2239 644 2290 δι’
689 2239 832 2289 αὑτοῦ
874 2238 1170 2304 γεννηθέντες
1219 2237 1350 2302 ἡμεῖς
1395 2238 1446 2290 ἐκ
1494 2239 1606 2289 Θεοῦ
1649 2236 1938 2304 γεγεννῆσθαι
1959 2260 2008 2299 25

302 2332 330 2373 d
348 2320 620 2389 λεγόμεθα;
669 2319 698 2385 ἢ
735 2319 828 2386 γὰρ
863 2319 934 2371 ὅτι
967 2319 1190 2389 ψεύδεται
1221 2319 1411 2374 πάντως
1445 2320 1638 2386 ἐροῦμεν
1663 2320 1686 2369 ὁ
1715 2320 1934 2385 Εὐαγγε-

348 2403 535 2468 λιστὴς,
561 2402 591 2469 ὴ
617 2402 745 2468 ε’ίπερ
771 2403 903 2453 ἐστὶν
928 2402 1126 2467 ἀληθὴς,
1152 2401 1244 2471 ε”χει
1272 2401 1321 2453 δὲ
1351 2403 1486 2465 οὕτω,
1515 2403 1592 2452 καὶ
1627 2402 1716 2470 οὐχ
1749 2401 1935 2468 ἑτέρως,

350 2484 474 2539 Θεὸς
507 2485 644 2536 ε”σται
681 2486 758 2535 καὶ
791 2485 841 2535 ἐκ
871 2487 997 2535 Θεοῦ
1032 2483 1152 2535 κατὰ
1187 2484 1338 2553 φύσιν
1363 2482 1417 2534 τὸ
1445 2487 1654 2548 Πνεῦμα,
1682 2483 1737 2534 οῦ
1770 2482 1827 2548 δὴ
1862 2484 1940 2534 καὶ

348 2568 591 2636 μετίσχειν
618 2565 694 2618 διὰ
727 2566 934 2620 πίστεως
967 2569 1050 2630 τῆς
1083 2570 1146 2620 εἰς
1171 2566 1389 2633 Χριστὸν
1421 2564 1703 2634 ἀξιούμενοι,
1729 2565 1855 2620 θείας
1888 2587 1939 2616 τε

349 2650 541 2719 φύσεως
585 2646 946 2712 ἀποτελούμεθα
991 2650 1218 2706 κοινωνοὶ,
1261 2650 1336 2699 καὶ
1386 2647 1438 2699 ἐκ
1484 2649 1598 2699 Θεοῦ
1645 2645 1939 2713 γεγεννῆσθαι
1958 2668 2009 2704 3ο

349 2730 602 2798 λεγόμεθα,
629 2732 705 2782 καὶ
730 2730 827 2781 θεοὶ
857 2727 933 2781 διὰ
963 2734 1102 2781 τοῦτο
1132 2729 1492 2798 χρηματίζομεν,
1518 2730 1572 2780 οὐ
1605 2727 1762 2797 χάριτι
1793 2726 1940 2793 μόνον

398 2887 431 2921 3.
457 2852 557 2920 αὐτῖς
573 2877 631 2920 τῆς
650 2875 696 2910 D.
715 2876 816 2920 αὐτῆς
833 2876 904 2910 τοῖς
922 2875 964 2910 Ε.
984 2873 1050 2909 Ed.
1068 2875 1181 2911 αὐτοῖς
1197 2876 1255 2919 τῆς
1274 2875 1341 2909 Ed.
1361 2887 1433 2919 mg.
1580 2873 1634 2909 16.
1661 2873 1939 2919 καταψεύδεσθαι

351 2922 393 2958 Β.
413 2923 495 2956 κατὰ
519 2921 669 2967 ψεύδους
693 2923 735 2957 Ε.
754 2921 1025 2966 καταψεύδονται
1044 2921 1110 2956 Ed,
1177 2922 1302 2957 Statim
1321 2922 1517 2967 Πνεύματος
1540 2933 1609 2957 om.
1629 2921 1669 2956 E.
1689 2922 1816 2955 lacuna
1836 2921 1938 2956 facta.

355 2970 407 3004 18.
434 2970 569 3015 Πατρὸς
586 2974 619 3004 et
638 2971 727 3004 Θεοῦ
744 2969 834 3004 inter
852 2981 887 3004 se
905 2975 1144 3014 transponunt
1163 2968 1205 3004 B.
1303 2980 1358 3016 23.
1386 2984 1417 3005 τι
1435 2981 1506 3004 om.
1525 2968 1567 3004 Β.
1666 2979 1721 3011 ²4·
1747 2967 1829 3002 αὐτὸ
1850 2967 1893 3002 Β.
