2084 3317
69 618 94 657 <n

49 1037 95 1061 10

117 169 341 222 vi.17,18.
389 170 459 210 IN
501 170 543 211 S.
578 169 916 210 JOANNEM.
980 168 1103 209 LIB.
1138 168 1222 208 III.
1288 168 1423 209 CAP.
1459 169 1538 209 IV.
1629 170 1711 209 427⁴

116 278 255 332 αὐτὸς
300 279 586 347 ἀποτρέψειν
626 278 866 340 ἐβούλετο,
905 276 1154 341 ἀτονήσειν
1194 277 1249 327 δέ
1282 300 1385 330 πως
1427 274 1570 327 αὐτὸν
1607 277 1713 340 περὶ

114 366 252 411 τοῦτο
285 360 526 415 Φίλιππός
564 384 612 412 τε
649 362 724 412 καὶ
751 360 977 426 Ἀνδρέας
1012 357 1273 420 ὑπέλαβον,
1303 359 1328 408 ὁ
1363 357 1448 421 μὲν
1474 357 1711 424 ἀργυρίων

114 443 197 492 οὐκ
236 442 496 510 ἐλάχιστον
529 442 731 508 ἀριθμὸν
765 440 903 505 μόλις
942 442 1098 493 αὐτοῖς
1136 440 1408 509 ἐξαρκέσειν
1438 443 1500 493 εἰς
1539 438 1711 503 ὀλίγην

114 526 280 588 κομιδῆ
315 524 401 588 τὴν
433 525 707 576 ἀπόλαυσιν
741 523 945 590 εἰρηκὼς,
980 525 1004 574 ὁ
1045 522 1092 573 δὲ
1130 521 1267 573 πέντε
1306 520 1393 585 μὲν
1427 521 1596 587 ἄρτους
1635 521 1711 570 καὶ

115 604 297 674 ὀψάρια
334 606 416 657 δύο
449 606 560 672 παρ’
589 607 654 657 ἑνὶ
687 610 782 657 τῶν
808 606 1068 671 παιδαρίων
1094 606 1331 670 ηὑρῆσθαι
1362 602 1615 660 διδάσκων,
1644 600 1710 664 μὴ

113 686 207 752 μὴν
239 685 358 738 εἶναί
392 711 437 739 τι
476 686 530 739 τὸ
568 687 826 754 ηὑρημένον
860 692 923 741 εἷς
962 686 1112 755 ὄχλον
1141 688 1262 737 οὕτω
1300 684 1471 742 πολὺν,
1502 686 1577 735 καὶ
1617 682 1711 734 ἀπὸ

113 767 320 832 πάντων,
364 772 428 824 ὡς
472 770 582 824 ε”πος
628 774 785 831 εἰπεῖν,
825 772 920 819 τῶν
961 769 1136 819 οἰκείων
1174 768 1397 835 ῥημάτων
1435 765 1580 831 μηδὲν
1619 765 1710 834 ἔξω
1730 772 1756 812 b

115 849 346 901 δύνασθαι
397 854 481 915 τῆς
531 850 919 918 χρεωστουμένης
963 850 1247 902 ἀκολουθίας
1291 855 1387 902 τοῖς
1434 849 1542 899 καθ’
1591 848 1712 911 ἡμᾶς

113 931 397 998 πράγμασιν
416 933 644 995 ἐνόμισαν
663 932 819 983 αὐτόν·
849 932 1129 996 ἀναγκαίως,
1150 931 1226 981 ἵνα
1250 933 1333 995 τῆς
1361 932 1483 982 οὕτω
1510 952 1711 995 σμικρο-

114 1019 320 1080 πρεποῦς
360 1013 650 1082 ὑπολήψεως
688 1012 854 1065 ἑαυτὸν
889 1012 1169 1082 ἀπαλλάξῃ,
1202 1016 1278 1063 καὶ
1314 1010 1573 1063 ἀτονοῦντά
1611 1034 1711 1064 πως

114 1096 179 1147 ἔτι
216 1100 311 1147 τῶν
335 1094 626 1147 ἀποστόλων
655 1093 738 1146 τὸν
765 1099 874 1146 νοῦν
900 1093 1129 1162 ἀναπείθῃ
1165 1094 1397 1145 δύνασθαι
1434 1097 1612 1156 μαθεῖν,
1641 1091 1712 1143 ὅτι

113 1176 270 1230 πάντα
312 1177 595 1246 παραδόξως
641 1175 762 1244 ἅπερ
808 1177 866 1228 ἂν
905 1175 1132 1241 ἐθελήσαι
1176 1181 1300 1228 ποιεῖ
1341 1180 1399 1244 τῇ
1444 1180 1540 1226 τῶν
1580 1197 1704 1241 πρα-

113 1259 308 1326 γμάτων
335 1259 480 1328 φύσει
506 1259 571 1324 μὴ
598 1258 908 1321 κωλυόμενος,
935 1259 1051 1323 μήτε
1090 1258 1185 1322 μὴν
1213 1258 1332 1309 κατά
1366 1280 1411 1309 τι
1446 1262 1562 1323 γοῦν
1588 1256 1712 1309 ὅλως

113 1341 530 1409 παραποδιζούσης
568 1343 694 1411 αὐτῷ
731 1344 815 1406 τῆς
856 1343 919 1394 ὡς
957 1340 1013 1409 ἐξ
1049 1338 1257 1406 ἀνάγκης
1295 1339 1592 1401 ἀκολουθίας,
1622 1338 1712 1390 ὑπὸ

114 1423 264 1477 πόδας
306 1425 444 1475 ἐτίθει
487 1424 595 1478 τοὺς
639 1424 806 1475 ἑαυτοῦ
852 1421 938 1487 τὴν
983 1422 1133 1489 ὑγρὰν
1176 1427 1271 1473 τῶν
1317 1421 1499 1473 ὑδάτων
1541 1421 1709 1489 φύσιν,
1732 1442 1753 1470 c

115 1507 264 1557 καίτοι
299 1510 396 1559 τοῖς
432 1507 742 1572 ἀνθρωπίνοις
776 1506 1002 1568 σώμασιν
1038 1506 1316 1556 ὑποκεῖσθαι
1350 1502 1709 1569 μελετήσασαν·

114 1586 271 1639 πάντα
299 1587 394 1655 γάρ
420 1586 478 1652 ἧν
505 1591 566 1642 ὡς
593 1591 702 1657 Θεῷ
729 1586 919 1639 δυνατά.
957 1587 1104 1657 ὀψίας
1130 1591 1380 1653 τοιγαροῦν
1407 1586 1496 1651 ἤδη
1522 1607 1714 1651 γεγενη-

116 1671 270 1735 μένης,
296 1673 372 1721 καὶ
407 1674 502 1721 τῶν
529 1669 790 1737 ζητούντων
820 1669 963 1721 αὐτὸν
994 1669 1079 1733 τὴν
1111 1670 1353 1735 ἀκρίβειαν
1382 1666 1714 1734 παραλύοντος

116 1757 200 1803 τοῦ
236 1758 413 1819 καιροῦ,
440 1752 709 1813 καταβαίνει
747 1751 832 1815 μὲν
857 1753 932 1803 ἐπὶ
967 1750 1231 1802 θάλασσαν
1257 1754 1352 1801 τῶν
1379 1750 1526 1816 ἁγίων
1551 1752 1710 1812 μαθη-

49 1857 98 1881 20
118 1838 211 1885 τῶν
238 1835 263 1884 ὁ
290 1833 444 1902 χορὸς,
465 1834 668 1885 ἀπέπλει
695 1833 743 1885 δὲ
768 1837 1073 1901 παραχρῆμα,
1096 1836 1162 1902 τῷ
1190 1836 1300 1902 Θεῷ
1328 1834 1403 1883 καὶ
1433 1828 1712 1899 διδασκάλῳ

116 1915 175 1967 τὰ
200 1915 357 1968 πάντα
384 1917 458 1966 καὶ
485 1917 684 1979 ἀμελητὶ
709 1915 997 1979 πειθόμενος.

154 2059 229 2101 Καὶ
266 2059 413 2102 σκοτία
452 2059 535 2101 aba
573 2059 773 2110 ὲΓεΓόνει,
813 2060 881 2100 καὶ
919 2059 1042 2100 οὔπω
1080 2059 1279 2100 ὲλΗλύθει
1318 2058 1425 2114 Πρὸς
1463 2056 1618 2098 αὐτοὺς
1656 2056 1679 2099 ὁ
1732 2064 1759 2105 d

195 2143 370 2194 ’1Ησοῦε,
397 2144 420 2183 ιῑῖ
448 2158 493 2185 τε
520 2144 714 2185 θάλασσα
742 2143 902 2191 ἀνέμου
928 2143 1116 2192 nef-&mou
1143 2143 1351 2184 Πνὲοντοε
1378 2140 1630 2197 ὃιΗῙ-είρετο.

194 2252 373 2304 Πολλὰ
417 2252 537 2303 κατὰ
581 2252 751 2303 ταύτὸν
793 2256 1100 2316 οἰκονομεῖται
1145 2253 1407 2320 χρησίμως,
1445 2253 1520 2301 καὶ
1566 2273 1709 2301 συνε-

51 2353 98 2391 25
119 2335 280 2385 λαύνει
306 2334 414 2388 τοῦς
439 2334 653 2399 μαθητὰς
680 2339 743 2388 εἷς
769 2334 1055 2402 θερμοτέραν
1079 2340 1161 2385 τοῦ
1190 2337 1412 2400 Σωτῆρος
1438 2332 1525 2396 τὴν
1551 2330 1707 2396 ἐπιζή·

119 2440 260 2482 τησιν
294 2415 353 2467 τὰ
390 2417 736 2480 συμβαίνοντα·
787 2421 985 2483 θορυβεῖ
1016 2416 1101 2480 μὲν
1143 2415 1236 2483 γὰρ
1276 2413 1427 2477 βαθὺς
1465 2412 1530 2464 ὢν
1567 2414 1592 2464 ὁ
1630 2415 1712 2475 τῆς

121 2498 283 2552 νυκτὸς
311 2497 499 2561 σκότος,
526 2501 600 2549 καὶ
628 2504 722 2552 τοῖς
753 2498 838 2563 μὲν
866 2500 1007 2550 ὕδασι
1038 2498 1331 2562 μαινομένοις
1368 2500 1548 2548 καπνοῦ
1583 2495 1713 2557 δίκην

120 2579 465 2648 ἐπινηχόμενος,
492 2579 577 2645 τὴν
611 2580 659 2632 δὲ
695 2581 802 2632 ὅποι
838 2580 1008 2632 λοιπὸν
1041 2579 1387 2632 ἀπευθύνεσθαι
1422 2580 1542 2645 χρῆν
1574 2578 1708 2626 ἀναι-

119 2664 342 2730 ρούμενος
383 2667 577 2727 γνῶσιν.
633 2663 901 2729 ἐκταράττει
938 2663 986 2714 δὲ
1023 2664 1076 2714 οὐ
1111 2667 1287 2728 μικρῶς
1323 2663 1398 2711 καὶ
1433 2658 1712 2722 πνευμάτων

169 2807 202 2836 4.
228 2793 290 2836 μὲν
306 2803 377 2826 om.
394 2791 437 2826 B.
612 2802 645 2836 5.
671 2791 858 2836 παιδαρίων
877 2791 918 2825 Β.
936 2791 1080 2826 παιδίων
1098 2790 1165 2825 Ed.
1349 2798 1402 2832 13.
1429 2786 1487 2821 τὸν
1504 2797 1568 2831 pro
1585 2786 1650 2830 μὴν
1669 2785 1712 2820 Β.

127 2851 180 2883 14.
206 2840 295 2885 αὐτῷ
313 2844 347 2873 et
363 2838 466 2872 αὐτὸν
482 2837 623 2872 exhibet
642 2838 689 2872 D.
846 2837 897 2873 16.
931 2836 1004 2884 [οὐ]
1024 2836 1268 2882 μελετήσασαν
1285 2834 1395 2870 edidit
1413 2833 1548 2878 Migne‚
1566 2839 1656 2867 recte
1673 2838 1714 2867 ut

122 2886 272 2922 videtur.
292 2884 521 2919 “——subesse
539 2892 664 2919 natura
680 2896 752 2918 non
770 2885 924 2930 potest‚'’
945 2885 1074 2929 Georg.
1092 2884 1199 2928 Trap.
1361 2892 1417 2915 20.
1443 2880 1480 2914 δέ
1500 2880 1542 2914 Β.
1559 2879 1625 2926 γὰρ
1645 2878 1714 2913 Ed.

124 2945 180 2974 21.
205 2934 247 2968 τὰ
263 2944 334 2968 om.
354 2932 491 2977 Migne.
601 2933 655 2966 26,
682 2933 700 2965 ὁ
718 2933 774 2975 τῆς
792 2933 908 2967 νυκτὸς
926 2931 993 2965 hoc
1011 2931 1132 2965 ordine
1152 2930 1194 2964 Β.
1309 2929 1364 2962 28.
1390 2927 1455 2973 χρὴ
1476 2926 1518 2961 Β.
1586 2926 1713 2961 Statim

123 2979 359 3025 ἀναιρούμενος
383 2979 421 3012 B.
441 2978 691 3024 ἀφαιρούμενος
712 2978 776 3012 Ed.

870 3045 890 3085 3
915 3045 926 3071 1
955 3045 976 3073 2

1736 2147 1780 2182 18
