2084 3317
122 209 149 251 i.
175 222 241 265 13.
363 208 437 249 IN
480 207 523 248 S.
556 204 895 247 JOANNEM.
956 205 1084 247 LIB.
1117 205 1152 247 Ι.
1215 205 1349 247 CAP.
1384 205 1463 246 IX.
1627 205 1707 246 135

122 315 342 368 δεδόσθαι
374 315 468 382 γὰρ
503 315 658 369 αὐτοῖς
694 314 917 383 ἐξουσίαν
947 312 1090 365 εἰπὼν
1119 312 1250 380 παρὰ
1284 318 1368 364 τοῦ
1405 310 1525 364 κατὰ
1559 311 1711 381 φύσιν

121 402 238 449 Υἱοῦ
270 396 390 464 πρὸς
422 395 477 448 τὸ
507 396 732 462 γενέσθαι
757 395 896 446 τέκνα
923 398 1064 458 Θεοῦ,
1091 397 1168 446 καὶ
1193 394 1248 446 τὸ
1281 393 1408 446 θέσει
1443 395 1520 445 καὶ
1554 391 1710 460 χάριτι
1770 399 1893 474 Ξὲξῑῗῖ

121 478 196 530 διὰ
230 478 397 530 τούτου
430 476 816 545 προεισενεγκὼν,
851 474 1105 530 ἀκινδύνως
1141 475 1302 542 ἐπάγει
1339 474 1509 527 λοιπὸν
1541 473 1596 526 τό
1626 478 1751 526 ’Euo
1832 466 1839 474 ο
1900 467 1906 474 ’

122 562 233 612 Θεοῦ
259 558 545 626 ἐγεννήθησαν·
588 559 663 610 ἵνα
690 560 766 610 καὶ
792 561 875 622 τῆς
901 558 971 609 ἐπ’
1000 558 1157 611 αὐτοῖς
1189 556 1381 625 χάριτος
1415 556 1622 625 ἐπιδείξῃ
1655 555 1711 607 τὸ

79 659 101 698 5
119 640 328 708 μέγεθος,
380 639 542 708 ὥσπερ
593 644 656 694 εἱς
705 639 966 704 οἰκειότητα
1016 639 1228 709 φυσικὴν
1276 638 1605 704 συλλέγοντος
1656 636 1711 689 τὸ

121 722 377 789 ἀλλότριον
402 728 484 774 τοῦ
520 726 646 774 Θεοῦ
680 723 758 773 καὶ
785 720 992 789 Πατρὸς,
1024 723 1100 773 καὶ
1132 721 1187 773 τὸ
1222 723 1397 772 δοῦλον
1428 723 1492 774 εἰς
1527 723 1708 772 δεσπο-

120 803 253 869 τικὴν
298 804 530 871 εὐγένειαν
574 801 960 870 ἀναβιβάζοντος,
1005 802 1083 854 διὰ
1131 802 1216 868 τὴν
1261 806 1324 857 εἰς
1373 801 1486 854 αὐτὸ
1535 801 1712 869 θερμὴν

121 885 380 952 ἀγάπησιν.

194 968 260 1019 Τί
281 968 363 1019 οὖν
387 967 479 1034 ἄρα
503 965 557 1019 τὸ
583 967 743 1030 πλεόν,
770 968 865 1034 ἐρεῖ
886 990 956 1022 τις
980 966 1139 1036 τυχὸν,
1167 965 1196 1032 ὴ
1232 966 1281 1017 τί
1312 965 1367 1017 τὸ
1399 965 1637 1035 ἐξαίρετον
1662 967 1711 1017 ἐν

56 1073 103 1099 10
120 1053 214 1103 τοῖς
252 1049 563 1101 πιστεύουσιν
601 1053 663 1104 εἷς
697 1047 917 1116 Χριστὸν
954 1048 1084 1115 παρὰ
1122 1047 1206 1100 τὸν
1240 1047 1460 1116 Ἰσραὴλ,
1497 1049 1595 1099 ἐπεὶ
1633 1049 1710 1099 καὶ

120 1130 257 1185 αὐτὸς
300 1135 616 1198 γεγεννῆσθαι
665 1131 856 1197 λέγεται
906 1130 1038 1198 παρὰ
1083 1134 1209 1182 Θεοῦ
1252 1129 1372 1182 κατὰ
1421 1129 1476 1182 τό
1521 1137 1547 1160 “
1567 1130 1710 1184 Υἱοῦς
1771 1144 1827 1177 Es.
1846 1144 1865 1177 i·
1888 1154 1916 1176 ²-

121 1219 148 1242 “
174 1212 406 1279 ἐγέννησα
431 1215 508 1264 καὶ
535 1215 733 1282 ὕψωσα,
764 1214 893 1265 αὐτοὶ
919 1213 978 1264 δέ
993 1236 1051 1278 με
1078 1213 1318 1278 ἠθέτησαν
1336 1213 1381 1275 ;”
1421 1210 1540 1280 πρὸς
1567 1210 1624 1276 δὴ
1651 1211 1709 1264 τὰ
1727 1219 1755 1260 d

120 1300 312 1346 τοιαῦτα
350 1295 506 1361 λέγειν
541 1293 669 1359 οἶμαι
707 1297 818 1358 δεῖν,
855 1299 1046 1363 πρῶτον
1079 1294 1164 1361 μὲν
1198 1294 1269 1346 ὅτι
1301 1302 1327 1325 “
1348 1293 1494 1346 Σκιάν
1529 1294 1649 1362 ἔχων
1683 1295 1709 1344 ὁ
1771 1298 1911 1374 {ffb-X·

123 1383 150 1406 ‘⁴
174 1376 315 1441 νόμος
348 1382 443 1429 τῶν
474 1377 755 1441 μελλόντων
786 1378 994 1443 ἀγαθῶν,
1021 1378 1104 1428 οὐκ
1140 1375 1285 1441 αὐτὴν
1309 1376 1396 1442 τὴν
1426 1374 1581 1427 εἰκόνα
1615 1380 1711 1427 τῶν
1795 1366 1803 1376 ’

55 1465 151 1510 Ι5“
175 1458 515 1526 πραγμάτων,”
545 1458 650 1511 οὐδὲ
687 1465 827 1511 τοῦτο
866 1460 965 1511 κατ’
1007 1459 1232 1524 ἀλήθειαν
1270 1458 1390 1527 ἔχειν
1427 1458 1579 1509 ἐδίδου
1614 1462 1712 1512 τοῖς

123 1539 180 1609 ἐξ
209 1539 432 1607 Ἰσραὴλ,
463 1541 572 1592 ἀλλ’
606 1543 669 1595 ὡς
707 1542 755 1592 ἐν
788 1540 922 1611 τύπῳ
961 1542 1037 1591 καὶ
1075 1539 1289 1608 σχήματι
1326 1538 1630 1609 γραφόμενον
1664 1541 1713 1591 ἐν

123 1623 280 1676 αὐτοῖς
306 1629 334 1652 “
353 1622 463 1690 ἄχρι
498 1628 659 1689 καιροῦ
695 1622 1034 1688 διορθώσεως,”
1065 1621 1188 1674 καθὰ
1218 1622 1497 1689 γέγραπται,
1524 1622 1630 1673 καθ’
1660 1620 1714 1673 ὃν
1775 1635 1937 1666 Ib-ix-10·

122 1703 327 1768 ἔμελλον
360 1704 790 1772 ἀναδειχθήσεσθαι
827 1703 1012 1767 λοιπὸν,
1045 1708 1087 1755 οἱ
1124 1702 1516 1770 πρεπωδέστερόν
1549 1727 1599 1755 τε
1639 1705 1716 1755 καὶ

121 1786 446 1853 ἀληθέστερον
483 1787 834 1840 ἀποκαλοῦντες
874 1785 1066 1853 Πατέρα
1102 1785 1186 1837 τὸν
1219 1785 1358 1849 Θεὸν,
1394 1787 1470 1836 διὰ
1508 1783 1562 1836 τὸ
1600 1787 1716 1836 ε’νοι-

54 1889 104 1915 20
122 1869 268 1931 κῆσαι
301 1868 458 1921 αὐτοῖς
491 1867 545 1918 τὸ
574 1871 771 1931 Πνεῦμα
796 1873 880 1919 τοῦ
908 1871 1232 1933 Μονογενοῦς·
1274 1870 1315 1918 οἱ
1350 1866 1436 1931 μὲν
1461 1865 1554 1934 γὰρ
1588 1865 1753 1935 εἷχονε

122 1955 150 1978 “
176 1954 360 2014 πνεῦμα
385 1950 598 2003 δουλείας
625 1953 686 2003 εἰς
713 1947 913 2018 φόβον,”
942 1953 984 2000 οἱ
1015 1948 1064 2000 δὲ
1091 1956 1118 1979 “
1137 1955 1322 2014 πνεῦμα
1349 1949 1623 2012 υἱοθεσίας,”
1652 1953 1715 2003 εἱς
1773 1957 1871 2032 {³3³1

121 2031 401 2098 ἐλευθερίαν,
428 2038 456 2060 “
476 2033 525 2082 ἐν
551 2029 588 2101 ᾧ
624 2029 852 2098 κράζομεν
877 2032 1043 2093 Ἀββᾶ
1076 2032 1100 2082 ὁ
1129 2030 1340 2098 Πατήρ.”
1394 2032 1560 2082 οὐκοῦν
1587 2032 1612 2082 ὁ
1639 2029 1716 2081 διὰ
1836 2026 1842 2033 ’
1879 2009 1908 2041 5-

121 2113 328 2167 πίστεως
353 2116 435 2177 τῆς
462 2116 524 2167 εἱς
549 2113 767 2180 Χριστὸν
793 2112 1128 2178 ἀναβήσεσθαι
1163 2113 1358 2177 μέλλων
1384 2117 1447 2166 εἷς
1478 2114 1717 2165 υἱοθεσίαν

124 2194 253 2257 λαὸς,
285 2193 496 2262 καθάπερ
532 2196 580 2246 ἐν
615 2200 772 2249 σκιαῖς
810 2197 858 2246 ἐν
888 2196 1045 2266 ἐκείνῳ
1083 2194 1522 2265 προκατεγράφετο,
1551 2194 1716 2262 ὥσπερ

57 2291 105 2329 25
125 2276 206 2327 οὖν
243 2276 406 2341 ἀμέλει
443 2279 521 2328 καὶ
558 2275 645 2342 τὴν
683 2279 732 2328 ἐν
769 2278 1001 2342 πνεύματι
1040 2283 1236 2342 νοοῦμεν
1273 2276 1534 2344 περιτομὴν
1572 2279 1620 2328 ἐν
1657 2279 1716 2344 τῇ

123 2358 307 2410 ἐκείνων
355 2357 508 2410 πάλαι
557 2364 1013 2427 προανατυποῦσθαι
1063 2360 1225 2427 σαρκί·
1292 2362 1369 2411 καὶ
1427 2357 1718 2423 συλλήβδην

125 2443 279 2502 εἰπεῖν,
305 2439 461 2492 πάντα
487 2440 545 2505 ἦν
570 2443 618 2492 ἐν
644 2441 831 2495 ἐκείνοις
855 2440 915 2493 τὰ
941 2441 1142 2508 ἡμέτερα
1167 2446 1385 2496 τυπικῶς.
1440 2441 1560 2508 πρὸς
1587 2440 1642 2491 δέ
1662 2463 1718 2506 γε

125 2525 222 2574 τοῖς
266 2521 533 2588 εἰρημένοις,
574 2525 758 2575 κάκεῖνο
803 2523 978 2593 φαμὲν,
1022 2523 1092 2575 ὅτι
1138 2523 1360 2589 κέκληται
1404 2526 1607 2575 τυπικῶς
1655 2526 1717 2576 εἰς

127 2604 364 2654 υἱοθεσίαν
409 2605 434 2655 ὁ
476 2604 679 2673 Ἰσραὴλ
725 2605 800 2657 διὰ
847 2606 1044 2670 μεσίτου
1090 2605 1356 2660 Μωυσέως·
1418 2603 1489 2656 διὸ
1533 2605 1610 2655 καὶ
1654 2607 1755 2659 eis-a
1811 2620 1866 2655 93
1883 2619 1937 2656 A.

178 2783 209 2819 7.
236 2774 316 2809 αὐτὸ
335 2774 377 2809 Β.
396 2775 496 2810 αὐτὸν
514 2776 582 2813 Ed.
748 2790 781 2824 9.
808 2778 843 2813 ἐν
860 2790 931 2813 om.
951 2778 994 2814 Β.
1012 2778 1144 2813 habent
1162 2777 1268 2813 Cord.
1289 2777 1348 2812 Cr.
1523 2788 1575 2822 13.
1601 2777 1716 2823 λέγειν

129 2817 221 2864 οἶμαι
237 2820 305 2855 hoc
323 2821 444 2856 ordine
463 2823 506 2857 B.
651 2824 705 2860 16.
733 2826 850 2871 σχῆμα
869 2825 912 2860 Β.
1060 2837 1113 2870 19.
1140 2825 1311 2869 ἐνοικῆσαι
1330 2823 1437 2859 Cord.
1459 2823 1519 2859 Cr.
1539 2825 1717 2869 ἐνοικῆσαν

131 2867 198 2902 Ed.
249 2868 390 2902 Desunt
406 2868 491 2903 haec
508 2869 544 2903 in
561 2881 592 2904 a.
729 2883 784 2906 20.
811 2874 849 2906 τὸ
868 2878 1090 2917 assumptum
1109 2884 1150 2906 ex
1170 2872 1211 2905 B.
1276 2872 1342 2917 γὰρ
1361 2868 1469 2916 εἶχον]
1490 2873 1653 2916 παρεῖχον
1672 2871 1715 2906 B.

132 2924 187 2948 22.
214 2913 394 2960 κράζομεν]
415 2916 468 2949 καὶ
484 2917 664 2960 κράξουσιν
682 2917 724 2952 Β.
744 2919 925 2962 κράξουσιν
942 2931 973 2953 a.
993 2918 1052 2953 Cr.
1118 2919 1157 2952 οὐ
1176 2930 1239 2963 pro
1258 2920 1275 2952 ὁ
1293 2919 1351 2952 alt.
1374 2918 1415 2952 B.
1553 2929 1606 2961 24.
1634 2919 1717 2954 λαὸς

131 2972 200 2995 om.
220 2961 386 2996 Catenae.
500 2974 555 3008 25.
581 2963 639 2998 οὖν
655 2976 725 2999 om.
745 2965 788 3000 B.
806 2965 910 3000 habet
928 2977 958 2999 a.
1069 2965 1123 3000 26.
1149 2966 1255 2999 πάλαι
1273 2976 1303 3000 a.
1323 2964 1382 2999 Cr.
1400 2966 1502 3000 πάλιν
1520 2964 1586 3000 Ed.
1608 2965 1716 3001 Cord.

132 3017 188 3053 27,
208 3008 263 3044 28,
289 3009 320 3043 A
338 3012 482 3044 τυπικῶς
500 3009 542 3044 ad
560 3014 704 3047 τυπικῶς
720 3012 869 3047 transilit
887 3011 930 3047 B.
