<?xml version="1.0" encoding="UTF-8"?>
<!DOCTYPE html PUBLIC "-//W3C//DTD XHTML 1.0 Transitional//EN"
    "http://www.w3.org/TR/xhtml1/DTD/xhtml1-transitional.dtd">
<html xmlns="http://www.w3.org/1999/xhtml" xml:lang="en" lang="en">
 <head>
  <title>
</title>
<meta http-equiv="Content-Type" content="text/html;charset=utf-8" />
  <meta name='ocr-system' content='tesseract 3.04.00' />
  <meta name='ocr-capabilities' content='ocr_page ocr_carea ocr_par ocr_line ocrx_word'/>
</head>
<body>
  <div class='ocr_page' id='page_1' title='image "./operacyrilli03cyriuoft/operacyrilli03cyriuoft_0340.png"; bbox 0 0 2084 3317; ppageno 0'>
   <div class='ocr_carea' id='block_1_1' title="bbox 293 186 1875 231">
    <p class='ocr_par' dir='ltr' id='par_1_1' title="bbox 293 186 1875 231">
     <span class='ocr_line' id='line_1_1' title="bbox 293 186 1875 231; baseline 0.001 -7"><span class='ocrx_word' id='word_1_1' title='bbox 293 186 376 225; x_wconf 77' lang='lat'>280</span> <span class='ocrx_word' id='word_1_2' title='bbox 695 188 745 228; x_wconf 92' lang='lat' dir='ltr'>B.</span> <span class='ocrx_word' id='word_1_3' title='bbox 779 189 1058 230; x_wconf 87' lang='lat' dir='ltr'>CYRILLI</span> <span class='ocrx_word' id='word_1_4' title='bbox 1100 189 1482 231; x_wconf 91' lang='lat' dir='ltr'><strong>ALEXANDR.</strong></span> <span class='ocrx_word' id='word_1_5' title='bbox 1734 188 1789 227; x_wconf 85' lang='lat' dir='ltr'>iv.</span> <span class='ocrx_word' id='word_1_6' title='bbox 1810 199 1875 228; x_wconf 81' lang='lat'>22.</span> 
     </span>
    </p>
   </div>
   <div class='ocr_carea' id='block_1_2' title="bbox 70 295 1953 1125">
    <p class='ocr_par' dir='ltr' id='par_1_2' title="bbox 293 295 1921 936">
     <span class='ocr_line' id='line_1_2' title="bbox 293 295 1875 369; baseline 0.002 -26"><span class='ocrx_word' id='word_1_7' title='bbox 293 297 496 358; x_wconf 83' lang='grc' dir='ltr'>θελῆσαι</span> <span class='ocrx_word' id='word_1_8' title='bbox 534 295 616 347; x_wconf 80' lang='grc' dir='ltr'>τὸν</span> <span class='ocrx_word' id='word_1_9' title='bbox 647 297 764 348; x_wconf 80' lang='grc' dir='ltr'>Υἱὸν</span> <span class='ocrx_word' id='word_1_10' title='bbox 801 296 1066 364; x_wconf 83' lang='grc' dir='ltr'>προσάγειν</span> <span class='ocrx_word' id='word_1_11' title='bbox 1104 303 1170 369; x_wconf 70' lang='grc' dir='ltr'>τῷ</span> <span class='ocrx_word' id='word_1_12' title='bbox 1210 301 1366 365; x_wconf 85' lang='grc' dir='ltr'>Πατρὶ</span> <span class='ocrx_word' id='word_1_13' title='bbox 1405 298 1490 362; x_wconf 85' lang='grc' dir='ltr'>τὴν</span> <span class='ocrx_word' id='word_1_14' title='bbox 1528 296 1875 363; x_wconf 80' lang='grc' dir='ltr'>προσκύνησιν,</span> 
     </span>
     <span class='ocr_line' id='line_1_3' title="bbox 293 378 1876 446; baseline 0.002 -21"><span class='ocrx_word' id='word_1_15' title='bbox 293 380 562 443; x_wconf 77' lang='grc' dir='ltr'>στοχασταὶ</span> <span class='ocrx_word' id='word_1_16' title='bbox 587 378 778 442; x_wconf 82' lang='grc' dir='ltr'>μᾶλλόν</span> <span class='ocrx_word' id='word_1_17' title='bbox 803 383 924 430; x_wconf 79' lang='grc' dir='ltr'>εἰσιν</span> <span class='ocrx_word' id='word_1_18' title='bbox 951 379 978 444; x_wconf 79' lang='grc' dir='ltr'>ἢ</span> <span class='ocrx_word' id='word_1_19' title='bbox 1015 384 1097 445; x_wconf 82' lang='grc' dir='ltr'>τῆς</span> <span class='ocrx_word' id='word_1_20' title='bbox 1134 381 1355 446; x_wconf 78' lang='grc' dir='ltr'>ἀληθείας</span> <span class='ocrx_word' id='word_1_21' title='bbox 1389 379 1711 444; x_wconf 84' lang='grc' dir='ltr'>ἐπιστήμονες.</span> <span class='ocrx_word' id='word_1_22' title='bbox 1762 379 1811 428; x_wconf 85' lang='grc' dir='ltr'>τί</span> <span class='ocrx_word' id='word_1_23' title='bbox 1831 378 1876 429; x_wconf 86' lang='grc' dir='ltr'>δ’</span> 
     </span>
     <span class='ocr_line' id='line_1_4' title="bbox 294 455 1879 530; baseline 0.002 -23"><span class='ocrx_word' id='word_1_24' title='bbox 294 455 352 507; x_wconf 74' lang='grc' dir='ltr'>ἂν</span> <span class='ocrx_word' id='word_1_25' title='bbox 390 459 607 510; x_wconf 83' lang='grc' dir='ltr'>κωλύσαι</span> <span class='ocrx_word' id='word_1_26' title='bbox 645 462 720 510; x_wconf 76' lang='grc' dir='ltr'>καὶ</span> <span class='ocrx_word' id='word_1_27' title='bbox 757 461 938 526; x_wconf 82' lang='grc' dir='ltr'>ἑτέρους</span> <span class='ocrx_word' id='word_1_28' title='bbox 973 465 1128 525; x_wconf 83' lang='grc' dir='ltr'>εἰπεῖν,</span> <span class='ocrx_word' id='word_1_29' title='bbox 1161 461 1493 530; x_wconf 77' lang='grc' dir='ltr'>ῥιψοκίνδυνόν</span> <span class='ocrx_word' id='word_1_30' title='bbox 1528 485 1630 512; x_wconf 88' lang='grc' dir='ltr'>τινα</span> <span class='ocrx_word' id='word_1_31' title='bbox 1668 469 1879 512; x_wconf 83' lang='grc' dir='ltr'>πλαττο-</span> 
     </span>
     <span class='ocr_line' id='line_1_5' title="bbox 293 539 1876 612; baseline 0.002 -23"><span class='ocrx_word' id='word_1_32' title='bbox 293 539 458 601; x_wconf 81' lang='grc' dir='ltr'>μένους</span> <span class='ocrx_word' id='word_1_33' title='bbox 484 542 737 605; x_wconf 77' lang='grc' dir='ltr'>εὐσέβειαν,</span> <span class='ocrx_word' id='word_1_34' title='bbox 766 542 837 592; x_wconf 80' lang='grc' dir='ltr'>ὅτι</span> <span class='ocrx_word' id='word_1_35' title='bbox 862 542 1062 606; x_wconf 79' lang='grc' dir='ltr'>θελητὸν</span> <span class='ocrx_word' id='word_1_36' title='bbox 1087 547 1152 612; x_wconf 72' lang='grc' dir='ltr'>τῷ</span> <span class='ocrx_word' id='word_1_37' title='bbox 1180 546 1335 609; x_wconf 78' lang='grc' dir='ltr'>Πατρὶ</span> <span class='ocrx_word' id='word_1_38' title='bbox 1360 548 1642 609; x_wconf 80' lang='grc' dir='ltr'>προσκυνεῖν</span> <span class='ocrx_word' id='word_1_39' title='bbox 1666 546 1732 612; x_wconf 71' lang='grc' dir='ltr'>τῷ</span> <span class='ocrx_word' id='word_1_40' title='bbox 1758 544 1876 610; x_wconf 76' lang='grc' dir='ltr'>Υὶῴ,</span> 
     </span>
     <span class='ocr_line' id='line_1_6' title="bbox 295 621 1921 692; baseline 0.001 -21"><span class='ocrx_word' id='word_1_41' title='bbox 295 622 442 672; x_wconf 86' lang='grc' dir='ltr'>καίτοι</span> <span class='ocrx_word' id='word_1_42' title='bbox 463 622 581 672; x_wconf 78' lang='grc' dir='ltr'>κατὰ</span> <span class='ocrx_word' id='word_1_43' title='bbox 603 623 752 689; x_wconf 80' lang='grc' dir='ltr'>φύσιν</span> <span class='ocrx_word' id='word_1_44' title='bbox 771 624 855 674; x_wconf 82' lang='grc' dir='ltr'>οὐκ</span> <span class='ocrx_word' id='word_1_45' title='bbox 875 623 974 675; x_wconf 77' lang='grc' dir='ltr'>ὄντι</span> <span class='ocrx_word' id='word_1_46' title='bbox 997 629 1330 692; x_wconf 84' lang='grc' dir='ltr'>προσκυνητῇ;</span> <span class='ocrx_word' id='word_1_47' title='bbox 1358 624 1501 676; x_wconf 85' lang='grc' dir='ltr'>Ἀλλ’</span> <span class='ocrx_word' id='word_1_48' title='bbox 1521 624 1648 686; x_wconf 79' lang='grc' dir='ltr'>αὐτὸ,</span> <span class='ocrx_word' id='word_1_49' title='bbox 1671 626 1808 692; x_wconf 75' lang='grc' dir='ltr'>φησὶ,</span> <span class='ocrx_word' id='word_1_50' title='bbox 1825 621 1879 674; x_wconf 82' lang='grc' dir='ltr'>τὸ</span> <span class='ocrx_word' id='word_1_51' title='bbox 1899 636 1921 673; x_wconf 85' lang='grc'>5</span> 
     </span>
     <span class='ocr_line' id='line_1_7' title="bbox 293 703 1881 775; baseline 0.001 -22"><span class='ocrx_word' id='word_1_52' title='bbox 293 703 486 768; x_wconf 78' lang='grc' dir='ltr'>πρέπον,</span> <span class='ocrx_word' id='word_1_53' title='bbox 515 703 567 754; x_wconf 82' lang='grc' dir='ltr'>τὸ</span> <span class='ocrx_word' id='word_1_54' title='bbox 594 704 678 766; x_wconf 77' lang='grc' dir='ltr'>μὲν</span> <span class='ocrx_word' id='word_1_55' title='bbox 703 711 787 756; x_wconf 87' lang='grc' dir='ltr'>τοῦ</span> <span class='ocrx_word' id='word_1_56' title='bbox 815 705 1005 770; x_wconf 83' lang='grc' dir='ltr'>Πατρὸς</span> <span class='ocrx_word' id='word_1_57' title='bbox 1034 707 1324 775; x_wconf 76' lang='grc' dir='ltr'>ὑπεξελεῖται</span> <span class='ocrx_word' id='word_1_58' title='bbox 1348 705 1625 773; x_wconf 85' lang='grc' dir='ltr'>πρόσωπον,</span> <span class='ocrx_word' id='word_1_59' title='bbox 1653 704 1881 768; x_wconf 82' lang='grc' dir='ltr'>ὑποθήσει</span> 
     </span>
     <span class='ocr_line' id='line_1_8' title="bbox 294 784 1877 855; baseline 0.001 -21"><span class='ocrx_word' id='word_1_60' title='bbox 294 784 342 834; x_wconf 79' lang='grc' dir='ltr'>δὲ</span> <span class='ocrx_word' id='word_1_61' title='bbox 375 787 439 854; x_wconf 73' lang='grc' dir='ltr'>τῷ</span> <span class='ocrx_word' id='word_1_62' title='bbox 472 785 718 852; x_wconf 80' lang='grc' dir='ltr'>πράγματι</span> <span class='ocrx_word' id='word_1_63' title='bbox 749 785 832 838; x_wconf 80' lang='grc' dir='ltr'>τὸν</span> <span class='ocrx_word' id='word_1_64' title='bbox 858 787 989 851; x_wconf 81' lang='grc' dir='ltr'>Υἱὸν,</span> <span class='ocrx_word' id='word_1_65' title='bbox 1016 789 1099 839; x_wconf 83' lang='grc' dir='ltr'>οὐκ</span> <span class='ocrx_word' id='word_1_66' title='bbox 1133 789 1403 853; x_wconf 79' lang='grc' dir='ltr'>ἀβούλητον</span> <span class='ocrx_word' id='word_1_67' title='bbox 1429 788 1597 855; x_wconf 77' lang='grc' dir='ltr'>ἔχοντα</span> <span class='ocrx_word' id='word_1_68' title='bbox 1631 787 1685 838; x_wconf 84' lang='grc' dir='ltr'>τὸ</span> <span class='ocrx_word' id='word_1_69' title='bbox 1719 809 1877 852; x_wconf 91' lang='grc' dir='ltr'>προσ-</span> 
     </span>
     <span class='ocr_line' id='line_1_9' title="bbox 294 869 735 936; baseline 0.007 -20"><span class='ocrx_word' id='word_1_70' title='bbox 294 871 444 917; x_wconf 80' lang='grc' dir='ltr'>κυνεῖν</span> <span class='ocrx_word' id='word_1_71' title='bbox 470 872 536 936; x_wconf 71' lang='grc' dir='ltr'><em>τῲ</em></span> <span class='ocrx_word' id='word_1_72' title='bbox 565 869 735 935; x_wconf 90' lang='grc' dir='ltr'>Πατρί.</span> 
     </span>
    </p>

    <p class='ocr_par' dir='ltr' id='par_1_3' title="bbox 70 947 1882 1021">
     <span class='ocr_line' id='line_1_10' title="bbox 70 947 1882 1021; baseline 0.001 -22"><span class='ocrx_word' id='word_1_73' title='bbox 70 957 152 990; x_wconf 86' lang='grc'>188</span> <span class='ocrx_word' id='word_1_74' title='bbox 170 955 219 989; x_wconf 83' lang='grc' dir='ltr'>Α·</span> <span class='ocrx_word' id='word_1_75' title='bbox 256 964 277 988; x_wconf 84' lang='lat' dir='ltr'>a</span> <span class='ocrx_word' id='word_1_76' title='bbox 369 950 435 1000; x_wconf 94' lang='grc' dir='ltr'>Τί</span> <span class='ocrx_word' id='word_1_77' title='bbox 457 948 565 1018; x_wconf 85' lang='grc' dir='ltr'>φῂς,</span> <span class='ocrx_word' id='word_1_78' title='bbox 586 947 623 1001; x_wconf 73' lang='grc'>(3</span> <span class='ocrx_word' id='word_1_79' title='bbox 650 951 808 1014; x_wconf 50' lang='lat' dir='ltr'>egros-3</span> <span class='ocrx_word' id='word_1_80' title='bbox 837 951 984 1003; x_wconf 83' lang='grc' dir='ltr'>πάλιν</span> <span class='ocrx_word' id='word_1_81' title='bbox 1005 953 1113 1016; x_wconf 84' lang='grc' dir='ltr'>ἡμῖν</span> <span class='ocrx_word' id='word_1_82' title='bbox 1133 954 1194 1006; x_wconf 86' lang='grc' dir='ltr'>ὡς</span> <span class='ocrx_word' id='word_1_83' title='bbox 1221 953 1277 1021; x_wconf 77' lang='grc' dir='ltr'>ἐξ</span> <span class='ocrx_word' id='word_1_84' title='bbox 1300 952 1497 1015; x_wconf 87' lang='grc' dir='ltr'>ἀδύτων,</span> <span class='ocrx_word' id='word_1_85' title='bbox 1518 952 1620 1017; x_wconf 74' lang='grc' dir='ltr'>ἤτοι</span> <span class='ocrx_word' id='word_1_86' title='bbox 1648 950 1882 1018; x_wconf 86' lang='grc' dir='ltr'>τριπόδων</span> 
     </span>
    </p>

    <p class='ocr_par' dir='ltr' id='par_1_4' title="bbox 70 1031 1953 1124">
     <span class='ocr_line' id='line_1_11' title="bbox 70 1031 1953 1124; baseline 0.003 -42"><span class='ocrx_word' id='word_1_87' title='bbox 70 1094 116 1124; x_wconf 85' lang='lat' dir='ltr'>H·</span> <span class='ocrx_word' id='word_1_88' title='bbox 295 1031 610 1096; x_wconf 66' lang='grc' dir='ltr'>εΕλληνικῶν,</span> <span class='ocrx_word' id='word_1_89' title='bbox 650 1033 897 1103; x_wconf 75' lang='grc' dir='ltr'>ἀναφέρεις</span> <span class='ocrx_word' id='word_1_90' title='bbox 941 1034 1024 1088; x_wconf 79' lang='grc' dir='ltr'>τὰς</span> <span class='ocrx_word' id='word_1_91' title='bbox 1068 1035 1298 1098; x_wconf 83' lang='grc' dir='ltr'>μαντείας,</span> <span class='ocrx_word' id='word_1_92' title='bbox 1338 1033 1367 1099; x_wconf 77' lang='grc' dir='ltr'>ἢ</span> <span class='ocrx_word' id='word_1_93' title='bbox 1411 1035 1510 1085; x_wconf 89' lang='grc' dir='ltr'>κατ’</span> <span class='ocrx_word' id='word_1_94' title='bbox 1553 1036 1724 1085; x_wconf 88' lang='grc' dir='ltr'>ἐκεῖνον</span> <span class='ocrx_word' id='word_1_95' title='bbox 1767 1033 1882 1101; x_wconf 69' lang='grc' dir='ltr'>ἔρχῃ</span> <span class='ocrx_word' id='word_1_96' title='bbox 1905 1064 1953 1088; x_wconf 89' lang='lat'>10</span> 
     </span>
    </p>

    <p class='ocr_par' dir='ltr' id='par_1_5' title="bbox 108 1104 165 1125">
     <span class='ocr_line' id='line_1_12' title="bbox 108 1104 165 1125; baseline 0.035 -2"><span class='ocrx_word' id='word_1_97' title='bbox 108 1104 165 1125; x_wconf 69' lang='lat' dir='ltr'>les·</span> 
     </span>
    </p>
   </div>
   <div class='ocr_carea' id='block_1_3' title="bbox 68 1112 1877 1221">
    <p class='ocr_par' dir='ltr' id='par_1_6' title="bbox 68 1112 1877 1221">
     <span class='ocr_line' id='line_1_13' title="bbox 68 1112 1877 1183; baseline 0.003 -19"><span class='ocrx_word' id='word_1_98' title='bbox 68 1138 181 1168; x_wconf 73' lang='lat' dir='ltr'><strong>xxxvi.</strong></span> <span class='ocrx_word' id='word_1_99' title='bbox 297 1120 324 1143; x_wconf 77' lang='lat'>‘⁶</span> <span class='ocrx_word' id='word_1_100' title='bbox 347 1112 430 1164; x_wconf 79' lang='grc' dir='ltr'>τὸν</span> <span class='ocrx_word' id='word_1_101' title='bbox 459 1115 687 1179; x_wconf 85' lang='grc' dir='ltr'>ἐλαμίτην</span> <span class='ocrx_word' id='word_1_102' title='bbox 720 1117 936 1181; x_wconf 80' lang='grc' dir='ltr'>Σαμεάν”</span> <span class='ocrx_word' id='word_1_103' title='bbox 967 1116 1026 1166; x_wconf 82' lang='grc' dir='ltr'>τὰ</span> <span class='ocrx_word' id='word_1_104' title='bbox 1065 1115 1159 1167; x_wconf 76' lang='grc' dir='ltr'>ἀπὸ</span> <span class='ocrx_word' id='word_1_105' title='bbox 1199 1118 1389 1181; x_wconf 83' lang='grc' dir='ltr'>καρδίας</span> <span class='ocrx_word' id='word_1_106' title='bbox 1428 1115 1728 1183; x_wconf 83' lang='grc' dir='ltr'>ἐρευγόμενος</span> <span class='ocrx_word' id='word_1_107' title='bbox 1767 1119 1877 1180; x_wconf 83' lang='grc' dir='ltr'>σῆς,</span> 
     </span>
     <span class='ocr_line' id='line_1_14' title="bbox 75 1190 126 1221; baseline 0 -11"><span class='ocrx_word' id='word_1_108' title='bbox 75 1190 126 1221; x_wconf 85' lang='lat'>24.</span> 
     </span>
    </p>
   </div>
   <div class='ocr_carea' id='block_1_4' title="bbox 71 1196 1958 2743">
    <p class='ocr_par' dir='ltr' id='par_1_7' title="bbox 71 1196 1958 2743">
     <span class='ocr_line' id='line_1_15' title="bbox 71 1196 1883 1264; baseline 0.002 -19"><span class='ocrx_word' id='word_1_109' title='bbox 71 1224 122 1255; x_wconf 78' lang='lat' dir='ltr'>Ib.</span> <span class='ocrx_word' id='word_1_110' title='bbox 139 1224 230 1254; x_wconf 78' lang='lat' dir='ltr'>xxiii.</span> <span class='ocrx_word' id='word_1_111' title='bbox 296 1196 371 1246; x_wconf 78' lang='grc' dir='ltr'>καὶ</span> <span class='ocrx_word' id='word_1_112' title='bbox 418 1197 500 1246; x_wconf 81' lang='grc' dir='ltr'>οὐκ</span> <span class='ocrx_word' id='word_1_113' title='bbox 545 1196 638 1248; x_wconf 81' lang='grc' dir='ltr'>ἀπὸ</span> <span class='ocrx_word' id='word_1_114' title='bbox 685 1199 924 1261; x_wconf 87' lang='grc' dir='ltr'>στόματος</span> <span class='ocrx_word' id='word_1_115' title='bbox 974 1199 1180 1264; x_wconf 69' lang='grc' dir='ltr'>Κυρίου,</span> <span class='ocrx_word' id='word_1_116' title='bbox 1236 1198 1290 1249; x_wconf 84' lang='grc' dir='ltr'>τὸ</span> <span class='ocrx_word' id='word_1_117' title='bbox 1338 1199 1385 1249; x_wconf 77' lang='grc' dir='ltr'>δὲ</span> <span class='ocrx_word' id='word_1_118' title='bbox 1429 1198 1610 1263; x_wconf 78' lang='grc' dir='ltr'>πρέπον</span> <span class='ocrx_word' id='word_1_119' title='bbox 1652 1198 1774 1262; x_wconf 84' lang='grc' dir='ltr'>ἡμῖν,</span> <span class='ocrx_word' id='word_1_120' title='bbox 1821 1200 1883 1251; x_wconf 87' lang='grc' dir='ltr'>ὡς</span> 
     </span>
     <span class='ocr_line' id='line_1_16' title="bbox 76 1267 1884 1348; baseline 0.001 -21"><span class='ocrx_word' id='word_1_121' title='bbox 76 1267 123 1297; x_wconf 76' lang='lat'>¹6&#39;</span> <span class='ocrx_word' id='word_1_122' title='bbox 296 1278 683 1343; x_wconf 85' lang='grc' dir='ltr'>ἀκαταγώνιστον</span> <span class='ocrx_word' id='word_1_123' title='bbox 715 1280 762 1329; x_wconf 84' lang='grc' dir='ltr'>ἐν</span> <span class='ocrx_word' id='word_1_124' title='bbox 792 1278 984 1340; x_wconf 75' lang='grc' dir='ltr'>τούτοις,</span> <span class='ocrx_word' id='word_1_125' title='bbox 1012 1280 1285 1348; x_wconf 76' lang='grc' dir='ltr'>ἀντεξάγων</span> <span class='ocrx_word' id='word_1_126' title='bbox 1318 1281 1399 1330; x_wconf 84' lang='grc' dir='ltr'>οὐκ</span> <span class='ocrx_word' id='word_1_127' title='bbox 1438 1282 1681 1348; x_wconf 72' lang='grc' dir='ltr'>ἐρυθριᾷςς</span> <span class='ocrx_word' id='word_1_128' title='bbox 1724 1278 1750 1343; x_wconf 79' lang='grc' dir='ltr'>ἢ</span> <span class='ocrx_word' id='word_1_129' title='bbox 1790 1278 1884 1344; x_wconf 74' lang='grc' dir='ltr'>γὰρ</span> 
     </span>
     <span class='ocr_line' id='line_1_17' title="bbox 295 1359 1885 1430; baseline 0.002 -21"><span class='ocrx_word' id='word_1_130' title='bbox 295 1360 376 1410; x_wconf 84' lang='grc' dir='ltr'>οὐκ</span> <span class='ocrx_word' id='word_1_131' title='bbox 411 1359 482 1427; x_wconf 77' lang='grc' dir='ltr'>οἵῃ</span> <span class='ocrx_word' id='word_1_132' title='bbox 517 1361 711 1426; x_wconf 87' lang='grc' dir='ltr'>πρέπειν</span> <span class='ocrx_word' id='word_1_133' title='bbox 738 1360 820 1412; x_wconf 78' lang='grc' dir='ltr'>τὸν</span> <span class='ocrx_word' id='word_1_134' title='bbox 846 1360 959 1412; x_wconf 77' lang='grc' dir='ltr'>ὄντα</span> <span class='ocrx_word' id='word_1_135' title='bbox 996 1361 1115 1412; x_wconf 77' lang='grc' dir='ltr'>κατὰ</span> <span class='ocrx_word' id='word_1_136' title='bbox 1151 1362 1300 1430; x_wconf 81' lang='grc' dir='ltr'>φύσιν</span> <span class='ocrx_word' id='word_1_137' title='bbox 1327 1362 1464 1424; x_wconf 74' lang='grc' dir='ltr'>Θεὸν,</span> <span class='ocrx_word' id='word_1_138' title='bbox 1493 1361 1617 1413; x_wconf 77' lang='grc' dir='ltr'>Θεὸν</span> <span class='ocrx_word' id='word_1_139' title='bbox 1650 1362 1770 1429; x_wconf 73' lang='grc' dir='ltr'>ἔχειν</span> <span class='ocrx_word' id='word_1_140' title='bbox 1801 1359 1885 1412; x_wconf 75' lang='grc' dir='ltr'>τὸν</span> 
     </span>
     <span class='ocr_line' id='line_1_18' title="bbox 293 1442 1952 1513; baseline 0.003 -22"><span class='ocrx_word' id='word_1_141' title='bbox 293 1442 349 1510; x_wconf 74' lang='grc' dir='ltr'>ἐξ</span> <span class='ocrx_word' id='word_1_142' title='bbox 384 1444 527 1492; x_wconf 79' lang='grc' dir='ltr'>αὑτοῦ</span> <span class='ocrx_word' id='word_1_143' title='bbox 565 1444 847 1508; x_wconf 81' lang='grc' dir='ltr'>γεννηθέντα</span> <span class='ocrx_word' id='word_1_144' title='bbox 876 1443 1037 1509; x_wconf 82' lang='grc' dir='ltr'>Λόγον</span> <span class='ocrx_word' id='word_1_145' title='bbox 1075 1446 1151 1494; x_wconf 82' lang='grc' dir='ltr'>καὶ</span> <span class='ocrx_word' id='word_1_146' title='bbox 1192 1443 1273 1494; x_wconf 77' lang='grc' dir='ltr'>τὸν</span> <span class='ocrx_word' id='word_1_147' title='bbox 1312 1442 1349 1513; x_wconf 73' lang='grc' dir='ltr'><em>ᾧ</em></span> <span class='ocrx_word' id='word_1_148' title='bbox 1388 1447 1651 1510; x_wconf 79' lang='grc' dir='ltr'>προσκυνεῖ</span> <span class='ocrx_word' id='word_1_149' title='bbox 1682 1447 1819 1495; x_wconf 82' lang='grc' dir='ltr'>πᾶσα</span> <span class='ocrx_word' id='word_1_150' title='bbox 1856 1443 1952 1508; x_wconf 77' lang='grc' dir='ltr'>ἡι5</span> 
     </span>
     <span class='ocr_line' id='line_1_19' title="bbox 294 1524 1885 1592; baseline 0.001 -18"><span class='ocrx_word' id='word_1_151' title='bbox 294 1524 460 1586; x_wconf 82' lang='grc' dir='ltr'>κτίσις,</span> <span class='ocrx_word' id='word_1_152' title='bbox 498 1525 912 1591; x_wconf 82' lang='grc' dir='ltr'>προσκυνουμένου</span> <span class='ocrx_word' id='word_1_153' title='bbox 954 1525 1003 1576; x_wconf 79' lang='grc' dir='ltr'>δὲ</span> <span class='ocrx_word' id='word_1_154' title='bbox 1041 1531 1233 1588; x_wconf 82' lang='grc' dir='ltr'>μᾶλλον</span> <span class='ocrx_word' id='word_1_155' title='bbox 1274 1525 1302 1591; x_wconf 77' lang='grc' dir='ltr'>ἢ</span> <span class='ocrx_word' id='word_1_156' title='bbox 1347 1531 1727 1592; x_wconf 85' lang='grc' dir='ltr'>προσκυνοῦντος</span> <span class='ocrx_word' id='word_1_157' title='bbox 1767 1529 1885 1576; x_wconf 77' lang='grc' dir='ltr'>Υἱοῦ</span> 
     </span>
     <span class='ocr_line' id='line_1_20' title="bbox 295 1605 1885 1676; baseline 0.003 -20"><span class='ocrx_word' id='word_1_158' title='bbox 295 1605 488 1672; x_wconf 87' lang='grc' dir='ltr'>Πατέρα</span> <span class='ocrx_word' id='word_1_159' title='bbox 513 1611 765 1658; x_wconf 86' lang='grc' dir='ltr'>καλεῖσθαι</span> <span class='ocrx_word' id='word_1_160' title='bbox 792 1610 865 1658; x_wconf 80' lang='grc' dir='ltr'>καὶ</span> <span class='ocrx_word' id='word_1_161' title='bbox 893 1607 1007 1658; x_wconf 79' lang='grc' dir='ltr'>εἶναι</span> <span class='ocrx_word' id='word_1_162' title='bbox 1034 1612 1091 1676; x_wconf 84' lang='grc' dir='ltr'>τῇ</span> <span class='ocrx_word' id='word_1_163' title='bbox 1121 1607 1294 1676; x_wconf 82' lang='grc' dir='ltr'>φύσει;</span> <span class='ocrx_word' id='word_1_164' title='bbox 1326 1607 1437 1658; x_wconf 81' lang='grc' dir='ltr'>ἀλλ’</span> <span class='ocrx_word' id='word_1_165' title='bbox 1465 1606 1592 1670; x_wconf 75' lang='grc' dir='ltr'>οἶμαι</span> <span class='ocrx_word' id='word_1_166' title='bbox 1617 1613 1712 1661; x_wconf 89' lang='grc' dir='ltr'>τοῖς</span> <span class='ocrx_word' id='word_1_167' title='bbox 1739 1607 1885 1675; x_wconf 81' lang='grc' dir='ltr'>ὅντως</span> 
     </span>
     <span class='ocr_line' id='line_1_21' title="bbox 247 1688 1885 1758; baseline 0.002 -20"><span class='ocrx_word' id='word_1_168' title='bbox 247 1689 273 1729; x_wconf 80' lang='lat' dir='ltr'><strong>b</strong></span> <span class='ocrx_word' id='word_1_169' title='bbox 293 1693 464 1756; x_wconf 79' lang='grc' dir='ltr'>σοφοῖς</span> <span class='ocrx_word' id='word_1_170' title='bbox 492 1690 574 1740; x_wconf 80' lang='grc' dir='ltr'>οὐκ</span> <span class='ocrx_word' id='word_1_171' title='bbox 607 1688 852 1758; x_wconf 75' lang='grc' dir='ltr'>ἀπᾴδοντα</span> <span class='ocrx_word' id='word_1_172' title='bbox 883 1690 1052 1756; x_wconf 85' lang='grc' dir='ltr'>λέγειν.</span> <span class='ocrx_word' id='word_1_173' title='bbox 1110 1696 1211 1745; x_wconf 81' lang='grc' dir='ltr'>πῶς</span> <span class='ocrx_word' id='word_1_174' title='bbox 1239 1691 1286 1742; x_wconf 76' lang='grc' dir='ltr'>δὲ</span> <span class='ocrx_word' id='word_1_175' title='bbox 1315 1692 1390 1741; x_wconf 81' lang='grc' dir='ltr'>καὶ</span> <span class='ocrx_word' id='word_1_176' title='bbox 1415 1692 1608 1757; x_wconf 82' lang='grc' dir='ltr'>πρέπειν</span> <span class='ocrx_word' id='word_1_177' title='bbox 1635 1690 1885 1757; x_wconf 82' lang='grc' dir='ltr'>ὁριούμεθα</span> 
     </span>
     <span class='ocr_line' id='line_1_22' title="bbox 293 1771 1881 1839; baseline 0.001 -19"><span class='ocrx_word' id='word_1_178' title='bbox 293 1776 666 1836; x_wconf 78' lang='grc' dir='ltr'>προσκυνεῖσθαι</span> <span class='ocrx_word' id='word_1_179' title='bbox 716 1771 845 1839; x_wconf 78' lang='grc' dir='ltr'>παρὰ</span> <span class='ocrx_word' id='word_1_180' title='bbox 895 1778 978 1824; x_wconf 87' lang='grc' dir='ltr'>τοῦ</span> <span class='ocrx_word' id='word_1_181' title='bbox 1033 1774 1148 1824; x_wconf 79' lang='grc' dir='ltr'>ἰδίου</span> <span class='ocrx_word' id='word_1_182' title='bbox 1199 1773 1489 1839; x_wconf 82' lang='grc' dir='ltr'>γεννήματος</span> <span class='ocrx_word' id='word_1_183' title='bbox 1538 1771 1621 1824; x_wconf 79' lang='grc' dir='ltr'>τὸν</span> <span class='ocrx_word' id='word_1_184' title='bbox 1672 1773 1881 1837; x_wconf 69' lang='grc' dir='ltr'>Πατερα,</span> 
     </span>
     <span class='ocr_line' id='line_1_23' title="bbox 294 1853 1956 1923; baseline 0.002 -21"><span class='ocrx_word' id='word_1_185' title='bbox 294 1853 533 1913; x_wconf 84' lang='grc' dir='ltr'>τοσαύτην</span> <span class='ocrx_word' id='word_1_186' title='bbox 567 1854 891 1918; x_wconf 85' lang='grc' dir='ltr'>ὑπομενούσης</span> <span class='ocrx_word' id='word_1_187' title='bbox 926 1854 1092 1920; x_wconf 71' lang='grc' dir='ltr'>ζημίαν</span> <span class='ocrx_word' id='word_1_188' title='bbox 1128 1858 1210 1919; x_wconf 81' lang='grc' dir='ltr'>τῆς</span> <span class='ocrx_word' id='word_1_189' title='bbox 1250 1855 1317 1906; x_wconf 83' lang='grc' dir='ltr'>ἐπ’</span> <span class='ocrx_word' id='word_1_190' title='bbox 1348 1857 1527 1923; x_wconf 83' lang='grc' dir='ltr'>ἀμφοῖν</span> <span class='ocrx_word' id='word_1_191' title='bbox 1557 1854 1878 1923; x_wconf 70' lang='grc' dir='ltr'>ὑπολήψεως3</span> <span class='ocrx_word' id='word_1_192' title='bbox 1907 1880 1956 1906; x_wconf 93' lang='lat'>20</span> 
     </span>
     <span class='ocr_line' id='line_1_24' title="bbox 295 1935 1882 2005; baseline 0.001 -20"><span class='ocrx_word' id='word_1_193' title='bbox 295 1939 484 2000; x_wconf 80' lang='grc' dir='ltr'>πρῶτον</span> <span class='ocrx_word' id='word_1_194' title='bbox 510 1935 593 1998; x_wconf 78' lang='grc' dir='ltr'>μὲν</span> <span class='ocrx_word' id='word_1_195' title='bbox 620 1935 713 2001; x_wconf 82' lang='grc' dir='ltr'>γὰρ</span> <span class='ocrx_word' id='word_1_196' title='bbox 742 1937 844 1986; x_wconf 75' lang='grc' dir='ltr'>οὔτε</span> <span class='ocrx_word' id='word_1_197' title='bbox 871 1938 919 1986; x_wconf 84' lang='grc' dir='ltr'>ἐν</span> <span class='ocrx_word' id='word_1_198' title='bbox 948 1935 1131 2000; x_wconf 78' lang='grc' dir='ltr'>ἰσότητι</span> <span class='ocrx_word' id='word_1_199' title='bbox 1160 1940 1242 2000; x_wconf 79' lang='grc' dir='ltr'>τῆς</span> <span class='ocrx_word' id='word_1_200' title='bbox 1272 1937 1418 2005; x_wconf 72' lang='grc' dir='ltr'>ἀξίας,</span> <span class='ocrx_word' id='word_1_201' title='bbox 1447 1938 1549 1987; x_wconf 77' lang='grc' dir='ltr'>οὔτε</span> <span class='ocrx_word' id='word_1_202' title='bbox 1585 1939 1633 1987; x_wconf 85' lang='grc' dir='ltr'>ἐν</span> <span class='ocrx_word' id='word_1_203' title='bbox 1659 1939 1882 2003; x_wconf 80' lang='grc' dir='ltr'>ἀπαραλ-</span> 
     </span>
     <span class='ocr_line' id='line_1_25' title="bbox 297 2015 1883 2088; baseline 0.002 -22"><span class='ocrx_word' id='word_1_204' title='bbox 297 2015 458 2086; x_wconf 80' lang='grc' dir='ltr'>λάκτῳ</span> <span class='ocrx_word' id='word_1_205' title='bbox 498 2020 580 2081; x_wconf 82' lang='grc' dir='ltr'>τῆς</span> <span class='ocrx_word' id='word_1_206' title='bbox 619 2017 810 2086; x_wconf 79' lang='grc' dir='ltr'>φύσεως</span> <span class='ocrx_word' id='word_1_207' title='bbox 849 2017 987 2069; x_wconf 80' lang='grc' dir='ltr'>εἰκόνι</span> <span class='ocrx_word' id='word_1_208' title='bbox 1024 2018 1078 2069; x_wconf 85' lang='grc' dir='ltr'>τὸ</span> <span class='ocrx_word' id='word_1_209' title='bbox 1117 2017 1181 2082; x_wconf 86' lang='grc' dir='ltr'>μὴ</span> <span class='ocrx_word' id='word_1_210' title='bbox 1219 2024 1521 2084; x_wconf 81' lang='grc' dir='ltr'>προσκυνοῦν</span> <span class='ocrx_word' id='word_1_211' title='bbox 1563 2023 1629 2088; x_wconf 75' lang='grc' dir='ltr'>τῷ</span> <span class='ocrx_word' id='word_1_212' title='bbox 1666 2041 1883 2085; x_wconf 90' lang='grc' dir='ltr'>προσκυ-</span> 
     </span>
     <span class='ocr_line' id='line_1_26' title="bbox 299 2099 1887 2167; baseline 0.002 -18"><span class='ocrx_word' id='word_1_213' title='bbox 299 2104 453 2149; x_wconf 82' lang='grc' dir='ltr'>νοῦντι</span> <span class='ocrx_word' id='word_1_214' title='bbox 479 2101 698 2152; x_wconf 85' lang='grc' dir='ltr'>κείσεται.</span> <span class='ocrx_word' id='word_1_215' title='bbox 737 2105 999 2166; x_wconf 84' lang='grc' dir='ltr'>προσκυνεῖ</span> <span class='ocrx_word' id='word_1_216' title='bbox 1019 2099 1112 2167; x_wconf 80' lang='grc' dir='ltr'>γὰρ</span> <span class='ocrx_word' id='word_1_217' title='bbox 1138 2102 1200 2154; x_wconf 86' lang='grc' dir='ltr'>ὡς</span> <span class='ocrx_word' id='word_1_218' title='bbox 1225 2099 1450 2162; x_wconf 80' lang='grc' dir='ltr'>ἐλάττων,</span> <span class='ocrx_word' id='word_1_219' title='bbox 1474 2106 1550 2151; x_wconf 88' lang='grc' dir='ltr'>καὶ</span> <span class='ocrx_word' id='word_1_220' title='bbox 1578 2102 1630 2152; x_wconf 82' lang='grc' dir='ltr'>οὑ</span> <span class='ocrx_word' id='word_1_221' title='bbox 1653 2100 1887 2165; x_wconf 87' lang='grc' dir='ltr'>ποσότητι</span> 
     </span>
     <span class='ocr_line' id='line_1_27' title="bbox 298 2180 1887 2251; baseline 0.003 -22"><span class='ocrx_word' id='word_1_222' title='bbox 298 2181 527 2247; x_wconf 84' lang='grc' dir='ltr'>μετρητὸς</span> <span class='ocrx_word' id='word_1_223' title='bbox 557 2185 616 2249; x_wconf 85' lang='grc' dir='ltr'>τῇ</span> <span class='ocrx_word' id='word_1_224' title='bbox 651 2180 771 2233; x_wconf 78' lang='grc' dir='ltr'>κατά</span> <span class='ocrx_word' id='word_1_225' title='bbox 798 2205 841 2233; x_wconf 88' lang='grc' dir='ltr'>τι</span> <span class='ocrx_word' id='word_1_226' title='bbox 867 2187 961 2233; x_wconf 83' lang='grc' dir='ltr'>τῶν</span> <span class='ocrx_word' id='word_1_227' title='bbox 987 2182 1415 2251; x_wconf 89' lang='grc' dir='ltr'>προσπεφυκότων·</span> <span class='ocrx_word' id='word_1_228' title='bbox 1460 2184 1512 2233; x_wconf 84' lang='grc' dir='ltr'>οὐ</span> <span class='ocrx_word' id='word_1_229' title='bbox 1549 2181 1642 2248; x_wconf 80' lang='grc' dir='ltr'>γὰρ</span> <span class='ocrx_word' id='word_1_230' title='bbox 1676 2183 1887 2234; x_wconf 79' lang='grc' dir='ltr'>ἐλάττων</span> 
     </span>
     <span class='ocr_line' id='line_1_28' title="bbox 300 2262 1957 2334; baseline 0.003 -22"><span class='ocrx_word' id='word_1_231' title='bbox 300 2262 435 2312; x_wconf 77' lang='grc' dir='ltr'>ε”σται</span> <span class='ocrx_word' id='word_1_232' title='bbox 464 2262 585 2317; x_wconf 76' lang='grc' dir='ltr'>Θεὸς</span> <span class='ocrx_word' id='word_1_233' title='bbox 621 2262 649 2328; x_wconf 77' lang='grc' dir='ltr'>ἢ</span> <span class='ocrx_word' id='word_1_234' title='bbox 688 2263 877 2330; x_wconf 82' lang='grc' dir='ltr'>Κύριος·</span> <span class='ocrx_word' id='word_1_235' title='bbox 921 2266 1030 2315; x_wconf 87' lang='grc' dir='ltr'>ἀλλ’</span> <span class='ocrx_word' id='word_1_236' title='bbox 1061 2266 1122 2318; x_wconf 86' lang='grc' dir='ltr'>ὡς</span> <span class='ocrx_word' id='word_1_237' title='bbox 1158 2264 1252 2333; x_wconf 78' lang='grc' dir='ltr'>ὅρῳ</span> <span class='ocrx_word' id='word_1_238' title='bbox 1290 2264 1526 2332; x_wconf 82' lang='grc' dir='ltr'>διαφέρων</span> <span class='ocrx_word' id='word_1_239' title='bbox 1551 2268 1617 2334; x_wconf 74' lang='grc' dir='ltr'>τῷ</span> <span class='ocrx_word' id='word_1_240' title='bbox 1651 2264 1770 2315; x_wconf 81' lang='grc' dir='ltr'>κατὰ</span> <span class='ocrx_word' id='word_1_241' title='bbox 1804 2264 1886 2316; x_wconf 79' lang='grc' dir='ltr'>τὸν</span> <span class='ocrx_word' id='word_1_242' title='bbox 1909 2292 1957 2330; x_wconf 89' lang='lat'>25</span> 
     </span>
     <span class='ocr_line' id='line_1_29' title="bbox 262 2343 1888 2415; baseline 0.002 -20"><span class='ocrx_word' id='word_1_243' title='bbox 262 2350 384 2395; x_wconf 75' lang='grc' dir='ltr'>οτοῦ</span> <span class='ocrx_word' id='word_1_244' title='bbox 419 2349 520 2399; x_wconf 83' lang='grc' dir='ltr'>πῶς</span> <span class='ocrx_word' id='word_1_245' title='bbox 555 2343 668 2396; x_wconf 75' lang='grc' dir='ltr'>εἶναι</span> <span class='ocrx_word' id='word_1_246' title='bbox 704 2345 864 2412; x_wconf 92' lang='grc' dir='ltr'>λόγον.</span> <span class='ocrx_word' id='word_1_247' title='bbox 918 2344 1016 2397; x_wconf 76' lang='grc' dir='ltr'>εἶτα</span> <span class='ocrx_word' id='word_1_248' title='bbox 1052 2351 1152 2400; x_wconf 82' lang='grc' dir='ltr'>πῶς</span> <span class='ocrx_word' id='word_1_249' title='bbox 1186 2346 1368 2410; x_wconf 83' lang='grc' dir='ltr'>ἀληθὴς</span> <span class='ocrx_word' id='word_1_250' title='bbox 1401 2348 1705 2415; x_wconf 85' lang='grc' dir='ltr'>ἀναφανεῖται</span> <span class='ocrx_word' id='word_1_251' title='bbox 1732 2346 1888 2412; x_wconf 87' lang='grc' dir='ltr'>λέγων</span> 
     </span>
     <span class='ocr_line' id='line_1_30' title="bbox 75 2417 1888 2502; baseline 0.002 -25"><span class='ocrx_word' id='word_1_252' title='bbox 75 2417 187 2502; x_wconf 47' lang='lat'>{¹1¹3}</span> <span class='ocrx_word' id='word_1_253' title='bbox 303 2434 330 2455; x_wconf 75' lang='lat'>‘⁶</span> <span class='ocrx_word' id='word_1_254' title='bbox 355 2426 418 2477; x_wconf 73' lang='lat' dir='ltr'>‘O</span> <span class='ocrx_word' id='word_1_255' title='bbox 463 2427 677 2493; x_wconf 82' lang='grc' dir='ltr'>ἑωρακὼς</span> <span class='ocrx_word' id='word_1_256' title='bbox 721 2427 799 2491; x_wconf 80' lang='grc' dir='ltr'>ἐμὲ</span> <span class='ocrx_word' id='word_1_257' title='bbox 842 2428 1014 2494; x_wconf 81' lang='grc' dir='ltr'>ἑώρακε</span> <span class='ocrx_word' id='word_1_258' title='bbox 1059 2428 1141 2479; x_wconf 84' lang='grc' dir='ltr'>τὸν</span> <span class='ocrx_word' id='word_1_259' title='bbox 1186 2428 1375 2495; x_wconf 84' lang='grc' dir='ltr'>Πατέρα</span> <span class='ocrx_word' id='word_1_260' title='bbox 1394 2430 1435 2490; x_wconf 84' lang='lat'>;’&#39;</span> <span class='ocrx_word' id='word_1_261' title='bbox 1481 2434 1582 2483; x_wconf 81' lang='grc' dir='ltr'>πῶς</span> <span class='ocrx_word' id='word_1_262' title='bbox 1628 2429 1676 2480; x_wconf 76' lang='grc' dir='ltr'>δὲ</span> <span class='ocrx_word' id='word_1_263' title='bbox 1720 2433 1888 2497; x_wconf 84' lang='grc' dir='ltr'>χρῆναι</span> 
     </span>
     <span class='ocr_line' id='line_1_31' title="bbox 302 2509 1886 2580; baseline 0.003 -21"><span class='ocrx_word' id='word_1_264' title='bbox 302 2510 535 2572; x_wconf 78' lang='grc' dir='ltr'>τιμᾶσθαί</span> <span class='ocrx_word' id='word_1_265' title='bbox 570 2514 721 2578; x_wconf 90' lang='grc' dir='ltr'>φησιν</span> <span class='ocrx_word' id='word_1_266' title='bbox 754 2509 918 2561; x_wconf 84' lang='grc' dir='ltr'>ἑαυτὸν</span> <span class='ocrx_word' id='word_1_267' title='bbox 951 2512 1032 2561; x_wconf 80' lang='grc' dir='ltr'>οὐκ</span> <span class='ocrx_word' id='word_1_268' title='bbox 1067 2512 1115 2561; x_wconf 83' lang='grc' dir='ltr'>ἐν</span> <span class='ocrx_word' id='word_1_269' title='bbox 1147 2510 1362 2561; x_wconf 79' lang='grc' dir='ltr'>ἐλάττονι</span> <span class='ocrx_word' id='word_1_270' title='bbox 1393 2513 1533 2580; x_wconf 71' lang='grc' dir='ltr'>μοίρᾳ</span> <span class='ocrx_word' id='word_1_271' title='bbox 1562 2517 1645 2562; x_wconf 87' lang='grc' dir='ltr'>τοῦ</span> <span class='ocrx_word' id='word_1_272' title='bbox 1682 2511 1886 2577; x_wconf 81' lang='grc' dir='ltr'>Πατρὸς,</span> 
     </span>
     <span class='ocr_line' id='line_1_32' title="bbox 301 2589 1887 2660; baseline 0.003 -19"><span class='ocrx_word' id='word_1_273' title='bbox 301 2589 355 2640; x_wconf 84' lang='grc' dir='ltr'>τὸ</span> <span class='ocrx_word' id='word_1_274' title='bbox 390 2591 496 2641; x_wconf 79' lang='grc' dir='ltr'>ἰ’σον</span> <span class='ocrx_word' id='word_1_275' title='bbox 530 2593 612 2642; x_wconf 85' lang='grc' dir='ltr'>οὐκ</span> <span class='ocrx_word' id='word_1_276' title='bbox 650 2592 771 2659; x_wconf 79' lang='grc' dir='ltr'>ἔχων</span> <span class='ocrx_word' id='word_1_277' title='bbox 803 2594 851 2643; x_wconf 87' lang='grc' dir='ltr'>ἐν</span> <span class='ocrx_word' id='word_1_278' title='bbox 884 2590 1001 2660; x_wconf 77' lang='grc' dir='ltr'>δόξῃ</span> <span class='ocrx_word' id='word_1_279' title='bbox 1036 2592 1156 2643; x_wconf 84' lang='grc' dir='ltr'>κατά</span> <span class='ocrx_word' id='word_1_280' title='bbox 1190 2615 1242 2657; x_wconf 90' lang='grc' dir='ltr'>γε</span> <span class='ocrx_word' id='word_1_281' title='bbox 1279 2592 1361 2643; x_wconf 83' lang='grc' dir='ltr'>τὸν</span> <span class='ocrx_word' id='word_1_282' title='bbox 1392 2599 1474 2644; x_wconf 84' lang='grc' dir='ltr'>τοῦ</span> <span class='ocrx_word' id='word_1_283' title='bbox 1508 2599 1887 2659; x_wconf 85' lang='grc' dir='ltr'>προσκυνοῦντος</span> 
     </span>
     <span class='ocr_line' id='line_1_33' title="bbox 300 2672 1958 2743; baseline 0.002 -20"><span class='ocrx_word' id='word_1_284' title='bbox 300 2672 477 2738; x_wconf 65' lang='grc' dir='ltr'>λόγον,</span> <span class='ocrx_word' id='word_1_285' title='bbox 529 2672 627 2724; x_wconf 74' lang='grc' dir='ltr'>εἶτα</span> <span class='ocrx_word' id='word_1_286' title='bbox 665 2673 783 2740; x_wconf 81' lang='grc' dir='ltr'>πρὸς</span> <span class='ocrx_word' id='word_1_287' title='bbox 822 2674 985 2743; x_wconf 76' lang='grc' dir='ltr'>τούτῳ,</span> <span class='ocrx_word' id='word_1_288' title='bbox 1013 2676 1086 2724; x_wconf 79' lang='grc' dir='ltr'>καὶ</span> <span class='ocrx_word' id='word_1_289' title='bbox 1127 2674 1265 2728; x_wconf 83' lang='grc' dir='ltr'>αὐτὸς</span> <span class='ocrx_word' id='word_1_290' title='bbox 1305 2675 1413 2738; x_wconf 82' lang='grc' dir='ltr'>ἡμῖν</span> <span class='ocrx_word' id='word_1_291' title='bbox 1446 2676 1469 2724; x_wconf 83' lang='grc' dir='ltr'><strong>ὁ</strong></span> <span class='ocrx_word' id='word_1_292' title='bbox 1505 2675 1674 2740; x_wconf 88' lang='grc' dir='ltr'>Πατὴρ</span> <span class='ocrx_word' id='word_1_293' title='bbox 1714 2677 1767 2726; x_wconf 84' lang='grc' dir='ltr'>οὐ</span> <span class='ocrx_word' id='word_1_294' title='bbox 1805 2679 1887 2739; x_wconf 85' lang='grc' dir='ltr'>τῆς</span> <span class='ocrx_word' id='word_1_295' title='bbox 1910 2702 1958 2738; x_wconf 84' lang='lat'>30</span> 
     </span>
    </p>
   </div>
   <div class='ocr_carea' id='block_1_5' title="bbox 352 2802 1886 2849">
    <p class='ocr_par' dir='ltr' id='par_1_8' title="bbox 352 2802 1886 2849">
     <span class='ocr_line' id='line_1_34' title="bbox 352 2802 1886 2849; baseline 0.003 -14"><span class='ocrx_word' id='word_1_296' title='bbox 352 2813 380 2836; x_wconf 84' lang='grc' dir='ltr'>Ι.</span> <span class='ocrx_word' id='word_1_297' title='bbox 400 2802 562 2844; x_wconf 78' lang='grc' dir='ltr'>ἐθελῆσαι</span> <span class='ocrx_word' id='word_1_298' title='bbox 579 2802 624 2835; x_wconf 92' lang='lat' dir='ltr'>D.</span> <span class='ocrx_word' id='word_1_299' title='bbox 698 2813 731 2846; x_wconf 84' lang='lat'>3.</span> <span class='ocrx_word' id='word_1_300' title='bbox 749 2802 900 2837; x_wconf 83' lang='grc' dir='ltr'>κωλύσαι</span> <span class='ocrx_word' id='word_1_301' title='bbox 919 2803 972 2836; x_wconf 85' lang='grc' dir='ltr'>καὶ</span> <span class='ocrx_word' id='word_1_302' title='bbox 989 2803 1124 2846; x_wconf 85' lang='grc' dir='ltr'>ἑτέρους</span> <span class='ocrx_word' id='word_1_303' title='bbox 1141 2802 1207 2837; x_wconf 86' lang='lat' dir='ltr'>hoc</span> <span class='ocrx_word' id='word_1_304' title='bbox 1226 2803 1346 2837; x_wconf 82' lang='lat' dir='ltr'>ordine</span> <span class='ocrx_word' id='word_1_305' title='bbox 1367 2804 1408 2837; x_wconf 87' lang='lat' dir='ltr'>B.</span> <span class='ocrx_word' id='word_1_306' title='bbox 1428 2805 1481 2838; x_wconf 83' lang='grc' dir='ltr'>καὶ</span> <span class='ocrx_word' id='word_1_307' title='bbox 1499 2804 1631 2849; x_wconf 82' lang='grc' dir='ltr'>ἑτέρους</span> <span class='ocrx_word' id='word_1_308' title='bbox 1649 2804 1800 2839; x_wconf 79' lang='grc' dir='ltr'>κωλύσαι</span> <span class='ocrx_word' id='word_1_309' title='bbox 1819 2804 1886 2840; x_wconf 84' lang='lat' dir='ltr'>Ed.</span> 
     </span>
    </p>
   </div>
   <div class='ocr_carea' id='block_1_6' title="bbox 300 2848 1887 2990">
    <p class='ocr_par' dir='ltr' id='par_1_9' title="bbox 300 2848 1887 2990">
     <span class='ocr_line' id='line_1_35' title="bbox 301 2848 1886 2895; baseline 0.002 -13"><span class='ocrx_word' id='word_1_310' title='bbox 301 2862 333 2891; x_wconf 87' lang='lat'>4.</span> <span class='ocrx_word' id='word_1_311' title='bbox 361 2848 538 2889; x_wconf 78' lang='grc' dir='ltr'>εὐσέβειαν</span> <span class='ocrx_word' id='word_1_312' title='bbox 559 2848 598 2883; x_wconf 86' lang='grc' dir='ltr'>Β.</span> <span class='ocrx_word' id='word_1_313' title='bbox 618 2849 798 2888; x_wconf 77' lang='grc' dir='ltr'>εὐλάβειαν</span> <span class='ocrx_word' id='word_1_314' title='bbox 817 2849 882 2883; x_wconf 87' lang='lat' dir='ltr'>Ed.</span> <span class='ocrx_word' id='word_1_315' title='bbox 1031 2861 1083 2883; x_wconf 94' lang='lat'>11.</span> <span class='ocrx_word' id='word_1_316' title='bbox 1109 2851 1172 2893; x_wconf 82' lang='grc' dir='ltr'>σῆς</span> <span class='ocrx_word' id='word_1_317' title='bbox 1190 2856 1413 2894; x_wconf 78' lang='lat' dir='ltr'><strong>assumptum</strong></span> <span class='ocrx_word' id='word_1_318' title='bbox 1431 2863 1472 2885; x_wconf 85' lang='lat' dir='ltr'>ex</span> <span class='ocrx_word' id='word_1_319' title='bbox 1491 2851 1538 2885; x_wconf 92' lang='lat' dir='ltr'>D.</span> <span class='ocrx_word' id='word_1_320' title='bbox 1696 2863 1745 2894; x_wconf 86' lang='lat'>[4.</span> <span class='ocrx_word' id='word_1_321' title='bbox 1773 2850 1824 2895; x_wconf 78' lang='grc' dir='ltr'>οἵῃ</span> <span class='ocrx_word' id='word_1_322' title='bbox 1845 2851 1886 2885; x_wconf 90' lang='grc' dir='ltr'>Β.</span> 
     </span>
     <span class='ocr_line' id='line_1_36' title="bbox 300 2894 1887 2943; baseline 0.002 -15"><span class='ocrx_word' id='word_1_323' title='bbox 300 2894 400 2937; x_wconf 76' lang='grc' dir='ltr'>υἷήσῃ</span> <span class='ocrx_word' id='word_1_324' title='bbox 419 2895 486 2930; x_wconf 89' lang='lat' dir='ltr'>Ed.</span> <span class='ocrx_word' id='word_1_325' title='bbox 588 2939 593 2943; x_wconf 25' lang='lat'><strong><em>³</em></strong></span> <span class='ocrx_word' id='word_1_326' title='bbox 644 2906 697 2940; x_wconf 86' lang='lat'>15.</span> <span class='ocrx_word' id='word_1_327' title='bbox 722 2898 907 2941; x_wconf 83' lang='grc' dir='ltr'>προσκυνεῖ</span> <span class='ocrx_word' id='word_1_328' title='bbox 924 2902 1003 2941; x_wconf 85' lang='lat' dir='ltr'>post</span> <span class='ocrx_word' id='word_1_329' title='bbox 1021 2897 1130 2931; x_wconf 82' lang='grc' dir='ltr'>κτίσις</span> <span class='ocrx_word' id='word_1_330' title='bbox 1148 2897 1345 2941; x_wconf 84' lang='lat' dir='ltr'>transponit</span> <span class='ocrx_word' id='word_1_331' title='bbox 1366 2897 1405 2932; x_wconf 84' lang='grc' dir='ltr'>Β.</span> <span class='ocrx_word' id='word_1_332' title='bbox 1562 2898 1614 2932; x_wconf 90' lang='lat'>16.</span> <span class='ocrx_word' id='word_1_333' title='bbox 1641 2898 1834 2943; x_wconf 88' lang='lat' dir='ltr'>Assumpta</span> <span class='ocrx_word' id='word_1_334' title='bbox 1852 2898 1887 2931; x_wconf 87' lang='grc' dir='ltr'>δέ</span> 
     </span>
     <span class='ocr_line' id='line_1_37' title="bbox 300 2941 1885 2990; baseline 0.003 -15"><span class='ocrx_word' id='word_1_335' title='bbox 300 2953 340 2974; x_wconf 81' lang='lat' dir='ltr'>ex</span> <span class='ocrx_word' id='word_1_336' title='bbox 362 2941 416 2981; x_wconf 65' lang='lat' dir='ltr'>B„</span> <span class='ocrx_word' id='word_1_337' title='bbox 434 2943 515 2976; x_wconf 85' lang='grc' dir='ltr'>Υἱοῦ</span> <span class='ocrx_word' id='word_1_338' title='bbox 533 2954 574 2976; x_wconf 82' lang='lat' dir='ltr'>ex</span> <span class='ocrx_word' id='word_1_339' title='bbox 596 2942 688 2977; x_wconf 79' lang='lat' dir='ltr'><strong>B.D.</strong></span> <span class='ocrx_word' id='word_1_340' title='bbox 833 2954 886 2977; x_wconf 90' lang='lat'>22.</span> <span class='ocrx_word' id='word_1_341' title='bbox 913 2944 951 2977; x_wconf 86' lang='grc' dir='ltr'>τὸ</span> <span class='ocrx_word' id='word_1_342' title='bbox 973 2943 1017 2987; x_wconf 88' lang='grc' dir='ltr'>μὴ</span> <span class='ocrx_word' id='word_1_343' title='bbox 1035 2945 1248 2987; x_wconf 82' lang='grc' dir='ltr'>προσκυνοῦν</span> <span class='ocrx_word' id='word_1_344' title='bbox 1264 2946 1310 2990; x_wconf 80' lang='grc' dir='ltr'>τῷ</span> <span class='ocrx_word' id='word_1_345' title='bbox 1332 2944 1372 2978; x_wconf 83' lang='grc' dir='ltr'>Β.</span> <span class='ocrx_word' id='word_1_346' title='bbox 1390 2946 1437 2990; x_wconf 77' lang='grc' dir='ltr'>τῷ</span> <span class='ocrx_word' id='word_1_347' title='bbox 1454 2945 1499 2988; x_wconf 92' lang='grc' dir='ltr'>μὴ</span> <span class='ocrx_word' id='word_1_348' title='bbox 1520 2944 1585 2979; x_wconf 87' lang='lat' dir='ltr'>Ed.</span> <span class='ocrx_word' id='word_1_349' title='bbox 1739 2954 1794 2989; x_wconf 84' lang='lat'>25.</span> <span class='ocrx_word' id='word_1_350' title='bbox 1820 2944 1885 2990; x_wconf 79' lang='grc' dir='ltr'>τῷ]</span> 
     </span>
    </p>
   </div>
   <div class='ocr_carea' id='block_1_7' title="bbox 300 2988 1364 3034">
    <p class='ocr_par' dir='ltr' id='par_1_10' title="bbox 300 2988 1364 3034">
     <span class='ocr_line' id='line_1_38' title="bbox 300 2988 1364 3034; baseline 0.005 -13"><span class='ocrx_word' id='word_1_351' title='bbox 300 2990 359 3021; x_wconf 72' lang='grc' dir='ltr'>τοῦ</span> <span class='ocrx_word' id='word_1_352' title='bbox 380 2988 421 3021; x_wconf 87' lang='lat' dir='ltr'>B.</span> <span class='ocrx_word' id='word_1_353' title='bbox 567 2989 620 3023; x_wconf 80' lang='lat'>26.</span> <span class='ocrx_word' id='word_1_354' title='bbox 647 2989 865 3034; x_wconf 79' lang='grc' dir='ltr'>ἀναφανεῖται</span> <span class='ocrx_word' id='word_1_355' title='bbox 883 2989 1010 3034; x_wconf 76' lang='grc' dir='ltr'>ἀληθὴς</span> <span class='ocrx_word' id='word_1_356' title='bbox 1027 2991 1165 3024; x_wconf 79' lang='lat' dir='ltr'>inverso</span> <span class='ocrx_word' id='word_1_357' title='bbox 1182 2989 1302 3024; x_wconf 81' lang='lat' dir='ltr'>ordine</span> <span class='ocrx_word' id='word_1_358' title='bbox 1324 2991 1364 3026; x_wconf 87' lang='grc' dir='ltr'>Β.</span> 
     </span>
    </p>
   </div>
  </div>
 </body>
</html>
