2084 3317
119 134 188 175 vii.
210 148 274 188 24.
338 137 413 178 IN
455 139 496 180 S.
531 140 865 181 JOANNEM.
930 140 1053 180 LIB.
1088 141 1166 181 IV.
1230 141 1362 182 CAP.
1387 143 1490 183 ΥΙΙ.
1624 145 1707 184 639

116 267 246 307 μενα.
313 245 543 314 δεξόμεθα
588 248 680 314 γὰρ
720 251 934 314 οὐδαμῶς
975 249 1061 312 τὴν
1102 249 1177 300 διὰ
1221 256 1303 300 τοῦ
1345 250 1619 313 Πνεύματος
1658 255 1706 302 ἐν

116 329 284 395 καρδίᾳ
319 329 588 394 περιτομὴν,
615 332 745 382 οὔπω
779 329 862 382 τὸν
895 330 1126 394 μυστικὸν
1161 332 1552 392 διαβιβασθέντες
1578 334 1700 397 Ἰορ-

116 407 274 472 δάνην,
306 411 417 460 ἀλλ’
451 411 660 463 ἔπε’κεινα
697 412 942 479 γεγονότες
979 418 1074 464 τῶν
1112 413 1260 479 ἁγίων
1300 413 1494 466 ὑδάτων.
1549 414 1704 478 ἐπειδὴ

115 488 165 540 δὲ
198 492 484 558 περιετμήθη
518 499 610 548 πᾶς
647 496 672 545 ὁ
707 495 824 548 λαὸς
860 494 936 546 διὰ
971 495 1346 563 προστάγματος
1370 496 1547 560 Ἰησοῦ,
1574 496 1628 547 τὸ
1655 498 1705 548 ἐκ

73 577 197 629 5τοῦ
235 573 513 639 πράγματος
552 576 683 630 εὐθὺς
722 577 1044 629 ἀνακαλύπτει
1083 577 1324 645 χρήσιμον
1363 578 1387 628 ὁ
1424 578 1697 643 νομοθέτης,
1720 600 1740 623 a
1775 591 1858 627 437
1872 592 1923 626 A·

113 654 196 704 καί
228 659 353 723 φησι
391 657 510 723 πρὸς
548 658 631 709 τὸν
665 657 802 725 ἅγιον
826 657 1017 724 Ἰησοῦν
1044 666 1070 689 “
1092 661 1179 710 Ἐν
1214 661 1272 727 τῇ
1308 658 1519 726 σήμερον
1555 660 1702 730 ἡμέρᾳ
1761 673 1832 705 «ΤΟ-ς·
1848 686 1876 705 v.
1893 684 1924 716 9·

114 737 369 806 “οἰφεῖλον
389 739 471 790 τὸν
492 740 761 805 ὀνειδισμον
780 741 1024 807 Αἰγύπτου
1051 743 1132 810 ἀφ’
1158 742 1301 805 ὑμῶν.
1304 742 1328 758 ”
1369 744 1443 793 ε’πι
1470 744 1596 793 τίσιν
1620 744 1702 794 οὖν

112 819 205 885 ἄρα
238 818 321 871 τὸν
347 821 551 887 Ἰσραὴλ
588 825 880 891 ὠφελεῖσθαι
911 823 1129 886 δώσομεν
1153 825 1260 890 περὶ
1296 826 1379 887 τῆς
1411 828 1695 891 περιτομῆς·
1683 867 1696 888 ,

110 898 140 965 ἢ
171 907 306 953 ποῖον
331 902 473 954 αὐτον
499 903 766 967 ὀνειδισμον
793 906 1106 973 ἀφαιρεθῆναι
1137 913 1327 973 φαμεν·
1316 946 1328 968 ,
1372 905 1458 970 τὴν
1485 908 1701 958 δουλείαν

45 1006 92 1031 10
111 982 343 1047 δηλονότι,
384 1008 459 1036 και
497 985 552 1037 τὸ
592 987 650 1055 ἐξ
684 987 929 1041 ἀσθενείας
967 988 1153 1050 ἕτοιμον
1188 992 1250 1041 εἷς
1288 989 1583 1057 πλεονεξίαν,
1624 1013 1700 1058 και

109 1065 306 1130 προσέτι
353 1066 524 1121 πόνους
571 1067 680 1122 τοὺς
718 1070 792 1120 ἐπὶ
831 1073 973 1138 πηλῷ
1012 1072 1086 1120 καὶ
1125 1070 1359 1138 πλινθείᾳ.
1419 1071 1531 1139 ὁρᾷς
1570 1070 1700 1122 ὅσων

109 1148 405 1200 ἀπαλλάττει
442 1154 598 1201 κακῶν
629 1153 712 1215 τῆς
745 1153 793 1201 ἐν
828 1151 1057 1214 πνεύματι
1097 1152 1347 1216 νοουμένης
1381 1156 1632 1218 περιτομῆς
1669 1154 1697 1218 ἡ

108 1229 332 1293 δύναμις,
375 1231 556 1301 ἐξέλκει
582 1232 668 1294 μὲν
694 1232 789 1299 γὰρ
824 1236 906 1297 τῆς
941 1240 1023 1284 τοῦ
1059 1233 1288 1295 διαβόλου
1325 1233 1477 1302 χειρὸς
1503 1234 1589 1299 τὴν
1614 1241 1697 1286 τοῦ

107 1312 358 1377 ἀνθρώπου
393 1312 570 1381 ψυχὴν,
597 1315 848 1382 ἐλευθέραν
879 1318 955 1367 καὶ
991 1317 1232 1380 ἀνειμένην
1256 1319 1339 1381 τῆς
1374 1317 1695 1382 τυραννούσης
1714 1329 1740 1369 b

41 1413 88 1451 15
107 1394 155 1443 ἐν
187 1394 296 1457 ἡμῖν
331 1396 561 1461 ἁμαρτίας
595 1398 828 1460 ἀποτελεῖ,
864 1399 938 1448 καὶ
977 1399 1255 1467 πλεονεξίας
1294 1398 1486 1463 ἁπάσης
1524 1402 1606 1462 τῆς
1645 1402 1695 1450 ἐκ

104 1481 324 1541 πονηρῶν
362 1478 614 1541 δαιμονίων
653 1480 823 1542 ἀμείνω
863 1480 1071 1530 δεικνύει.
1127 1480 1258 1531 ἀλλὰ
1301 1482 1376 1531 καὶ
1417 1487 1574 1545 πηλοῦ
1619 1485 1694 1532 καὶ

104 1559 346 1613 πλινθειάς
372 1560 572 1624 ἀνίησιν,
600 1561 653 1611 οὐ
679 1560 772 1627 γὰρ
799 1561 865 1612 ἔτι
891 1567 990 1615 ταῖς
1016 1565 1099 1626 τῆς
1125 1563 1303 1628 σαρκὸς
1329 1564 1693 1627 μεμολυσμένον

103 1641 303 1704 ἡδοναῖς,
325 1641 353 1707 ἢ
378 1647 474 1696 τοῖς
499 1645 602 1709 περὶ
628 1646 718 1709 γῆν
742 1644 1155 1712 ἐγκαταφύρεσθαι
1181 1645 1339 1699 πόνοις
1365 1647 1431 1714 ε’ᾇ,
1459 1647 1698 1713 ἐλευθεροῖ

105 1720 152 1773 δὲ
176 1725 252 1774 καὶ
277 1723 482 1775 θανάτου
508 1727 583 1775 καὶ
611 1730 806 1795 φθορᾶς,
834 1731 910 1777 καὶ
937 1727 1020 1777 οὐκ
1046 1729 1093 1778 ἐν
1119 1729 1299 1782 τούτοις
1326 1727 1418 1778 ὅλα
1443 1727 1502 1778 τὰ
1528 1731 1577 1780 ἐκ
1608 1733 1690 1793 τῆς

35 1826 84 1852 20
103 1809 368 1871 περιτομῆς,
402 1805 534 1857 ἀλλὰ
570 1809 645 1858 καὶ
680 1809 806 1862 θείας
841 1809 1033 1876 φύσεως
1071 1812 1296 1861 ἀποτελεῖ
1329 1810 1575 1865 κοινωνοὺς
1614 1811 1690 1863 διὰ
1751 1812 1903 1887 ξΞΞΡθῗ·

101 1891 304 1955 μετοχῆς
328 1893 412 1939 τοῦ
439 1892 657 1955 Σωτῆρος
684 1891 816 1954 ἡμῶν
841 1894 1072 1957 Χριστοῦ.

176 1970 520 2022 Ἐπισυνάπτει
553 1971 645 2037 γὰρ
677 1977 772 2026 τοῖς
803 1974 1054 2039 εἷρημενοις
1082 1976 1106 2025 ὁ
1135 1980 1217 2025 τοῦ
1242 1976 1438 2037 βιβλίου
1464 1998 1684 2042 συγγρα-

101 2050 229 2119 φευς,
274 2076 346 2104 οτι
387 2061 412 2082 “
443 2056 535 2104 Και
581 2055 811 2118 ἐποίησαν
855 2078 898 2107 οι
943 2059 1029 2107 υιοὶ
1069 2057 1273 2122 Ἰσραὴλ
1316 2057 1370 2109 τὸ
1414 2058 1585 2125 πάσχα
1607 2062 1807 2157 Tfie‘ngJ
1810 2074 1868 2138 fi·

101 2136 649 2205 “τεσσαρεσκαιδεκατῃ
688 2138 837 2207 ἡμερᾳ
875 2145 958 2189 τοῦ
996 2163 1155 2204 μηνος,
1192 2163 1267 2191 και
1305 2139 1557 2209 ἐφαγοσαν
1591 2141 1686 2192 ἀπὸ

31 2228 79 2266 25
101 2224 127 2246 “
153 2223 236 2267 τοῦ
271 2218 409 2268 σίτου
445 2221 527 2282 τῆς
562 2222 649 2284 γῆς
685 2220 836 2286 ἄζυμα
870 2223 944 2272 καὶ
981 2221 1105 2272 νεά.”
1159 2223 1212 2273 οὐ
1246 2223 1339 2289 γὰρ
1366 2224 1497 2274 ε”στιν
1522 2224 1686 2290 ἑτέρως

99 2299 330 2350 δύνασθαι
368 2306 623 2367 μετασχεῖν
658 2307 741 2352 τοῦ
779 2304 929 2364 ἀμνοῦ
967 2309 1051 2354 τοῦ
1089 2305 1314 2368 ἀληθινοῦ
1353 2311 1435 2356 τοῦ
1474 2306 1685 2372 αἴροντος
1748 2307 1891 2391 ῗξῗωί·

97 2380 183 2445 τὴν
207 2382 439 2448 ἁμαρτίαν
465 2389 548 2433 τοῦ
575 2382 774 2447 κόσμου,
802 2385 914 2434 ἀλλ’
944 2385 1048 2436 οὐδὲ
1075 2384 1161 2449 τὴν
1186 2386 1361 2453 ἄζυμόν
1386 2411 1435 2438 τε
1466 2391 1541 2439 καὶ
1579 2389 1685 2440 νεάν

94 2468 190 2514 τῶν
216 2465 535 2530 εὐαγγελικῶν
561 2466 874 2531 κηρυγμάτων
900 2467 1117 2533 εὑρέσθαι
1143 2468 1341 2536 τροφὴν,
1366 2469 1432 2534 μὴ
1459 2493 1678 2537 προπαρ-

93 2545 321 2601 ελθόντας
353 2546 439 2611 μὲν
465 2546 548 2598 τὸν
573 2549 805 2612 μυστικὸν
830 2549 1087 2616 Ἰορδάνην,
1116 2550 1201 2615 τὴν
1227 2550 1275 2602 δὲ
1310 2554 1359 2602 ἐκ
1395 2558 1479 2603 τοῦ
1515 2552 1685 2618 ζῶντος

141 2674 173 2698 2.
198 2663 257 2697 τὸν
273 2664 439 2706 μυστικὸν
455 2669 638 2709 assumpta
655 2677 697 2699 ex
716 2665 809 2700 B.D.
908 2675 939 2711 7.
966 2665 1025 2700 οῦν
1043 2678 1114 2700 om.
1135 2667 1177 2701 Β.
1269 2668 1303 2702 8.
1329 2668 1407 2712 περὶ
1424 2670 1483 2712 τῆς
1499 2671 1682 2713 περιτομῆς

92 2716 274 2754 assumpta
291 2721 331 2743 ex
353 2710 394 2743 B.
511 2721 563 2744 12.
590 2716 698 2745 κακῶν
715 2724 783 2746 om.
803 2712 847 2747 B.
972 2724 1024 2758 13.
1050 2714 1116 2758 γὰρ
1136 2725 1207 2748 orn.
1228 2713 1271 2748 B.
1394 2725 1448 2760 15.
1475 2716 1528 2749 καὶ
1546 2728 1617 2751 om.
1638 2717 1680 2750 B.

96 2757 151 2791 16.
177 2757 356 2800 δαιμονίων
376 2756 417 2790 Β.
437 2757 603 2801 δαιμόνων
621 2758 688 2792 Ed.
884 2768 936 2804 17.
963 2762 1034 2795 ταῖς
1051 2761 1109 2803 τῆς
1127 2761 1254 2805 σαρκὸς
1269 2762 1530 2804 μεμολυσμένον
1547 2762 1683 2806 ἡδοναῖς

94 2803 136 2837 Β.
144 2804 188 2837 D.
207 2802 418 2846 μολύνεσθαι
435 2806 507 2839 ταῖς
525 2806 582 2847 τῆς
599 2806 726 2849 σαρκὸς
742 2805 877 2849 ἡδοναῖς
896 2807 929 2840 D
946 2807 1100 2852 mg.Ed.
1202 2808 1317 2852 19.δὲ
1336 2819 1406 2842 om.
1427 2808 1468 2843 B.
1567 2820 1622 2854 23.
1650 2811 1682 2844 οἱ

93 2861 164 2884 om.
186 2850 227 2884 B.
249 2851 320 2895 (19.
340 2863 396 2893 44.
416 2860 470 2896 75.
494 2852 569 2885 108.
590 2851 685 2896 209)
837 2864 892 2896 24.
918 2853 1024 2897 ἡμέρᾳ
1042 2865 1111 2887 om.
1133 2853 1174 2888 B.
1195 2854 1242 2897 (Υ
1247 2854 1312 2897 II.)
1471 2856 1526 2890 28.
1552 2858 1681 2900 παρελ-

93 2897 213 2933 θόντας
233 2897 274 2931 Β.
467 2908 522 2942 29.
549 2900 585 2931 ἐκ
602 2900 662 2932 τοῦ
680 2899 802 2941 ζῶντος
820 2902 932 2945 Λόγου
949 2901 1120 2941 λαβόντας
1135 2900 1337 2947 περιτομὴν]
1357 2904 1417 2936 τοῦ
1435 2903 1557 2946 ζῶντος
1572 2905 1681 2949 λόγου

91 2943 232 2988 δύναμιν
247 2945 418 2983 λαβόντας
433 2944 616 2989 περιτομὴν
635 2945 676 2980 Β.
