2084 3317
358 172 438 211 722
758 175 807 215 B.
841 175 1114 216 CYRILLI
1158 174 1536 215 ALEXANDR.
1688 173 1774 212 viii.
1798 181 1863 224 15,
1886 170 1948 210 16.

359 285 621 333 διακεῖσθαι
660 286 765 349 περὶ
805 287 887 348 τῆς
927 285 1224 348 δικαιοσύνης
1264 290 1346 335 τοῦ
1385 282 1587 349 Πατρός,
1615 281 1830 332 τουτέστι
1867 286 1950 331 τοῦ

358 366 489 415 Υὶοῦ.
541 363 634 417 οἶδε
675 365 768 432 γὰρ
808 368 832 417 ὁ
875 367 1044 433 Πατὴρ
1084 367 1137 418 τὸ
1178 367 1295 418 ’ίδιον
1335 366 1556 431 γέννημα,
1593 364 1790 415 δέδωκεν
1825 363 1952 431 αὐτῷ

359 444 445 508 τὴν
476 448 648 513 κρίσιν,
680 448 734 499 τὸ
770 450 923 499 δίκαια
959 450 1131 515 κρίνειν
1167 449 1399 500 δύνασθαι
1441 450 1516 498 καὶ
1556 446 1631 497 διὰ
1669 451 1752 496 τοῦ
1791 448 1952 496 δοῦναι

359 532 532 596 σαφῶς
566 531 906 596 ἐπιμαρτυρῶν.
958 531 1062 582 ἔστι
1095 536 1346 597 τοιγαροῦν
1371 527 1744 595 προδηλότατον,
1772 529 1834 580 ὡς
1868 527 1952 577 οὐκ

359 612 576 661 ἀσθενῶν
611 614 718 678 περὶ
756 612 810 663 τὸ
851 612 910 663 τὰ
950 613 1102 663 δίκαια
1141 614 1310 679 κρίνειν
1345 610 1648 662 συνδικάσειν
1683 611 1831 678 ἑαυτῷ
1868 607 1993 660 τὸν5

362 691 557 759 Πατέρα
601 696 766 762 φησὶν,
809 695 921 745 ἀλλ’
971 695 1120 746 ὠδίνει
1165 693 1270 745 τινὰ
1312 695 1509 760 θεωρίαν
1550 691 1604 744 τὸ
1647 692 1952 759 προκείμενον

360 778 457 827 τοῖς
491 775 707 840 ἀνωτέρω
743 779 956 842 συγγενῆ
994 778 1070 828 καὶ
1106 775 1384 828 ἀκόλουθον.
1439 777 1488 827 τί
1515 775 1571 840 δὴ
1607 775 1688 826 οῦν
1715 775 1806 840 ἄρα
1828 773 1947 834 βού-

138 866 227 900 492
242 867 292 902 A.
323 862 493 907 ἃλεται
533 860 722 922 δηλοῦν,
757 860 950 925 ἐροῦμεν
985 864 1176 927 σαφῶς.
1229 859 1402 922 ’Υμεῖς,
1434 862 1601 927 φησὶν,
1633 855 1669 908 ὦ
1707 861 1802 908 τῶν
1826 855 1945 908 Ἰου-

361 939 504 989 δαίων
531 939 751 1005 ἡγεμόνες
779 942 854 991 καὶ
882 941 1178 1004 διδάσκαλοι,
1205 939 1420 1006 πονηρὰν
1445 942 1513 992 ἐπ’
1543 942 1642 1005 ἐμοὶ
1669 942 1744 991 καὶ
1776 941 1947 991 ἀδικω-

360 1021 506 1086 τάτην
533 1023 827 1088 ἐποιήσασθε
855 1024 1026 1090 κρίσιν·
1061 1023 1136 1074 διὰ
1160 1023 1254 1090 γὰρ
1280 1023 1429 1088 μόνην
1455 1022 1525 1083 τὴν
1551 1023 1704 1092 σάρκα
1730 1023 1783 1073 τὸ
1810 1022 1952 1086 μηδὲν
1975 1040 2024 1066 10

360 1103 580 1168 ἡγεῖσθαι
617 1107 710 1156 δεῖν
739 1105 1116 1169 ὑπολαμβάνετε,
1144 1106 1293 1157 καίτοι
1332 1105 1453 1156 κατὰ
1491 1105 1639 1173 φύσιν
1665 1105 1778 1156 ὅντα
1806 1104 1947 1156 Θεόν.

361 1183 451 1251 ἐγῶ
490 1185 540 1236 δὲ
582 1191 731 1255 κρίνειν
769 1186 829 1238 τὰ
869 1189 977 1239 καθ’
1020 1189 1138 1251 ὑμᾶς
1176 1187 1454 1257 ἀρξάμενος,
1493 1188 1546 1237 οὐ
1587 1186 1806 1251 τοιαύτην
1844 1188 1950 1237 καθ’

361 1268 492 1328 ὑμῶν
519 1268 691 1336 ἐξοίσω
726 1268 813 1333 τὴν
844 1272 1029 1338 ψῆφον·
1073 1271 1127 1321 οὐ
1158 1269 1252 1336 γὰρ
1284 1271 1472 1335 ἐπείπερ
1506 1269 1613 1320 ἐστὲ
1649 1268 1768 1320 κατὰ
1803 1269 1953 1338 φύσιν

361 1348 614 1415 ἄνθρωποι,
642 1349 717 1401 διὰ
743 1356 883 1402 τοῦτο
910 1350 1194 1418 κολάζεσθαι
1222 1353 1417 1419 πρέπειν
1442 1354 1559 1416 ὑμᾶς
1585 1352 1807 1416 οἰήσομαι
1837 1355 1950 1403 δεῖν·

362 1431 482 1498 ἔχων
509 1431 558 1482 δὲ
583 1437 776 1496 μᾶλλον
802 1433 874 1502 ἐφ’
904 1432 1059 1485 ἅπασι
1086 1434 1386 1500 συνθελητὴν
1411 1436 1488 1485 καὶ
1519 1432 1844 1498 συνδικαστὴν
1869 1433 1952 1484 τὸν
1976 1453 2022 1491 15

316 1515 344 1556 b
363 1512 570 1579 Πατέρα,
598 1516 859 1582 κατακρίνω
891 1516 1075 1570 δικαίως
1111 1517 1245 1580 ὑμᾶς.
1300 1519 1376 1568 καὶ
1405 1515 1481 1567 διὰ
1506 1517 1646 1569 ποίαν
1673 1516 1854 1578 αἰτίαν,
1900 1517 1954 1567 οὐ

361 1593 456 1660 γὰρ
487 1596 713 1665 ἐδέξασθε
745 1596 828 1648 τὸν
855 1598 1108 1664 οὐρανόθεν
1134 1600 1322 1664 ἥκοντα,
1350 1601 1424 1650 καὶ
1451 1602 1513 1653 ὡς
1539 1601 1657 1663 ὑμᾶς
1683 1600 1732 1650 ἐκ
1762 1597 1953 1666 Πατρὸς

362 1679 727 1742 ἀπεσταλμένον
747 1679 1067 1748 ἐξυβρίζοντες
1095 1681 1148 1731 οὐ
1175 1682 1520 1744 διαλελοίπατε,
1540 1679 1621 1732 τὸν
1641 1682 1715 1732 ἐπὶ
1740 1682 1954 1749 σωτηρίᾳ

361 1763 456 1810 τῶν
489 1759 617 1811 ὅλων
648 1760 1008 1826 ἐπιδημήσαντα
1042 1763 1451 1830 κατεσμικρύνατέ
1482 1787 1539 1827 με
1578 1762 1653 1815 διὰ
1687 1763 1837 1827 μόνην
1868 1761 1955 1827 τὴν

363 1840 535 1908 σάρκα,
582 1843 768 1909 μακράν
813 1867 906 1896 που
957 1843 1039 1895 τὸν
1084 1846 1154 1896 ἀεὶ
1206 1846 1350 1914 φίλον
1395 1847 1502 1910 ὑμῖν
1547 1846 1953 1900 ἀπολακτίσαντες
1975 1869 2025 1895 20
2058 1861 2063 1864 '

364 1925 521 1987 νόμον.
592 1932 686 1977 ποῦ
737 1925 831 1992 γὰρ
883 1927 987 1978 εἰπέ
1030 1950 1109 1990 μοι
1156 1930 1374 1992 Μωυσῆς
1425 1928 1742 1995 καταδικάζειν
1786 1930 1955 1996 χρῆναι

364 2006 539 2057 κελεύει
579 2007 703 2062 τινὸς
746 2007 821 2058 διὰ
865 2008 920 2059 τὸ
967 2009 1220 2075 ἄνθρωπον
1257 2008 1373 2061 εἶναι
1416 2009 1502 2074 τὴν
1543 2010 1726 2078 φύσιν,
1788 2012 1955 2062 οὐκοῦν

326 2088 502 2139 οὸίδικα
540 2088 626 2153 μὲν
663 2091 788 2154 ὑμεῖς
827 2091 904 2140 καὶ
943 2090 1118 2156 κρίνετε
1157 2094 1233 2142 καὶ
1273 2091 1536 2158 λογίζεσθε·
1602 2093 1656 2143 οὐ
1694 2091 1788 2159 γὰρ
1826 2092 1954 2160 ε”χετε

364 2170 688 2236 συνεθελητὴν
726 2174 774 2223 ἐν
813 2172 992 2227 τούτοις
1031 2171 1114 2224 τὸν
1154 2172 1318 2238 νόμον,
1360 2175 1496 2238 μόνοι
1534 2173 1581 2226 δὲ
1619 2174 1737 2226 κατὰ
1777 2174 1955 2228 παντὸς
2082 2234 2084 2243 Ι

363 2258 571 2316 τολμᾶτε
604 2257 768 2316 δεινοῦ,
795 2253 879 2308 τὰς
905 2256 956 2306 ἐκ
990 2259 1084 2306 τῶν
1110 2256 1245 2307 θείων
1271 2255 1554 2321 θελημάτων
1579 2258 1846 2320 συμπνοίας
1872 2257 1954 2308 οὐκ
1976 2272 2025 2312 25
2054 2254 2058 2258 ι
2082 2269 2084 2286 ³

364 2334 562 2402 ἔχοντες·
630 2336 722 2402 ἐγὼ
774 2335 824 2387 δὲ
874 2337 960 2405 οὐχ
1011 2339 1172 2400 οὕτως,
1218 2338 1489 2406 σύνδρομον
1533 2338 1625 2405 γὰρ
1669 2339 1834 2406 ὥσπερ
1879 2340 1955 2390 καὶ

364 2417 713 2482 συνευδοκητὴν
740 2418 860 2486 ἔχων
886 2420 958 2488 ἐφ’
987 2418 1142 2471 ἅπασι
1171 2425 1268 2475 τοῖς
1295 2423 1402 2472 καθ’
1433 2422 1561 2484 ὑμῶν
1585 2422 1633 2472 ἐν
1656 2423 1840 2491 ἐμαυτῷ
1871 2421 1955 2473 τὸν

367 2499 573 2565 Πατέρα,
617 2501 759 2566 κρίνω
803 2500 1074 2552 δικαιότατα
1117 2501 1402 2569 παραδιδοὺς
1446 2506 1509 2557 εἷς
1552 2502 1792 2569 ἐρήμωσιν
1836 2504 1956 2570 ὅλην

413 2666 444 2689 2.
472 2655 617 2691 δέδωκεν
635 2656 677 2691 Β.
697 2657 750 2691 καὶ
769 2657 913 2692 δέδωκεν
932 2658 1051 2693 Holst.
1072 2658 1139 2693 Ed.
1322 2673 1357 2702 4.
1382 2663 1562 2707 τοιγαροῦν
1581 2661 1623 2696 Β.
1640 2662 1706 2707 γὰρ
1725 2661 1783 2696 οὖν
1804 2661 1867 2697 Ht.
1886 2662 1955 2698 Ed.

364 2711 397 2748 5.
424 2703 465 2736 τὰ
483 2714 553 2737 0111.
571 2715 602 2738 a.
739 2705 771 2740 8.
799 2705 824 2739 ὦ
844 2705 885 2740 Β.
904 2706 1043 2740 favente
1061 2712 1095 2740 et
1113 2718 1143 2740 a.
1162 2707 1194 2740 οἱ
1215 2705 1277 2741 Ht.
1298 2706 1364 2742 Ed.
1500 2719 1533 2753 9.
1560 2709 1710 2752 πονηρὰν
1727 2708 1778 2743 ἐπ’
1796 2709 1871 2752 ἐμοὶ
1887 2709 1956 2744 hoc

364 2749 488 2783 ordine
508 2750 584 2784 B.a.
605 2751 668 2784 Ht.
824 2762 877 2797 15.
904 2751 1030 2798 ἅπασι]
1056 2757 1091 2794 4-
1115 2755 1185 2788 τοῖς
1203 2752 1273 2787 καθ’
1294 2754 1384 2796 ὑμῶν
1400 2754 1470 2789 huc
1489 2756 1578 2789 male
1595 2755 1743 2790 afferens
1761 2768 1779 2790 e
1797 2768 1869 2801 mg.
1890 2757 1955 2792 Ht.

364 2796 460 2830 unde
480 2796 546 2830 Ed.
599 2797 724 2831 Statim
744 2799 956 2843 συνθελητὴν
974 2800 1026 2833 καὶ
1045 2800 1274 2843 συνδικαστὴν
1294 2800 1334 2835 Β.
1354 2802 1406 2835 καὶ
1427 2802 1654 2846 συνδικαστὴν
1672 2802 1732 2837 Ht.
1752 2803 1954 2847 συνευδοκη-

366 2844 425 2886 τὴν
442 2855 459 2876 e
479 2842 557 2877 Cat.
575 2844 669 2878 Aub.
689 2851 722 2878 et
738 2845 785 2878 ita
803 2857 833 2879 a.
965 2848 1017 2881 IS.
1044 2846 1302 2891 ἀπεσταλμένον
1320 2859 1349 2881 a.
1370 2848 1580 2892 ἐσταλμένον
1599 2848 1665 2883 Ed.
1732 2849 1859 2884 Statim
1875 2849 1954 2884 ἀλλ’

366 2889 446 2923 add.
465 2901 495 2924 a.
673 2902 727 2925 22.
754 2906 826 2925 τινα
845 2904 874 2927 a.
895 2892 971 2927 Cat.
993 2893 1093 2928 Harl.
1265 2905 1319 2936 24.
1347 2894 1398 2941 ἐν]
1419 2896 1472 2930 ἐπὶ
1491 2908 1521 2929 a.
1691 2906 1746 2941 27.
1772 2895 1827 2941 ἐφ’
1846 2897 1955 2932 ἅπασι

365 2937 436 2971 τοῖς
454 2935 528 2969 καθ’
547 2937 639 2981 ὑμῶν
659 2935 768 2983 [ἡμῶν
789 2939 816 2972 Β
829 2951 902 2984 mg.
920 2940 1005 2982 ὑμᾶς
1024 2940 1101 2974 Cat.
1117 2939 1234 2986 Harl.]
1250 2950 1431 2986 assumpta
1448 2955 1489 2977 ex
1510 2942 1538 2976 B
1551 2954 1623 2987 mg.
1636 2954 1666 2977 a.
1684 2941 1783 2988 [ante
1799 2944 1887 2989 ἔχων
1903 2942 1954 2989 a.]

367 2981 443 3016 Cat.
466 2983 565 3017 Harl.
710 2986 766 3020 28.
793 2985 894 3033 ὅλην]
913 2988 1028 3021 πᾶσαν
1046 2999 1075 3021 a.
