<?xml version="1.0" encoding="UTF-8"?>
<!DOCTYPE html PUBLIC "-//W3C//DTD XHTML 1.0 Transitional//EN"
    "http://www.w3.org/TR/xhtml1/DTD/xhtml1-transitional.dtd">
<html xmlns="http://www.w3.org/1999/xhtml" xml:lang="en" lang="en">
 <head>
  <title>
</title>
<meta http-equiv="Content-Type" content="text/html;charset=utf-8" />
  <meta name='ocr-system' content='tesseract 3.04.00' />
  <meta name='ocr-capabilities' content='ocr_page ocr_carea ocr_par ocr_line ocrx_word'/>
</head>
<body>
  <div class='ocr_page' id='page_1' title='image "./operacyrilli03cyriuoft_0347.png"; bbox 0 0 2084 3317; ppageno 0'>
   <div class='ocr_carea' id='block_1_1' title="bbox 142 150 1726 211">
    <p class='ocr_par' dir='ltr' id='par_1_1' title="bbox 142 150 1726 211">
     <span class='ocr_line' id='line_1_1' title="bbox 142 150 1726 211; baseline -0.006 -15"><span class='ocrx_word' id='word_1_1' title='bbox 142 157 196 197; x_wconf 91' lang='lat' dir='ltr'>iv.</span> <span class='ocrx_word' id='word_1_2' title='bbox 218 167 284 211; x_wconf 81' lang='lat'>25,</span> <span class='ocrx_word' id='word_1_3' title='bbox 305 159 370 200; x_wconf 86' lang='lat'>26.</span> <span class='ocrx_word' id='word_1_4' title='bbox 416 157 490 197; x_wconf 92' lang='lat' dir='ltr'>IN</span> <span class='ocrx_word' id='word_1_5' title='bbox 533 157 574 196; x_wconf 87' lang='lat' dir='ltr'>S.</span> <span class='ocrx_word' id='word_1_6' title='bbox 609 153 945 196; x_wconf 84' lang='lat' dir='ltr'><strong>JOANNEM.</strong></span> <span class='ocrx_word' id='word_1_7' title='bbox 1010 151 1132 192; x_wconf 83' lang='lat' dir='ltr'>LIB.</span> <span class='ocrx_word' id='word_1_8' title='bbox 1168 151 1228 192; x_wconf 89' lang='grc' dir='ltr'>ΙΙ.</span> <span class='ocrx_word' id='word_1_9' title='bbox 1291 151 1426 191; x_wconf 88' lang='lat' dir='ltr'><strong>CAP.</strong></span> <span class='ocrx_word' id='word_1_10' title='bbox 1452 150 1503 189; x_wconf 77' lang='lat' dir='ltr'>V.</span> <span class='ocrx_word' id='word_1_11' title='bbox 1646 151 1726 188; x_wconf 73' lang='lat'>285</span> 
     </span>
    </p>
   </div>
   <div class='ocr_carea' id='block_1_2' title="bbox 141 256 1731 412">
    <p class='ocr_par' dir='ltr' id='par_1_2' title="bbox 141 256 1731 412">
     <span class='ocr_line' id='line_1_2' title="bbox 142 256 1731 332; baseline -0.004 -17"><span class='ocrx_word' id='word_1_12' title='bbox 142 264 486 328; x_wconf 86' lang='grc' dir='ltr'>διαλάμποντα,</span> <span class='ocrx_word' id='word_1_13' title='bbox 513 268 570 332; x_wconf 84' lang='grc' dir='ltr'>τῇ</span> <span class='ocrx_word' id='word_1_14' title='bbox 597 263 644 314; x_wconf 77' lang='grc' dir='ltr'>δὲ</span> <span class='ocrx_word' id='word_1_15' title='bbox 671 267 766 313; x_wconf 87' lang='grc' dir='ltr'>τῶν</span> <span class='ocrx_word' id='word_1_16' title='bbox 792 263 927 313; x_wconf 82' lang='grc' dir='ltr'>θείων</span> <span class='ocrx_word' id='word_1_17' title='bbox 955 260 1204 326; x_wconf 81' lang='grc' dir='ltr'>δογμάτων</span> <span class='ocrx_word' id='word_1_18' title='bbox 1230 258 1448 323; x_wconf 85' lang='grc' dir='ltr'>ὀρθότητι</span> <span class='ocrx_word' id='word_1_19' title='bbox 1474 256 1559 321; x_wconf 81' lang='grc' dir='ltr'>τὴν</span> <span class='ocrx_word' id='word_1_20' title='bbox 1586 256 1731 309; x_wconf 81' lang='grc' dir='ltr'>ὄντως</span> 
     </span>
     <span class='ocr_line' id='line_1_3' title="bbox 141 343 968 412; baseline -0.004 -16"><span class='ocrx_word' id='word_1_21' title='bbox 141 348 298 410; x_wconf 79' lang='grc' dir='ltr'>ἀληθῆ</span> <span class='ocrx_word' id='word_1_22' title='bbox 323 351 599 412; x_wconf 70' lang='grc' dir='ltr'>πληροῦν-τα</span> <span class='ocrx_word' id='word_1_23' title='bbox 624 343 968 411; x_wconf 82' lang='grc' dir='ltr'>προσκύνησιν.</span> 
     </span>
    </p>
   </div>
   <div class='ocr_carea' id='block_1_3' title="bbox 159 482 1713 545">
    <p class='ocr_par' dir='ltr' id='par_1_3' title="bbox 159 482 1713 545">
     <span class='ocr_line' id='line_1_4' title="bbox 159 482 1713 545; baseline -0.005 -15"><span class='ocrx_word' id='word_1_24' title='bbox 159 486 349 538; x_wconf 70' lang='grc' dir='ltr'>Οἴδαμεν</span> <span class='ocrx_word' id='word_1_25' title='bbox 386 490 451 531; x_wconf 85' lang='grc' dir='ltr'>ὅτι</span> <span class='ocrx_word' id='word_1_26' title='bbox 489 488 638 538; x_wconf 75' lang='grc' dir='ltr'>μεσίαε</span> <span class='ocrx_word' id='word_1_27' title='bbox 674 488 857 545; x_wconf 76' lang='grc' dir='ltr'>ἔρχεται,</span> <span class='ocrx_word' id='word_1_28' title='bbox 895 488 918 529; x_wconf 82' lang='grc' dir='ltr'><strong>ὁ</strong></span> <span class='ocrx_word' id='word_1_29' title='bbox 956 487 1185 534; x_wconf 71' lang='grc' dir='ltr'>λεΓόμενοε</span> <span class='ocrx_word' id='word_1_30' title='bbox 1224 484 1415 540; x_wconf 71' lang='grc' dir='ltr'>Χριστός·</span> <span class='ocrx_word' id='word_1_31' title='bbox 1471 485 1572 526; x_wconf 81' lang='grc' dir='ltr'>ὅταν</span> <span class='ocrx_word' id='word_1_32' title='bbox 1608 482 1713 538; x_wconf 67' lang='grc' dir='ltr'>ἔλθῌ</span> 
     </span>
    </p>
   </div>
   <div class='ocr_carea' id='block_1_4' title="bbox 556 566 1322 622">
    <p class='ocr_par' dir='ltr' id='par_1_4' title="bbox 556 566 1322 622">
     <span class='ocr_line' id='line_1_5' title="bbox 556 566 1322 622; baseline -0.008 -9"><span class='ocrx_word' id='word_1_33' title='bbox 556 569 733 622; x_wconf 70' lang='grc' dir='ltr'>ἐκεῖνος,</span> <span class='ocrx_word' id='word_1_34' title='bbox 771 567 994 618; x_wconf 50' lang='lat' dir='ltr'>&lt;ivon-chel</span> <span class='ocrx_word' id='word_1_35' title='bbox 1033 566 1131 617; x_wconf 64' lang='grc' dir='ltr'>ἡμῖν</span> <span class='ocrx_word' id='word_1_36' title='bbox 1169 568 1322 609; x_wconf 81' lang='grc' dir='ltr'>Πάντα.</span> 
     </span>
    </p>
   </div>
   <div class='ocr_carea' id='block_1_5' title="bbox 78 672 1782 1648">
    <p class='ocr_par' dir='ltr' id='par_1_5' title="bbox 101 672 1782 1073">
     <span class='ocr_line' id='line_1_6' title="bbox 101 672 1734 746; baseline -0.006 -17"><span class='ocrx_word' id='word_1_37' title='bbox 101 686 122 721; x_wconf 91' lang='grc'>5</span> <span class='ocrx_word' id='word_1_38' title='bbox 208 675 364 743; x_wconf 59' lang='grc' dir='ltr'>ρΏριᾱιν</span> <span class='ocrx_word' id='word_1_39' title='bbox 402 677 661 746; x_wconf 75' lang='grc' dir='ltr'>ἀφίξεσθαι</span> <span class='ocrx_word' id='word_1_40' title='bbox 708 679 784 727; x_wconf 77' lang='grc' dir='ltr'>καὶ</span> <span class='ocrx_word' id='word_1_41' title='bbox 831 675 1006 741; x_wconf 84' lang='grc' dir='ltr'>καιρὸν,</span> <span class='ocrx_word' id='word_1_42' title='bbox 1045 679 1237 738; x_wconf 80' lang='grc' dir='ltr'>μᾶλλον</span> <span class='ocrx_word' id='word_1_43' title='bbox 1277 672 1326 723; x_wconf 79' lang='grc' dir='ltr'>δὲ</span> <span class='ocrx_word' id='word_1_44' title='bbox 1371 672 1461 736; x_wconf 72' lang='grc' dir='ltr'>ἤδη</span> <span class='ocrx_word' id='word_1_45' title='bbox 1505 675 1734 736; x_wconf 82' lang='grc' dir='ltr'>παρεῖναι,</span> 
     </span>
     <span class='ocr_line' id='line_1_7' title="bbox 142 754 1734 825; baseline -0.006 -14"><span class='ocrx_word' id='word_1_46' title='bbox 142 758 449 814; x_wconf 76' lang='grc' dir='ltr'>διδάσκοντος</span> <span class='ocrx_word' id='word_1_47' title='bbox 484 765 567 810; x_wconf 82' lang='grc' dir='ltr'>τοῦ</span> <span class='ocrx_word' id='word_1_48' title='bbox 602 763 834 825; x_wconf 80' lang='grc' dir='ltr'>Χριστοῦ,</span> <span class='ocrx_word' id='word_1_49' title='bbox 864 759 970 808; x_wconf 87' lang='grc' dir='ltr'>καθ’</span> <span class='ocrx_word' id='word_1_50' title='bbox 1001 756 1054 808; x_wconf 74' lang='grc' dir='ltr'>ὃν</span> <span class='ocrx_word' id='word_1_51' title='bbox 1082 760 1124 807; x_wconf 79' lang='grc' dir='ltr'>οἱ</span> <span class='ocrx_word' id='word_1_52' title='bbox 1159 757 1374 820; x_wconf 81' lang='grc' dir='ltr'>ἀληθινοὶ</span> <span class='ocrx_word' id='word_1_53' title='bbox 1409 754 1734 820; x_wconf 76' lang='grc' dir='ltr'>προσκυνηταὶ</span> 
     </span>
     <span class='ocr_line' id='line_1_8' title="bbox 142 836 1782 907; baseline -0.007 -14"><span class='ocrx_word' id='word_1_54' title='bbox 142 842 228 906; x_wconf 87' lang='grc' dir='ltr'>τὴν</span> <span class='ocrx_word' id='word_1_55' title='bbox 254 844 303 892; x_wconf 80' lang='grc' dir='ltr'>ἐν</span> <span class='ocrx_word' id='word_1_56' title='bbox 327 841 556 904; x_wconf 89' lang='grc' dir='ltr'>πνεύματι</span> <span class='ocrx_word' id='word_1_57' title='bbox 590 841 811 907; x_wconf 84' lang='grc' dir='ltr'>λατρείαν</span> <span class='ocrx_word' id='word_1_58' title='bbox 841 839 1167 906; x_wconf 88' lang='grc' dir='ltr'>προσοίσουσι</span> <span class='ocrx_word' id='word_1_59' title='bbox 1202 842 1269 906; x_wconf 70' lang='grc' dir='ltr'>τῷ</span> <span class='ocrx_word' id='word_1_60' title='bbox 1304 840 1411 905; x_wconf 72' lang='grc' dir='ltr'>Θεῷ</span> <span class='ocrx_word' id='word_1_61' title='bbox 1448 839 1523 886; x_wconf 78' lang='grc' dir='ltr'>καὶ</span> <span class='ocrx_word' id='word_1_62' title='bbox 1559 836 1731 900; x_wconf 75' lang='grc' dir='ltr'>Πατρὶ,</span> <span class='ocrx_word' id='word_1_63' title='bbox 1756 840 1782 880; x_wconf 89' lang='lat' dir='ltr'>d</span> 
     </span>
     <span class='ocr_line' id='line_1_9' title="bbox 142 918 1729 991; baseline -0.006 -16"><span class='ocrx_word' id='word_1_64' title='bbox 142 927 434 991; x_wconf 82' lang='grc' dir='ltr'>παραχρῆμα</span> <span class='ocrx_word' id='word_1_65' title='bbox 468 923 522 974; x_wconf 79' lang='grc' dir='ltr'>τὸ</span> <span class='ocrx_word' id='word_1_66' title='bbox 556 923 749 989; x_wconf 88' lang='grc' dir='ltr'>γύναιον</span> <span class='ocrx_word' id='word_1_67' title='bbox 781 925 843 975; x_wconf 77' lang='grc' dir='ltr'>εἷς</span> <span class='ocrx_word' id='word_1_68' title='bbox 877 920 963 985; x_wconf 84' lang='grc' dir='ltr'>τὴν</span> <span class='ocrx_word' id='word_1_69' title='bbox 996 918 1294 984; x_wconf 75' lang='grc' dir='ltr'>λαλουμένην</span> <span class='ocrx_word' id='word_1_70' title='bbox 1324 918 1453 985; x_wconf 78' lang='grc' dir='ltr'>παρὰ</span> <span class='ocrx_word' id='word_1_71' title='bbox 1489 922 1584 970; x_wconf 81' lang='grc' dir='ltr'>τοῖς</span> <span class='ocrx_word' id='word_1_72' title='bbox 1609 919 1729 967; x_wconf 90' lang='grc' dir='ltr'>Ἰου-</span> 
     </span>
     <span class='ocr_line' id='line_1_10' title="bbox 144 999 1736 1073; baseline -0.004 -17"><span class='ocrx_word' id='word_1_73' title='bbox 144 1008 288 1059; x_wconf 88' lang='grc' dir='ltr'>δαίοις</span> <span class='ocrx_word' id='word_1_74' title='bbox 314 1007 485 1057; x_wconf 81' lang='grc' dir='ltr'>ἐλπίδα</span> <span class='ocrx_word' id='word_1_75' title='bbox 510 1010 607 1059; x_wconf 83' lang='grc' dir='ltr'>τοῖς</span> <span class='ocrx_word' id='word_1_76' title='bbox 634 1003 748 1070; x_wconf 73' lang='grc' dir='ltr'>ὑπὲρ</span> <span class='ocrx_word' id='word_1_77' title='bbox 775 1004 874 1073; x_wconf 76' lang='grc' dir='ltr'>ἕξιν</span> <span class='ocrx_word' id='word_1_78' title='bbox 900 1005 1241 1068; x_wconf 82' lang='grc' dir='ltr'>ἀναπτεροῦται</span> <span class='ocrx_word' id='word_1_79' title='bbox 1268 1000 1520 1065; x_wconf 86' lang='grc' dir='ltr'>νοήμασιν.</span> <span class='ocrx_word' id='word_1_80' title='bbox 1569 999 1736 1050; x_wconf 77' lang='grc' dir='ltr'>εἰδέναι</span> 
     </span>
    </p>

    <p class='ocr_par' dir='ltr' id='par_1_6' title="bbox 78 1083 1738 1483">
     <span class='ocr_line' id='line_1_11' title="bbox 78 1083 1738 1155; baseline -0.006 -15"><span class='ocrx_word' id='word_1_81' title='bbox 78 1106 123 1129; x_wconf 92' lang='lat'>10</span> <span class='ocrx_word' id='word_1_82' title='bbox 144 1088 192 1140; x_wconf 80' lang='grc' dir='ltr'>δὲ</span> <span class='ocrx_word' id='word_1_83' title='bbox 230 1087 313 1138; x_wconf 80' lang='grc' dir='ltr'>τὸν</span> <span class='ocrx_word' id='word_1_84' title='bbox 350 1091 520 1155; x_wconf 72' lang='grc' dir='ltr'>μεσίσιν</span> <span class='ocrx_word' id='word_1_85' title='bbox 559 1090 622 1140; x_wconf 90' lang='grc' dir='ltr'>ὡς</span> <span class='ocrx_word' id='word_1_86' title='bbox 668 1086 769 1155; x_wconf 74' lang='grc' dir='ltr'>ἥξει</span> <span class='ocrx_word' id='word_1_87' title='bbox 815 1084 934 1136; x_wconf 76' lang='grc' dir='ltr'>κατὰ</span> <span class='ocrx_word' id='word_1_88' title='bbox 979 1084 1141 1150; x_wconf 78' lang='grc' dir='ltr'>καιρὸν</span> <span class='ocrx_word' id='word_1_89' title='bbox 1179 1087 1346 1134; x_wconf 80' lang='grc' dir='ltr'>οἰκεῖον</span> <span class='ocrx_word' id='word_1_90' title='bbox 1385 1083 1623 1147; x_wconf 83' lang='grc' dir='ltr'>ὁμολογεῖ,</span> <span class='ocrx_word' id='word_1_91' title='bbox 1662 1083 1738 1131; x_wconf 82' lang='grc' dir='ltr'>καὶ</span> 
     </span>
     <span class='ocr_line' id='line_1_12' title="bbox 143 1164 1738 1238; baseline -0.003 -17"><span class='ocrx_word' id='word_1_92' title='bbox 143 1170 244 1238; x_wconf 76' lang='grc' dir='ltr'>ἥξει</span> <span class='ocrx_word' id='word_1_93' title='bbox 282 1169 367 1233; x_wconf 73' lang='grc' dir='ltr'>μὲν</span> <span class='ocrx_word' id='word_1_94' title='bbox 401 1172 475 1221; x_wconf 83' lang='grc' dir='ltr'>ἐπὶ</span> <span class='ocrx_word' id='word_1_95' title='bbox 514 1170 654 1232; x_wconf 91' lang='grc' dir='ltr'>τίσιν,</span> <span class='ocrx_word' id='word_1_96' title='bbox 689 1171 894 1235; x_wconf 78' lang='grc' dir='ltr'>ἀκριβῶς</span> <span class='ocrx_word' id='word_1_97' title='bbox 933 1167 987 1217; x_wconf 79' lang='grc' dir='ltr'>οὐ</span> <span class='ocrx_word' id='word_1_98' title='bbox 1025 1167 1192 1236; x_wconf 63' lang='grc' dir='ltr'>φησιν,</span> <span class='ocrx_word' id='word_1_99' title='bbox 1226 1164 1640 1231; x_wconf 80' lang='grc' dir='ltr'>ἀπεριεργάστους,</span> <span class='ocrx_word' id='word_1_100' title='bbox 1676 1166 1738 1217; x_wconf 80' lang='grc' dir='ltr'>ὡς</span> 
     </span>
     <span class='ocr_line' id='line_1_13' title="bbox 144 1244 1737 1321; baseline -0.002 -19"><span class='ocrx_word' id='word_1_101' title='bbox 144 1251 274 1315; x_wconf 74' lang='grc' dir='ltr'>ἔοικε,</span> <span class='ocrx_word' id='word_1_102' title='bbox 303 1252 408 1306; x_wconf 76' lang='grc' dir='ltr'>τοὺς</span> <span class='ocrx_word' id='word_1_103' title='bbox 436 1254 504 1303; x_wconf 86' lang='grc' dir='ltr'>ἐπ’</span> <span class='ocrx_word' id='word_1_104' title='bbox 532 1253 657 1321; x_wconf 75' lang='grc' dir='ltr'>αὐτῷ</span> <span class='ocrx_word' id='word_1_105' title='bbox 687 1249 1007 1314; x_wconf 75' lang='grc' dir='ltr'>λαμβάνουσα</span> <span class='ocrx_word' id='word_1_106' title='bbox 1033 1248 1252 1315; x_wconf 88' lang='grc' dir='ltr'>θρύλους,</span> <span class='ocrx_word' id='word_1_107' title='bbox 1273 1246 1352 1298; x_wconf 82' lang='grc' dir='ltr'>ἅτε</span> <span class='ocrx_word' id='word_1_108' title='bbox 1381 1245 1437 1310; x_wconf 85' lang='grc' dir='ltr'>δὴ</span> <span class='ocrx_word' id='word_1_109' title='bbox 1465 1244 1737 1314; x_wconf 83' lang='grc' dir='ltr'>φιλόγελώς</span> 
     </span>
     <span class='ocr_line' id='line_1_14' title="bbox 145 1328 1738 1402; baseline -0.004 -20"><span class='ocrx_word' id='word_1_110' title='bbox 145 1356 194 1383; x_wconf 84' lang='grc' dir='ltr'>τε</span> <span class='ocrx_word' id='word_1_111' title='bbox 226 1337 301 1384; x_wconf 77' lang='grc' dir='ltr'>καὶ</span> <span class='ocrx_word' id='word_1_112' title='bbox 333 1339 706 1402; x_wconf 78' lang='grc' dir='ltr'>φιλοσαρκοῦσα</span> <span class='ocrx_word' id='word_1_113' title='bbox 741 1331 878 1398; x_wconf 88' lang='grc' dir='ltr'>γυνή·</span> <span class='ocrx_word' id='word_1_114' title='bbox 924 1332 977 1381; x_wconf 82' lang='grc' dir='ltr'>οὐ</span> <span class='ocrx_word' id='word_1_115' title='bbox 1009 1330 1102 1395; x_wconf 85' lang='grc' dir='ltr'>μὴν</span> <span class='ocrx_word' id='word_1_116' title='bbox 1128 1328 1338 1395; x_wconf 84' lang='grc' dir='ltr'>ἠγνόησε</span> <span class='ocrx_word' id='word_1_117' title='bbox 1372 1333 1638 1388; x_wconf 79' lang='grc' dir='ltr'>παντελῶς,</span> <span class='ocrx_word' id='word_1_118' title='bbox 1676 1330 1738 1381; x_wconf 86' lang='grc' dir='ltr'>ὡς</span> 
     </span>
     <span class='ocr_line' id='line_1_15' title="bbox 146 1410 1734 1483; baseline -0.005 -16"><span class='ocrx_word' id='word_1_119' title='bbox 146 1416 456 1483; x_wconf 78' lang='grc' dir='ltr'>ἀστειοτέρων</span> <span class='ocrx_word' id='word_1_120' title='bbox 495 1414 787 1479; x_wconf 85' lang='grc' dir='ltr'>μαθημάτων</span> <span class='ocrx_word' id='word_1_121' title='bbox 826 1413 1079 1479; x_wconf 79' lang='grc' dir='ltr'>εἰσηγητὴς</span> <span class='ocrx_word' id='word_1_122' title='bbox 1124 1414 1199 1463; x_wconf 82' lang='grc' dir='ltr'>ἐπὶ</span> <span class='ocrx_word' id='word_1_123' title='bbox 1244 1411 1326 1462; x_wconf 82' lang='grc' dir='ltr'>τὸν</span> <span class='ocrx_word' id='word_1_124' title='bbox 1370 1410 1572 1477; x_wconf 84' lang='grc' dir='ltr'>Ἰσραὴλ</span> <span class='ocrx_word' id='word_1_125' title='bbox 1621 1412 1734 1460; x_wconf 90' lang='grc' dir='ltr'>ἀνα-</span> 
     </span>
    </p>

    <p class='ocr_par' dir='ltr' id='par_1_7' title="bbox 81 1492 1778 1648">
     <span class='ocr_line' id='line_1_16' title="bbox 81 1492 1778 1567; baseline -0.005 -17"><span class='ocrx_word' id='word_1_126' title='bbox 81 1519 95 1542; x_wconf 84' lang='grc' dir='ltr'>Ι</span> <span class='ocrx_word' id='word_1_127' title='bbox 105 1515 126 1553; x_wconf 88' lang='grc'>5</span> <span class='ocrx_word' id='word_1_128' title='bbox 147 1498 461 1567; x_wconf 85' lang='grc' dir='ltr'>δειχθήσεται,</span> <span class='ocrx_word' id='word_1_129' title='bbox 487 1500 563 1549; x_wconf 78' lang='grc' dir='ltr'>καὶ</span> <span class='ocrx_word' id='word_1_130' title='bbox 590 1503 728 1548; x_wconf 86' lang='grc' dir='ltr'>τοῦτο</span> <span class='ocrx_word' id='word_1_131' title='bbox 755 1497 811 1560; x_wconf 88' lang='grc' dir='ltr'>δὴ</span> <span class='ocrx_word' id='word_1_132' title='bbox 837 1495 1026 1548; x_wconf 84' lang='grc' dir='ltr'>πάντως</span> <span class='ocrx_word' id='word_1_133' title='bbox 1053 1496 1101 1545; x_wconf 84' lang='grc' dir='ltr'>ἐν</span> <span class='ocrx_word' id='word_1_134' title='bbox 1127 1499 1222 1547; x_wconf 84' lang='grc' dir='ltr'>τοῖς</span> <span class='ocrx_word' id='word_1_135' title='bbox 1257 1495 1363 1560; x_wconf 77' lang='grc' dir='ltr'>περὶ</span> <span class='ocrx_word' id='word_1_136' title='bbox 1399 1494 1540 1544; x_wconf 82' lang='grc' dir='ltr'>αὐτοῦ</span> <span class='ocrx_word' id='word_1_137' title='bbox 1575 1492 1737 1558; x_wconf 82' lang='grc' dir='ltr'>λόγοις</span> <span class='ocrx_word' id='word_1_138' title='bbox 1757 1512 1778 1537; x_wconf 80' lang='lat' dir='ltr'>e</span> 
     </span>
     <span class='ocr_line' id='line_1_17' title="bbox 145 1582 449 1648; baseline -0.003 -16"><span class='ocrx_word' id='word_1_139' title='bbox 145 1582 449 1648; x_wconf 85' lang='grc' dir='ltr'>εὑρίσκουσα.</span> 
     </span>
    </p>
   </div>
   <div class='ocr_carea' id='block_1_6' title="bbox 360 1713 1808 1776">
    <p class='ocr_par' dir='ltr' id='par_1_8' title="bbox 360 1713 1808 1776">
     <span class='ocr_line' id='line_1_18' title="bbox 360 1713 1808 1776; baseline -0.007 -16"><span class='ocrx_word' id='word_1_140' title='bbox 360 1719 478 1766; x_wconf 77' lang='grc' dir='ltr'>ΛέΓει</span> <span class='ocrx_word' id='word_1_141' title='bbox 515 1719 621 1776; x_wconf 61' lang='grc' dir='ltr'>αὐτῷ</span> <span class='ocrx_word' id='word_1_142' title='bbox 661 1719 683 1758; x_wconf 83' lang='grc' dir='ltr'><strong>ὁ</strong></span> <span class='ocrx_word' id='word_1_143' title='bbox 716 1716 883 1758; x_wconf 72' lang='grc' dir='ltr'>ἸΗσοῦε</span> <span class='ocrx_word' id='word_1_144' title='bbox 916 1715 1032 1763; x_wconf 79' lang='grc' dir='ltr'>ἘΓὼ</span> <span class='ocrx_word' id='word_1_145' title='bbox 1070 1713 1167 1766; x_wconf 79' lang='grc' dir='ltr'>εἰμι,</span> <span class='ocrx_word' id='word_1_146' title='bbox 1205 1716 1227 1757; x_wconf 85' lang='grc' dir='ltr'>ὁ</span> <span class='ocrx_word' id='word_1_147' title='bbox 1266 1714 1412 1755; x_wconf 76' lang='grc' dir='ltr'>λαλῶν</span> <span class='ocrx_word' id='word_1_148' title='bbox 1451 1728 1532 1757; x_wconf 83' lang='grc' dir='ltr'>σοι.</span> <span class='ocrx_word' id='word_1_149' title='bbox 1761 1715 1808 1750; x_wconf 81' lang='lat'>26</span> 
     </span>
    </p>
   </div>
   <div class='ocr_carea' id='block_1_7' title="bbox 81 1824 1964 2917">
    <p class='ocr_par' dir='ltr' id='par_1_9' title="bbox 81 1824 1964 2917">
     <span class='ocr_line' id='line_1_19' title="bbox 222 1824 1740 1893; baseline -0.005 -14"><span class='ocrx_word' id='word_1_150' title='bbox 222 1829 298 1879; x_wconf 80' lang='grc' dir='ltr'>Οὐ</span> <span class='ocrx_word' id='word_1_151' title='bbox 342 1832 443 1882; x_wconf 82' lang='grc' dir='ltr'>ταῖς</span> <span class='ocrx_word' id='word_1_152' title='bbox 488 1825 782 1879; x_wconf 76' lang='grc' dir='ltr'>ἀπαιδεύτοις</span> <span class='ocrx_word' id='word_1_153' title='bbox 826 1829 1006 1893; x_wconf 77' lang='grc' dir='ltr'>ψυχαῖς</span> <span class='ocrx_word' id='word_1_154' title='bbox 1052 1824 1080 1889; x_wconf 80' lang='grc' dir='ltr'>ἢ</span> <span class='ocrx_word' id='word_1_155' title='bbox 1127 1826 1201 1874; x_wconf 79' lang='grc' dir='ltr'>καὶ</span> <span class='ocrx_word' id='word_1_156' title='bbox 1246 1824 1453 1886; x_wconf 78' lang='grc' dir='ltr'>ἀμαθέσι</span> <span class='ocrx_word' id='word_1_157' title='bbox 1493 1826 1740 1874; x_wconf 79' lang='grc' dir='ltr'>παντελῶς</span> 
     </span>
     <span class='ocr_line' id='line_1_20' title="bbox 147 1906 1740 1974; baseline -0.004 -14"><span class='ocrx_word' id='word_1_158' title='bbox 147 1910 313 1961; x_wconf 85' lang='grc' dir='ltr'>ἑαυτὸν</span> <span class='ocrx_word' id='word_1_159' title='bbox 358 1909 679 1961; x_wconf 89' lang='grc' dir='ltr'>ἀνακαλύπτει</span> <span class='ocrx_word' id='word_1_160' title='bbox 731 1906 962 1974; x_wconf 80' lang='grc' dir='ltr'>Χριστὸς,</span> <span class='ocrx_word' id='word_1_161' title='bbox 1008 1908 1118 1957; x_wconf 89' lang='grc' dir='ltr'>ἀλλ’</span> <span class='ocrx_word' id='word_1_162' title='bbox 1165 1907 1355 1959; x_wconf 89' lang='grc' dir='ltr'>ἐκείναις</span> <span class='ocrx_word' id='word_1_163' title='bbox 1405 1910 1598 1968; x_wconf 85' lang='grc' dir='ltr'>μᾶλλον</span> <span class='ocrx_word' id='word_1_164' title='bbox 1642 1906 1740 1955; x_wconf 87' lang='grc' dir='ltr'>ἐπι-</span> 
     </span>
     <span class='ocr_line' id='line_1_21' title="bbox 81 1987 1746 2060; baseline -0.002 -20"><span class='ocrx_word' id='word_1_165' title='bbox 81 2017 130 2041; x_wconf 88' lang='lat'>20</span> <span class='ocrx_word' id='word_1_166' title='bbox 149 1990 326 2056; x_wconf 83' lang='grc' dir='ltr'>λάμπει</span> <span class='ocrx_word' id='word_1_167' title='bbox 360 1994 434 2044; x_wconf 76' lang='grc' dir='ltr'>καὶ</span> <span class='ocrx_word' id='word_1_168' title='bbox 471 1992 700 2060; x_wconf 88' lang='grc' dir='ltr'>φαίνεται,</span> <span class='ocrx_word' id='word_1_169' title='bbox 728 1990 865 2056; x_wconf 82' lang='grc' dir='ltr'>αἵπερ</span> <span class='ocrx_word' id='word_1_170' title='bbox 900 1988 958 2040; x_wconf 77' lang='grc' dir='ltr'>ἂν</span> <span class='ocrx_word' id='word_1_171' title='bbox 990 1987 1079 2039; x_wconf 74' lang='grc' dir='ltr'>εἶεν</span> <span class='ocrx_word' id='word_1_172' title='bbox 1110 1989 1198 2054; x_wconf 69' lang='grc' dir='ltr'>Ιἤδη</span> <span class='ocrx_word' id='word_1_173' title='bbox 1232 1988 1351 2055; x_wconf 82' lang='grc' dir='ltr'>πρὸς</span> <span class='ocrx_word' id='word_1_174' title='bbox 1387 1987 1441 2039; x_wconf 81' lang='grc' dir='ltr'>τὸ</span> <span class='ocrx_word' id='word_1_175' title='bbox 1475 1987 1746 2049; x_wconf 80' lang='grc' dir='ltr'>βούλεσθαί</span> 
     </span>
     <span class='ocr_line' id='line_1_22' title="bbox 148 2070 1741 2140; baseline -0.003 -14"><span class='ocrx_word' id='word_1_176' title='bbox 148 2097 192 2125; x_wconf 92' lang='grc' dir='ltr'>τι</span> <span class='ocrx_word' id='word_1_177' title='bbox 222 2079 388 2139; x_wconf 81' lang='grc' dir='ltr'>μαθεῖν</span> <span class='ocrx_word' id='word_1_178' title='bbox 413 2073 711 2140; x_wconf 83' lang='grc' dir='ltr'>ἑτοιμότεραι,</span> <span class='ocrx_word' id='word_1_179' title='bbox 739 2075 814 2123; x_wconf 77' lang='grc' dir='ltr'>καὶ</span> <span class='ocrx_word' id='word_1_180' title='bbox 848 2075 932 2135; x_wconf 80' lang='grc' dir='ltr'>τῆς</span> <span class='ocrx_word' id='word_1_181' title='bbox 964 2073 1171 2125; x_wconf 85' lang='grc' dir='ltr'>πίστεως</span> <span class='ocrx_word' id='word_1_182' title='bbox 1206 2070 1293 2135; x_wconf 83' lang='grc' dir='ltr'>τὴν</span> <span class='ocrx_word' id='word_1_183' title='bbox 1318 2070 1470 2139; x_wconf 84' lang='grc' dir='ltr'>ἀρχὴν</span> <span class='ocrx_word' id='word_1_184' title='bbox 1495 2073 1544 2121; x_wconf 83' lang='grc' dir='ltr'>ἐν</span> <span class='ocrx_word' id='word_1_185' title='bbox 1571 2071 1741 2122; x_wconf 80' lang='grc' dir='ltr'>ἁπλοῖς</span> 
     </span>
     <span class='ocr_line' id='line_1_23' title="bbox 148 2152 1964 2222; baseline -0.004 -15"><span class='ocrx_word' id='word_1_186' title='bbox 148 2159 401 2208; x_wconf 84' lang='grc' dir='ltr'>ὠδίνουσαι</span> <span class='ocrx_word' id='word_1_187' title='bbox 451 2155 627 2222; x_wconf 79' lang='grc' dir='ltr'>λόγοις,</span> <span class='ocrx_word' id='word_1_188' title='bbox 676 2153 796 2222; x_wconf 72' lang='grc' dir='ltr'>πρὸς</span> <span class='ocrx_word' id='word_1_189' title='bbox 846 2153 932 2218; x_wconf 89' lang='grc' dir='ltr'>τὴν</span> <span class='ocrx_word' id='word_1_190' title='bbox 982 2159 1077 2204; x_wconf 88' lang='grc' dir='ltr'>τῶν</span> <span class='ocrx_word' id='word_1_191' title='bbox 1127 2153 1429 2219; x_wconf 68' lang='grc' dir='ltr'>τελειοτερων</span> <span class='ocrx_word' id='word_1_192' title='bbox 1479 2152 1781 2218; x_wconf 55' lang='grc' dir='ltr'>ἐπείγονταιθι</span> <span class='ocrx_word' id='word_1_193' title='bbox 1815 2161 1896 2196; x_wconf 89' lang='grc'>192</span> <span class='ocrx_word' id='word_1_194' title='bbox 1913 2160 1964 2194; x_wconf 89' lang='lat' dir='ltr'>A·</span> 
     </span>
     <span class='ocr_line' id='line_1_24' title="bbox 149 2233 1738 2304; baseline -0.003 -15"><span class='ocrx_word' id='word_1_195' title='bbox 149 2244 345 2304; x_wconf 84' lang='grc' dir='ltr'>γνῶσιν.</span> <span class='ocrx_word' id='word_1_196' title='bbox 401 2238 591 2302; x_wconf 84' lang='grc' dir='ltr'>τοιαύτη</span> <span class='ocrx_word' id='word_1_197' title='bbox 618 2261 687 2291; x_wconf 85' lang='grc' dir='ltr'>τις</span> <span class='ocrx_word' id='word_1_198' title='bbox 713 2238 823 2301; x_wconf 81' lang='grc' dir='ltr'>ἡμῖν</span> <span class='ocrx_word' id='word_1_199' title='bbox 846 2238 923 2287; x_wconf 77' lang='grc' dir='ltr'>καὶ</span> <span class='ocrx_word' id='word_1_200' title='bbox 955 2236 983 2300; x_wconf 83' lang='grc' dir='ltr'>ἡ</span> <span class='ocrx_word' id='word_1_201' title='bbox 1009 2240 1289 2302; x_wconf 83' lang='grc' dir='ltr'>Σαμαρεῖτις</span> <span class='ocrx_word' id='word_1_202' title='bbox 1322 2236 1567 2302; x_wconf 81' lang='grc' dir='ltr'>ἀνεδείχθη</span> <span class='ocrx_word' id='word_1_203' title='bbox 1598 2233 1738 2299; x_wconf 89' lang='grc' dir='ltr'>γυνὴ,</span> 
     </span>
     <span class='ocr_line' id='line_1_25' title="bbox 147 2317 1742 2388; baseline -0.004 -16"><span class='ocrx_word' id='word_1_204' title='bbox 147 2321 414 2388; x_wconf 88' lang='grc' dir='ltr'>παχύτερον</span> <span class='ocrx_word' id='word_1_205' title='bbox 445 2319 531 2385; x_wconf 82' lang='grc' dir='ltr'>μὲν</span> <span class='ocrx_word' id='word_1_206' title='bbox 561 2321 681 2386; x_wconf 72' lang='grc' dir='ltr'>ἥπερ</span> <span class='ocrx_word' id='word_1_207' title='bbox 715 2320 859 2386; x_wconf 82' lang='grc' dir='ltr'>ἐχρῆν</span> <span class='ocrx_word' id='word_1_208' title='bbox 893 2323 988 2372; x_wconf 82' lang='grc' dir='ltr'>τοῖς</span> <span class='ocrx_word' id='word_1_209' title='bbox 1025 2317 1170 2371; x_wconf 83' lang='grc' dir='ltr'>ὅντως</span> <span class='ocrx_word' id='word_1_210' title='bbox 1209 2318 1348 2371; x_wconf 84' lang='grc' dir='ltr'>θείοις</span> <span class='ocrx_word' id='word_1_211' title='bbox 1381 2321 1742 2383; x_wconf 73' lang='grc' dir='ltr'>προσβαλοῦσα</span> 
     </span>
     <span class='ocr_line' id='line_1_26' title="bbox 82 2397 1742 2470; baseline -0.004 -16"><span class='ocrx_word' id='word_1_212' title='bbox 82 2417 129 2455; x_wconf 91' lang='lat'>25</span> <span class='ocrx_word' id='word_1_213' title='bbox 150 2403 464 2470; x_wconf 83' lang='grc' dir='ltr'>θεωρήμασιν,</span> <span class='ocrx_word' id='word_1_214' title='bbox 491 2403 544 2453; x_wconf 80' lang='grc' dir='ltr'>οὐ</span> <span class='ocrx_word' id='word_1_215' title='bbox 575 2401 670 2466; x_wconf 88' lang='grc' dir='ltr'>μὴν</span> <span class='ocrx_word' id='word_1_216' title='bbox 695 2406 778 2452; x_wconf 87' lang='grc' dir='ltr'>τοῦ</span> <span class='ocrx_word' id='word_1_217' title='bbox 813 2400 1084 2461; x_wconf 79' lang='grc' dir='ltr'>βούλεσθαί</span> <span class='ocrx_word' id='word_1_218' title='bbox 1112 2423 1158 2451; x_wconf 92' lang='grc' dir='ltr'>τι</span> <span class='ocrx_word' id='word_1_219' title='bbox 1192 2402 1268 2451; x_wconf 82' lang='grc' dir='ltr'>καὶ</span> <span class='ocrx_word' id='word_1_220' title='bbox 1305 2406 1425 2450; x_wconf 86' lang='grc' dir='ltr'>νοεῖν</span> <span class='ocrx_word' id='word_1_221' title='bbox 1449 2397 1742 2468; x_wconf 75' lang='grc' dir='ltr'>ἐξῳκισμένη</span> 
     </span>
     <span class='ocr_line' id='line_1_27' title="bbox 148 2478 1743 2551; baseline -0.004 -15"><span class='ocrx_word' id='word_1_222' title='bbox 148 2490 407 2539; x_wconf 89' lang='grc' dir='ltr'>παντελῶς.</span> <span class='ocrx_word' id='word_1_223' title='bbox 460 2489 651 2551; x_wconf 85' lang='grc' dir='ltr'>πρῶτον</span> <span class='ocrx_word' id='word_1_224' title='bbox 675 2482 760 2548; x_wconf 80' lang='grc' dir='ltr'>μὲν</span> <span class='ocrx_word' id='word_1_225' title='bbox 785 2482 879 2550; x_wconf 81' lang='grc' dir='ltr'>γὰρ</span> <span class='ocrx_word' id='word_1_226' title='bbox 905 2482 1154 2547; x_wconf 75' lang='grc' dir='ltr'>αἰτήσαντι</span> <span class='ocrx_word' id='word_1_227' title='bbox 1179 2486 1245 2551; x_wconf 77' lang='grc' dir='ltr'>τῷ</span> <span class='ocrx_word' id='word_1_228' title='bbox 1271 2485 1474 2550; x_wconf 73' lang='grc' dir='ltr'>Χριστῷ</span> <span class='ocrx_word' id='word_1_229' title='bbox 1499 2480 1554 2531; x_wconf 83' lang='grc' dir='ltr'>τὸ</span> <span class='ocrx_word' id='word_1_230' title='bbox 1579 2478 1743 2542; x_wconf 77' lang='grc' dir='ltr'>ποτὸν,</span> 
     </span>
     <span class='ocr_line' id='line_1_28' title="bbox 149 2563 1736 2635; baseline -0.004 -17"><span class='ocrx_word' id='word_1_231' title='bbox 149 2568 411 2635; x_wconf 89' lang='grc' dir='ltr'>προχείρως</span> <span class='ocrx_word' id='word_1_232' title='bbox 437 2568 490 2618; x_wconf 83' lang='grc' dir='ltr'>οὐ</span> <span class='ocrx_word' id='word_1_233' title='bbox 516 2568 695 2628; x_wconf 88' lang='grc' dir='ltr'>δίδωσι,</span> <span class='ocrx_word' id='word_1_234' title='bbox 722 2565 1032 2633; x_wconf 89' lang='grc' dir='ltr'>παραλύοντα</span> <span class='ocrx_word' id='word_1_235' title='bbox 1058 2564 1113 2615; x_wconf 78' lang='grc' dir='ltr'>δέ</span> <span class='ocrx_word' id='word_1_236' title='bbox 1132 2587 1247 2627; x_wconf 89' lang='grc' dir='ltr'>πως,</span> <span class='ocrx_word' id='word_1_237' title='bbox 1275 2564 1392 2615; x_wconf 80' lang='grc' dir='ltr'>ὅσον</span> <span class='ocrx_word' id='word_1_238' title='bbox 1418 2563 1528 2627; x_wconf 77' lang='grc' dir='ltr'>ἧκεν</span> <span class='ocrx_word' id='word_1_239' title='bbox 1553 2564 1736 2628; x_wconf 88' lang='grc' dir='ltr'>ἀνθρω-</span> 
     </span>
     <span class='ocr_line' id='line_1_29' title="bbox 149 2646 1739 2715; baseline -0.004 -14"><span class='ocrx_word' id='word_1_240' title='bbox 149 2650 296 2703; x_wconf 85' lang='grc' dir='ltr'>πίνως</span> <span class='ocrx_word' id='word_1_241' title='bbox 322 2654 478 2712; x_wconf 79' lang='grc' dir='ltr'>εἰπεῖν,</span> <span class='ocrx_word' id='word_1_242' title='bbox 505 2647 589 2702; x_wconf 79' lang='grc' dir='ltr'>τὰς</span> <span class='ocrx_word' id='word_1_243' title='bbox 621 2648 897 2715; x_wconf 83' lang='grc' dir='ltr'>ἐπιχωρίους</span> <span class='ocrx_word' id='word_1_244' title='bbox 931 2651 1026 2698; x_wconf 88' lang='grc' dir='ltr'>τῶν</span> <span class='ocrx_word' id='word_1_245' title='bbox 1052 2647 1292 2697; x_wconf 88' lang='grc' dir='ltr'>Ἰουδαίων</span> <span class='ocrx_word' id='word_1_246' title='bbox 1319 2646 1569 2709; x_wconf 87' lang='grc' dir='ltr'>συνηθείας</span> <span class='ocrx_word' id='word_1_247' title='bbox 1595 2667 1739 2695; x_wconf 88' lang='grc' dir='ltr'>κατα-</span> 
     </span>
     <span class='ocr_line' id='line_1_30' title="bbox 151 2727 1788 2797; baseline -0.004 -13"><span class='ocrx_word' id='word_1_248' title='bbox 151 2732 373 2797; x_wconf 81' lang='grc' dir='ltr'>θεωμένη,</span> <span class='ocrx_word' id='word_1_249' title='bbox 400 2730 506 2785; x_wconf 76' lang='grc' dir='ltr'>τοὺς</span> <span class='ocrx_word' id='word_1_250' title='bbox 540 2733 624 2794; x_wconf 83' lang='grc' dir='ltr'>τῆς</span> <span class='ocrx_word' id='word_1_251' title='bbox 659 2728 980 2796; x_wconf 77' lang='grc' dir='ltr'>παραβάσεως</span> <span class='ocrx_word' id='word_1_252' title='bbox 1014 2727 1313 2794; x_wconf 74' lang='grc' dir='ltr'>προανεζήτει</span> <span class='ocrx_word' id='word_1_253' title='bbox 1350 2727 1536 2792; x_wconf 85' lang='grc' dir='ltr'>λόγους,</span> <span class='ocrx_word' id='word_1_254' title='bbox 1569 2750 1737 2790; x_wconf 92' lang='grc' dir='ltr'>μονον·</span> <span class='ocrx_word' id='word_1_255' title='bbox 1761 2737 1788 2777; x_wconf 86' lang='lat' dir='ltr'>b</span> 
     </span>
     <span class='ocr_line' id='line_1_31' title="bbox 204 2864 1744 2917; baseline -0.004 -11"><span class='ocrx_word' id='word_1_256' title='bbox 204 2883 256 2915; x_wconf 91' lang='lat'>14.</span> <span class='ocrx_word' id='word_1_257' title='bbox 284 2871 446 2917; x_wconf 79' lang='grc' dir='ltr'>ἶσηγητὴς</span> <span class='ocrx_word' id='word_1_258' title='bbox 463 2870 544 2914; x_wconf 84' lang='lat' dir='ltr'>(sic)</span> <span class='ocrx_word' id='word_1_259' title='bbox 566 2870 612 2903; x_wconf 91' lang='lat' dir='ltr'>D.</span> <span class='ocrx_word' id='word_1_260' title='bbox 746 2870 796 2904; x_wconf 80' lang='lat'>18.</span> <span class='ocrx_word' id='word_1_261' title='bbox 826 2869 842 2913; x_wconf 77' lang='grc' dir='ltr'>ἢ</span> <span class='ocrx_word' id='word_1_262' title='bbox 862 2881 931 2903; x_wconf 90' lang='lat' dir='ltr'>om.</span> <span class='ocrx_word' id='word_1_263' title='bbox 954 2869 994 2903; x_wconf 88' lang='grc' dir='ltr'>Β.</span> <span class='ocrx_word' id='word_1_264' title='bbox 1126 2880 1177 2913; x_wconf 89' lang='lat'>19.</span> <span class='ocrx_word' id='word_1_265' title='bbox 1205 2868 1323 2901; x_wconf 83' lang='grc' dir='ltr'>ἑαυτὸν</span> <span class='ocrx_word' id='word_1_266' title='bbox 1341 2879 1410 2901; x_wconf 90' lang='lat' dir='ltr'>om.</span> <span class='ocrx_word' id='word_1_267' title='bbox 1432 2867 1472 2901; x_wconf 87' lang='lat' dir='ltr'>B.</span> <span class='ocrx_word' id='word_1_268' title='bbox 1597 2878 1651 2901; x_wconf 84' lang='lat'>20.</span> <span class='ocrx_word' id='word_1_269' title='bbox 1679 2864 1744 2901; x_wconf 80' lang='grc' dir='ltr'>εἶεν</span> 
     </span>
    </p>
   </div>
   <div class='ocr_carea' id='block_1_8' title="bbox 153 2913 1743 3009">
    <p class='ocr_par' dir='ltr' id='par_1_10' title="bbox 153 2913 1743 3009">
     <span class='ocr_line' id='line_1_32' title="bbox 153 2913 1743 2961; baseline -0.003 -8"><span class='ocrx_word' id='word_1_270' title='bbox 153 2930 222 2953; x_wconf 79' lang='lat' dir='ltr'>om.</span> <span class='ocrx_word' id='word_1_271' title='bbox 244 2919 284 2952; x_wconf 88' lang='lat' dir='ltr'>B.</span> <span class='ocrx_word' id='word_1_272' title='bbox 432 2929 485 2951; x_wconf 87' lang='lat'>22.</span> <span class='ocrx_word' id='word_1_273' title='bbox 511 2916 707 2961; x_wconf 81' lang='grc' dir='ltr'>ἐπείγωνται</span> <span class='ocrx_word' id='word_1_274' title='bbox 727 2916 770 2949; x_wconf 79' lang='grc' dir='ltr'>Β.</span> <span class='ocrx_word' id='word_1_275' title='bbox 916 2927 969 2959; x_wconf 87' lang='lat'>24.</span> <span class='ocrx_word' id='word_1_276' title='bbox 997 2916 1100 2951; x_wconf 83' lang='grc' dir='ltr'>ὅντως</span> <span class='ocrx_word' id='word_1_277' title='bbox 1119 2921 1197 2949; x_wconf 80' lang='lat' dir='ltr'>ante</span> <span class='ocrx_word' id='word_1_278' title='bbox 1216 2914 1318 2960; x_wconf 81' lang='grc' dir='ltr'>ἐχρῆν</span> <span class='ocrx_word' id='word_1_279' title='bbox 1336 2920 1378 2949; x_wconf 82' lang='lat' dir='ltr'>tr.</span> <span class='ocrx_word' id='word_1_280' title='bbox 1400 2914 1441 2949; x_wconf 81' lang='lat' dir='ltr'>B.</span> <span class='ocrx_word' id='word_1_281' title='bbox 1578 2915 1632 2948; x_wconf 83' lang='lat'>28.</span> <span class='ocrx_word' id='word_1_282' title='bbox 1658 2913 1743 2948; x_wconf 89' lang='grc' dir='ltr'>Ἰου-</span> 
     </span>
     <span class='ocr_line' id='line_1_33' title="bbox 153 2962 960 3009; baseline -0.005 -9"><span class='ocrx_word' id='word_1_283' title='bbox 153 2966 274 3000; x_wconf 82' lang='grc' dir='ltr'>δαϊκῶν</span> <span class='ocrx_word' id='word_1_284' title='bbox 294 2965 334 2999; x_wconf 86' lang='grc' dir='ltr'>Β.</span> <span class='ocrx_word' id='word_1_285' title='bbox 480 2975 535 3008; x_wconf 82' lang='grc'>29.</span> <span class='ocrx_word' id='word_1_286' title='bbox 561 2962 803 3009; x_wconf 82' lang='grc' dir='ltr'>προσανεζὴτει</span> <span class='ocrx_word' id='word_1_287' title='bbox 826 2963 960 3008; x_wconf 74' lang='lat' dir='ltr'>Migne.</span> 
     </span>
    </p>
   </div>
  </div>
 </body>
</html>
