2084 3317
372 170 456 209 360
774 169 822 209 B.
858 169 1135 209 CYRILLI
1178 168 1556 209 ALEXANDR.
1829 184 1866 209 v.
1887 181 1954 223 34.

371 280 396 329 ὁ
424 284 630 333 τοιοῦτος
658 280 731 329 καὶ
760 279 842 329 οὐκ
867 277 962 330 ἀπὸ
987 284 1174 329 σκοποῦ
1199 277 1264 342 μὴ
1291 277 1480 331 πάντως
1503 278 1774 343 ἐπείγεσθαι
1800 276 1958 343 λέγειν

148 376 235 412 244
248 376 296 411 A.
330 359 424 412 arb
463 360 649 424 ἀληθὲς,
687 360 741 411 τὸ
781 359 829 411 δὲ
867 361 979 411 λίαν
1017 360 1269 425 προθύμως
1308 361 1534 422 ἐθελῆσαι
1572 364 1834 426 μαρτυρεῖν,
1870 360 1958 427 οὐχ

370 442 485 509 ὅπερ
529 442 621 509 ε”χει
663 448 745 492 τοῦ
788 441 1070 508 πράγματος
1114 441 1142 504 ἡ
1189 440 1347 510 φύσις,
1388 441 1535 508 ἑαυτῷ
1580 439 1630 492 δὲ
1675 445 1866 505 μᾶλλον
1903 441 1957 491 τὸ

370 526 537 575 δοκοῦν
569 524 933 592 ἀποφαίνεσθαι.
989 521 1329 589 ἐντεχνέστατα
1367 522 1522 572 τοίνυν
1555 524 1579 573 ὁ
1617 523 1789 589 Κύριος
1827 522 1959 586 ἡμῶν

367 606 555 670 Ἰησοῦς
588 607 612 656 ὁ
639 603 866 670 Χριστὸς,
892 609 1083 668 μᾶλλον
1111 604 1159 654 δὲ
1196 605 1258 657 ὡς
1285 602 1420 666 Θεὸς,
1448 605 1523 654 καὶ
1557 603 1644 668 τὴν
1669 606 1743 655 ἐπὶ
1779 603 1957 658 τούτοις
1977 621 2000 660 5

366 691 460 737 τῶν
489 687 766 753 Φαρισαίων
789 685 1161 752 προανατρέπων
1187 685 1340 736 αἰτίαν
1366 686 1518 754 φησίν
1539 686 1688 754 ςὙμεῖς
1714 684 1958 737 ἀπεστάλ-

369 792 481 819 κατε
517 770 624 837 πρὶς
650 766 852 828 Ἰωοίννην·
897 768 979 818 οὐκ
1014 768 1315 832 αὐτόκλητος,
1343 769 1481 836 φησὶ,
1504 766 1624 834 πρὸς
1650 766 1735 832 τὴν
1761 768 1829 818 ἐπ’
1857 768 1958 831 ἐμοὶ

366 852 539 918 ψῆφον
575 851 599 901 ὁ
637 848 922 913 βαπτιστὴς,
956 849 1048 918 ἔξω
1086 852 1168 913 τῆς
1207 850 1282 900 ἐπὶ
1321 848 1472 919 τούτῳ
1511 850 1716 900 κείσεται
1753 851 1957 917 γραφῆς,

321 944 348 984 b
368 932 615 997 ἐλευθεραν
649 931 907 996 ἐποιήσατο
938 929 1024 994 τὴν
1058 931 1334 998 μαρτυρίαν.
1385 934 1508 999 ὑμεῖς
1546 932 1804 997 ἐρωτῶντες
1839 932 1955 982 ἀπε-

368 1014 590 1065 στείλατε
621 1015 727 1083 πρὶς
753 1014 955 1075 Ἰωαννην,
986 1017 1063 1063 καὶ
1100 1011 1403 1082 μεμαρτύρηκε
1438 1014 1487 1083 τῇ
1520 1012 1720 1083 ἀληθεία.
1774 1011 1953 1078 ἐρωτώ-
1981 1037 2030 1062 10

369 1118 506 1159 μενος
543 1095 637 1162 γὰρ
675 1096 784 1161 παρ’
818 1094 1014 1157 ἐκείνων,
1051 1094 1182 1160 οἵπερ
1220 1093 1347 1158 ἦσαν
1382 1092 1500 1160 πρὸς
1539 1093 1680 1145 αὐτὸν
1715 1095 1958 1145 ἀπεσταλ-

143 1176 284 1255 ῗέΡΓΞὶἰ·
368 1177 509 1240 μένοι,
554 1182 592 1228 εἰ
637 1175 776 1230 αὐτός
826 1178 957 1226 ἐστιν
1001 1176 1025 1226 ὁ
1073 1174 1287 1241 Χριστός
1331 1183 1358 1205 “
1385 1174 1695 1240 εΩμολόγησε
1747 1178 1823 1226 καὶ
1875 1176 1959 1226 οὐκ

147 1262 197 1293 ²8·
369 1267 395 1288 ‘⁶
422 1259 679 1326 ἠρνήσατο·
724 1256 1038 1323 ὡμολόγησεν
1066 1256 1137 1307 ὅτι
1171 1255 1262 1322 ἐγὼ
1298 1258 1378 1307 οὐκ
1416 1259 1506 1318 εἰμὶ
1533 1257 1557 1306 ὁ
1586 1256 1816 1323 Χριστὸς,
1846 1257 1956 1307 ἀλλ’

368 1348 395 1371 “
422 1341 492 1391 ὅτι
532 1338 890 1402 ἀπεσταλμένος
928 1342 1017 1401 εἰμὶ
1057 1338 1325 1405 ἔμπροσθεν
1364 1338 1582 1388 ἐκει’νου.”
1636 1338 1960 1408 μεμαρτύρηκεν

367 1423 449 1473 οῦν
476 1424 524 1494 τῇ
550 1420 752 1493 ἀληθεία,
781 1419 978 1485 ἀλήθεια
1005 1419 1098 1486 γὰρ
1126 1421 1150 1470 ὁ
1176 1417 1407 1485 Χριστός.
1982 1439 2029 1478 15

299 1572 347 1608 34
400 1566 520 1614 ’Esco
557 1566 603 1608 δὲ
641 1567 688 1608 οὐ
727 1566 842 1623 παρὰ
882 1565 1114 1622 ἀνθρώπου
1152 1563 1228 1606 τήν
1267 1564 1502 1621 μαρτυρίαν
1541 1564 1762 1615 λαμβάνω,
1800 1563 1911 1604 ἀλλὰ

327 1702 348 1728 c
780 1651 909 1690 ταῦτα
947 1649 1060 1695 λέ-ῑΓω
1098 1648 1165 1689 ἵνα
1205 1645 1323 1696 ὑμεῖς
1362 1652 1542 1691 σωθῆτε.

441 1759 550 1826 Οὐχ
577 1760 638 1812 ὡς
665 1758 912 1825 ἄχρηστον
938 1755 1267 1819 ἀποπέμπεται
1294 1755 1380 1820 τὴν
1404 1754 1626 1806 Ἰωάννου
1651 1753 1828 1822 φωνὴν,
1855 1754 1958 1805 οὐδὲ

365 1839 513 1906 ἀργὸν
539 1840 790 1908 ἀποφαίνει
815 1842 897 1902 τῆς
924 1839 1145 1902 ἀληθείας
1173 1836 1254 1888 τὸν
1280 1837 1514 1904 μάρτυρα·
1557 1836 1586 1902 ὴ
1620 1835 1713 1902 γὰρ
1745 1834 1803 1886 ἂν
1828 1835 1959 1905 ἔδοξε

367 1922 551 1975 δικαίως
589 1921 728 1975 αὐτός
766 1944 810 1972 τι
848 1920 958 1971 καθ’
997 1922 1162 1971 ἑαυτοῦ
1201 1924 1295 1970 τῶν
1330 1918 1520 1970 ἀτόπων
1555 1918 1848 1985 ἐργάζεσθαι,
1875 1923 1958 1969 τοῦ
1980 1943 2029 1968 20

368 2006 535 2070 χρῆναι
568 2002 876 2054 πιστεύεσθαι
912 2001 1202 2068 παραλόγως
1233 2001 1482 2064 ἐκπέμπων
1514 1999 1566 2051 ὃν
1600 1999 1738 2053 αὐτὸς
1775 2000 1957 2067 ἔπεμψε

145 2095 198 2127 Es.
216 2095 260 2128 xl.
277 2103 306 2135 3·
367 2089 489 2145 βοᾶν
527 2091 554 2113 “
578 2083 896 2147 εΕτοιμοὶσατε
935 2082 1021 2146 τὴν
1060 2083 1169 2133 ὁδὸν
1213 2083 1401 2147 Κυρίου,
1442 2083 1617 2135 εὐθείας
1659 2086 1831 2132 ποιεῖτε
1874 2080 1959 2135 τὰς

370 2173 397 2196 “
424 2167 615 2232 τρίβους
640 2171 723 2216 τοῦ
751 2169 876 2216 Θεοῦ
903 2165 1074 2228 ἡμῶν·”
1110 2165 1220 2214 ἀλλ’
1250 2166 1312 2217 ὡς
1340 2163 1583 2233 ἀμετρήτῳ
1611 2162 1839 2231 δυσηκοΐᾳ
1864 2167 1960 2213 τῶν

366 2248 605 2299 Ἰουδαίων
648 2246 928 2314 μαχόμενος,
975 2248 1050 2298 ἐπὶ
1100 2245 1159 2296 τὰ
1208 2244 1345 2311 μείζω
1390 2268 1440 2297 τε
1486 2248 1560 2296 καὶ
1605 2244 1958 2314 ἀξιολογώτερα

321 2334 520 2397 ἀχωρεΐ,
570 2329 654 2380 οὐκ
711 2329 977 2394 ἀναγκαίως
1033 2327 1118 2392 μὲν
1168 2327 1224 2396 ἐξ
1275 2326 1493 2397 ανθρώπου
1552 2329 1713 2396 φωνῆς
1765 2324 1833 2386 την
1882 2327 1954 2394 ἐφ’
1976 2346 2027 2385 25

365 2413 513 2481 ἑαυτῷ
551 2411 772 2479 δέχεσθαι
809 2412 1047 2479 μαρτυρίαν
1086 2407 1241 2472 εἰπὼν,
1275 2414 1468 2473 μᾶλλον
1507 2409 1554 2460 δὲ
1593 2408 1687 2460 ἀπὸ
1726 2411 1807 2472 τῆς
1845 2430 1957 2475 πρε-

363 2494 551 2558 πούσης
587 2492 806 2562 ἐξουσίας
841 2496 907 2562 τῷ
942 2490 1061 2542 κατὰ
1098 2490 1248 2560 φύσιν
1275 2490 1373 2542 ὄντι
1402 2494 1523 2560 Θεῷ,
1551 2493 1626 2542 καὶ
1661 2490 1755 2542 ἀπὸ
1794 2493 1875 2554 τῆς
1908 2493 1956 2541 ἐν

364 2581 464 2630 ταῖς
511 2574 806 2639 θεοσημείαις
856 2575 1102 2641 ὑπεροχῆς,
1147 2573 1483 2639 λαμπροτέραν
1528 2573 1826 2637 ποιήσασθαι
1870 2571 1955 2635 τὴν

365 2656 621 2726 ἀπόδειξιν.
688 2654 903 2726 ανθρώπου
947 2653 1032 2718 μὲν
1074 2653 1166 2720 γὰρ
1213 2654 1319 2705 ἔσθ’
1363 2654 1439 2705 ὅτε
1483 2654 1854 2721 παρακρούσαιτ’
1896 2653 1954 2705 ἄν

364 2762 432 2793 τις
460 2739 638 2808 φωνὴν,
665 2740 726 2792 ὡς
762 2739 845 2789 οὐκ
880 2735 1223 2801 ἀληθεύουσαν,
1251 2740 1287 2787 εἰ
1314 2737 1395 2786 καί
1423 2759 1492 2790 τις
1523 2735 1589 2800 εἴη
1616 2734 1760 2803 τυχὸν
1785 2739 1880 2787 τῶν
1905 2736 1953 2786 ἐν
1975 2755 2026 2792 30

414 2884 441 2907 1.
468 2873 600 2908 πάντως
619 2873 711 2907 Β.Ῑ),
729 2872 855 2908 πάντας
874 2870 940 2905 Ed.
1101 2881 1132 2904 2.
1160 2871 1198 2904 τὸ
1217 2868 1270 2915 δὲ]
1290 2872 1336 2916 τῷ
1357 2870 1393 2905 δέ
1413 2870 1459 2904 D.
1618 2880 1671 2903 10.
1698 2847 1784 2913 προς
1799 2867 1953 2911 Ἰωάννην

363 2926 645 3000 assumptume
666 2919 707 2953 B.
824 2930 878 2952 21.
904 2917 1004 2952 αὐτὸς
1023 2916 1063 2951 Β.
1082 2917 1195 2952 αὐτοῖς
1215 2917 1279 2951 Ed.
1394 2927 1448 2961 23·
1475 2915 1651 2962 ἀμετρὴτῳ
1673 2915 1712 2949 Β.
1731 2915 1864 2960 ἀμέτρῳ
1884 2914 1950 2950 Ed.

365 2977 420 3008 24.
447 2981 481 3000 τε
499 2978 569 3000 om.
623 2992 630 3000 .
