2084 3317
131 134 273 187 vi.51.
366 132 440 173 IN
481 132 524 173 S.
558 131 893 173 JOANNEM.
956 132 1081 173 LIB.
1115 133 1193 174 IV.
1256 133 1390 174 CAP.
1426 135 1486 174 ΙΙ.
1640 138 1720 176 5:21

134 241 336 294 θανάτου
378 241 654 308 πικρότερον
697 241 752 294 τὸ
797 245 1058 306 ἀναστῆναι
1109 242 1228 309 πρὸς
1272 243 1488 306 κόλασιν,
1536 246 1609 294 καὶ
1658 248 1720 297 εἱς

133 325 278 387 μόνας
323 324 471 377 αἰκίας
511 323 565 374 τὸ
608 326 865 384 ἀναβιῶναι
907 329 1087 386 λαβεῖν.
1153 325 1432 391 κυριώτερον
1471 331 1721 391 τοιγαροῦν

134 403 253 472 ζωὴν
292 404 437 459 ὅντως
476 405 560 469 τὴν
598 408 646 456 ἐν
686 410 886 476 Χριστῷ
925 407 1127 471 νοητεόν,
1168 405 1254 471 τὴν
1292 409 1340 458 ἐν
1379 408 1604 475 ἁγιασμῷ
1646 409 1720 457 καὶ
1739 433 1760 456 a
1795 423 1878 456 355
1896 422 1945 456 A.

133 486 439 553 μακαριότητι
479 490 554 538 καὶ
593 487 872 558 ἀδιαπτώτῳ
910 492 968 556 τῇ
1010 489 1226 557 θυμηδίᾳ·
1284 490 1380 539 ἐπεὶ
1427 491 1502 539 καὶ
1547 487 1722 552 ταύτην

92 583 113 621 5
134 569 325 632 ἀληθῶς
360 570 511 620 οὖσαν
543 569 628 634 τὴν
655 569 774 635 ζωὴν
805 570 1109 639 ἐξεπίσταται
1145 573 1222 621 καὶ
1257 572 1282 622 ὁ
1320 570 1476 638 σοφὸς
1503 569 1723 634 Ἰωάννης

134 648 290 716 λέγων
318 658 344 680 “
364 652 427 702 ‘O
461 652 698 703 πιστεύων
729 656 791 706 εἷς
831 652 912 703 τὸν
938 652 1056 703 Υὶὸν
1091 652 1185 720 ἔχει
1223 651 1343 719 ζωὴν
1377 652 1576 715 αἰώνιον,
1610 653 1634 703 ὁ
1675 652 1723 702 δὲ
1785 652 1901 732 Ξξιῑζὲ

133 738 161 760 “
187 733 393 784 ἀπειθῶν
417 737 483 803 τῷ
509 738 610 803 Υἱῷ
646 735 730 785 οὐκ
765 733 935 803 ὄψεται
970 733 1105 801 ζωὴν,
1131 736 1242 785 ἀλλ’
1272 736 1299 799 ἡ
1335 735 1454 802 ὀργὴ
1488 740 1571 786 τοῦ
1599 739 1725 786 Θεοῦ

133 822 159 844 “
186 820 316 878 μενεῖ
341 816 409 866 ἐπ’
438 815 626 867 αὐτόν.”
683 815 780 866 ἰδοὺ
805 815 900 883 γὰρ
927 815 1025 867 ἰδοὺ
1049 816 1132 867 τὸν
1158 819 1206 868 ἐν
1232 817 1441 886 ἀπειθείᾳ
1472 826 1725 881 κατειλημ-

131 895 272 959 μένον
297 896 383 961 τὴν
410 896 531 964 ζωὴν
558 899 641 949 οὐκ
668 898 882 966 ὄψεσθαί
909 904 1050 965 φησι·
1096 899 1243 949 καίτοι
1269 899 1447 952 παντὸς
1473 905 1555 950 τοῦ
1582 898 1719 963 ποιή-

66 1000 114 1026 10
131 1001 280 1042 ματος
314 980 721 1045 παλινδρομήσειν
746 983 808 1034 εἷς
843 979 963 1046 ζωὴν
997 983 1070 1032 καὶ
1107 981 1472 1045 ἀναστήσεσθαι
1505 983 1720 1047 προσδο-

131 1060 357 1123 κωμένου.
411 1060 655 1127 πρόδηλον
682 1063 779 1120 οὖν,
809 1062 880 1113 ὅτι
915 1061 1001 1126 τὴν
1027 1068 1124 1117 τοῖς
1151 1063 1300 1129 ἁγίοις
1325 1062 1720 1129 ηὐτρεπισμένην,
1743 1074 1769 1114 b

132 1141 219 1207 τὴν
244 1145 292 1194 ἐν
318 1143 435 1212 δόξῃ
467 1147 588 1212 φημὶ
615 1146 690 1195 καὶ
719 1146 768 1195 ἐν
795 1146 1035 1214 ἁγιασμῷ,
1063 1144 1183 1212 ζωὴν
1209 1144 1396 1199 εἰκότως
1431 1144 1726 1196 ἀπεκάλεσεν

134 1227 159 1276 ὁ
197 1225 379 1293 Σωτὴρ,
406 1224 464 1290 ἣν
491 1226 560 1277 ὅτι
597 1226 776 1278 διώκειν
808 1226 966 1291 δεήσει
999 1227 1119 1293 πρὸς
1153 1227 1428 1296 μετάληψιν
1456 1226 1610 1281 ἰόντας
1645 1231 1727 1291 τῆς

133 1308 456 1375 ζωοποιούσης
480 1308 677 1375 σαρκὸς,
707 1310 855 1360 οὐδενὶ
881 1313 976 1360 τῶν
1002 1310 1051 1360 εὖ
1078 1308 1382 1379 φρονούντων
1409 1311 1703 1377 ἀμφίβολον.

67 1408 113 1445 15
209 1389 404 1456 Ἐπειδὴ
454 1390 503 1442 δὲ
554 1390 630 1442 διὰ
680 1396 880 1443 πολλῶν
928 1391 1018 1456 ἤδη
1072 1396 1167 1442 τῶν
1221 1391 1535 1457 προκειμένων
1586 1392 1728 1458 ἄρτον

133 1471 299 1524 ἑαυτὸν
346 1471 643 1524 ἀπεκάλεσεν
688 1475 712 1523 ὁ
760 1472 943 1540 Σωτὴρ,
982 1473 1151 1537 ἴδωμεν
1192 1473 1354 1536 πάλιν,
1395 1478 1431 1524 εἶ
1476 1472 1587 1537 μήτι
1634 1478 1728 1523 τῶν

133 1555 627 1621 προκατηγγελμένων
666 1559 727 1609 εἷς
768 1562 876 1606 νοῦν
916 1555 1238 1624 ἀναφέρεσθαι
1277 1554 1360 1606 τὸν
1393 1556 1618 1622 ἡμέτερον
1654 1558 1729 1606 καὶ

134 1637 209 1688 διὰ
246 1639 412 1689 τούτου
446 1637 685 1700 βούλεται,
713 1639 788 1688 καὶ
823 1642 916 1689 τῶν
944 1639 991 1689 ἐν
1017 1643 1114 1692 τοῖς
1146 1642 1282 1704 ἱεροῖς
1308 1638 1527 1702 κειμένων
1554 1640 1725 1702 ἀναμι-

133 1719 334 1784 μνήσκει
359 1719 665 1787 γραμμάτων,
692 1723 740 1771 ἐν
766 1719 833 1774 οἷς
867 1723 929 1774 ὡς
965 1722 1013 1770 ἐν
1039 1720 1183 1786 ἄρτου
1215 1719 1429 1788 σχήματι
1465 1722 1540 1770 καὶ
1576 1718 1728 1772 πάλαι

1498 1807 1518 1815 Α

66 1827 115 1852 20
135 1802 517 1866 κατεσημαίνετο.
599 1803 862 1868 γέγραπται
907 1802 1063 1853 τοίνυν
1101 1803 1149 1853 ἐν
1187 1807 1283 1856 τοῖς
1323 1805 1537 1868 ἀριθμοις
1577 1809 1604 1831 “
1634 1804 1765 1863 Kale
1787 1804 1919 1887 {5¹¹2-

135 1891 163 1913 “
188 1884 400 1949 ἐλάλησε
428 1883 601 1950 Κύριος
632 1884 751 1951 πρὸς
781 1887 1001 1947 Μωυσῆν
1027 1883 1183 1950 λέγων
1210 1884 1445 1949 Λάλησον
1479 1889 1574 1938 τοῖς
1615 1887 1726 1938 υἱοῖς
1791 1900 1840 1920 ²¹·

134 1973 161 1995 “
187 1965 391 2033 Ἰσραὴλ
419 1967 494 2017 καὶ
521 1968 634 2032 ἐρεῖς
660 1963 780 2032 πρός
811 1965 980 2019 αὐτούς
1007 1966 1094 2016 Ἐν
1120 1971 1187 2035 τῷ
1218 1965 1581 2032 εἰσπορεύεσθαι
1609 1967 1728 2028 ὑμᾶς

134 2056 161 2079 “
188 2052 251 2102 εἰς
286 2047 372 2113 τὴν
398 2052 489 2114 γῆν
520 2051 581 2103 εἷς
615 2047 673 2113 ἢν
706 2047 798 2113 ἐγὼ
833 2048 1012 2114 εἰσάγω
1049 2050 1165 2112 ὑμᾶς
1200 2051 1304 2110 ἐκεῖ,
1333 2051 1407 2099 καὶ
1444 2048 1579 2098 ἔσται
1615 2047 1730 2098 ὅταν

133 2138 161 2160 “
187 2130 358 2196 ε”σθητε
395 2133 521 2194 ὑμεῖς
556 2130 650 2182 ἀπὸ
685 2135 779 2181 τῶν
806 2131 960 2196 ἄρτων
987 2133 1070 2194 τῆς
1105 2133 1206 2196 γῆς,
1234 2132 1450 2199 ἀφελεῖτε
1488 2131 1729 2197 ἀφαίρεμα

66 2232 114 2271 25
134 2220 160 2243 ‘⁴
185 2213 437 2281 ἀφόρισμα
455 2214 630 2283 Κυρίῳ·
649 2211 869 2280 ἀπαρχὴν
887 2212 1164 2281 φυράματος
1183 2214 1311 2276 ὑμῶν
1329 2212 1473 2278 ἄρτον
1489 2212 1728 2280 ἀφαίρεμα

133 2302 161 2325 “
187 2297 423 2364 ἀφοριεῖτε
450 2294 578 2358 αὐτὸ,
605 2297 666 2349 ὡς
693 2295 931 2365 ἀφαίρεμα
959 2294 1053 2346 ἀπὸ
1085 2293 1285 2357 ἅλωνος,
1312 2296 1458 2347 οὕτως
1491 2297 1727 2361 ἀφοριεΐτε

135 2384 161 2406 “
188 2376 343 2439 αὐτὸν,
381 2376 602 2445 ἀπαρχὴν
637 2377 915 2445 φυράματος
955 2379 1097 2440 ὑμῶν,
1133 2379 1207 2428 καὶ
1247 2376 1423 2428 δώσετε
1463 2380 1529 2444 τῷ
1568 2375 1728 2444 Κυρίῳ

136 2466 162 2489 “
189 2459 428 2528 ἀφαίρεμα
455 2463 516 2513 εἰς
543 2460 626 2513 τὰς
653 2458 812 2525 γενεὰς
841 2460 1012 2522 ὑμῶν.”
1055 2461 1408 2525 αἰνιγματωδῶς
1433 2457 1517 2520 μὲν
1544 2458 1625 2508 οὖν
1652 2459 1726 2507 καὶ
1744 2471 1771 2512 d

134 2546 333 2610 παχεῖαν
356 2539 520 2608 ὥσπερ
555 2540 640 2605 τὴν
667 2540 761 2593 ἀπὸ
797 2546 880 2592 τοῦ
914 2540 1193 2608 γράμματος
1227 2540 1521 2606 περιστολὴν
1554 2538 1674 2607 ἔχων
1701 2541 1726 2590 ὁ

183 2723 217 2752 4.
244 2712 283 2754 τῇ
303 2716 525 2755 assumptum
545 2722 584 2744 ex
608 2710 647 2744 B.
745 2720 778 2756 5.
804 2712 863 2754 τὴν
880 2723 950 2745 om.
972 2710 1063 2744 Catt.
1131 2711 1310 2744 ἐπίσταται
1330 2709 1424 2743 Catt.
1525 2718 1554 2753 7.
1582 2706 1725 2753 ὄψεται]

141 2762 175 2796 -1-
198 2760 258 2800 τὴν
278 2757 343 2791 Ed.
361 2757 478 2791 invitis
501 2757 540 2791 B.
562 2757 668 2791 Cord.
794 2770 826 2803 9.
854 2759 978 2793 παντὸς
996 2760 1055 2791 τοῦ
1074 2758 1139 2791 hoc
1158 2757 1281 2791 ordine
1304 2757 1344 2790 Β.
1365 2756 1458 2790 Catt.
1584 2766 1636 2789 10.
1662 2755 1725 2800 εἷς]

135 2805 220 2848 πρὸς
239 2804 331 2838 Catt.
444 2814 497 2838 12.
524 2804 662 2848 ἔνδοξον
683 2805 721 2838 Β.
787 2806 822 2839 ἐν
839 2806 897 2838 alt.
917 2811 1140 2848 assumptum
1160 2816 1201 2837 ex
1223 2803 1263 2837 B.
1378 2803 1431 2837 16.
1457 2803 1574 2835 ἑαυτὸν
1592 2814 1662 2835 om.
1686 2802 1724 2836 B.

139 2862 194 2886 20.
219 2849 348 2895 τοίνυν]
373 2854 410 2891 -i-
433 2851 477 2885 ὡς
497 2850 538 2884 Β.
684 2862 738 2886 22.
766 2851 1010 2896 ἐκπορεύεσθαι
1031 2851 1111 2894 (sic)
1135 2851 1176 2884 B.
1335 2860 1390 2894 23.
1417 2849 1471 2882 ὅτε
1494 2849 1532 2882 B.
1602 2848 1728 2882 Statim

136 2897 259 2941 ἔσθητε
280 2897 320 2932 Β.
339 2897 473 2940 ἐσθίητε
494 2897 559 2932 Ed.
580 2899 637 2942 (44
659 2898 717 2942 al.)
862 2909 918 2940 24.
945 2898 1119 2943 ἀφοριεῖτε
1141 2897 1182 2931 Β.
1318 2897 1372 2930 26.
1400 2897 1527 2931 ἅλωνος
1549 2895 1589 2929 B.
1611 2895 1727 2935 (Alex.

137 2945 222 2979 VII.
244 2944 304 2987 X.)
324 2946 396 2978 ίίλω
416 2944 480 2978 Ed.

193 3012 287 3040 τοι.
312 3012 339 3040 1.
931 3013 953 3053 ,3
978 3012 1003 3039 x
