2084 3317
164 150 233 193 vii.
254 168 292 207 9,
313 167 377 197 10.
425 157 498 198 IN
540 160 582 200 S.
617 160 954 207 JOANNEM.
1016 168 1141 211 LIB.
1176 172 1252 213 IV.
1316 175 1450 217 CAP.
1474 179 1525 218 V.
1667 182 1749 222 593

158 257 399 320 εὐσεβείας
441 266 746 333 ὀλιγωρήσας
790 273 815 323 ὁ
855 273 1075 340 Ἰσραήλ·
1132 279 1244 329 ἀλλ’
1287 282 1516 347 ὀργίζεται
1561 289 1746 341 δικαίως

156 339 231 390 ἐπὶ
279 343 459 399 τούτοις
510 348 535 397 ὁ
586 353 860 418 νομοθέτης,
915 358 990 406 καὶ
1038 361 1120 422 τῆς
1172 362 1404 429 ἐλαφριάς
1455 371 1549 416 τῶν
1599 370 1743 424 οὕτως

155 420 349 485 ἑτοίμως
382 428 454 495 ἐφ’
490 425 521 478 ἃ
553 429 619 494 μὴ
654 438 894 499 προσῆκεν
926 439 1284 493 ἀποκλινάντων
1315 447 1633 513 καταβοήσας,
1666 455 1741 503 καὶ

152 502 476 571 ἐξαναλώσειν
502 511 714 582 εἰσάπαξ
735 516 998 581 ἀπειλήσας
1028 522 1207 584 αὐτοὺς,
1236 526 1283 574 ἐν
1309 532 1590 585 τελευταίοις
1616 537 1738 599 φησὶ
1758 556 1780 580 a
1809 549 1897 584 405
1915 550 1965 585 A.

107 583 269 649 5πρὸς
313 587 396 640 τὸν
434 588 571 656 ἅγιον
612 597 826 647 Μωυσέα
865 605 893 627 “
922 602 1132 666 Πορεύου
1173 608 1248 656 καὶ
1287 609 1490 675 ἀνάβηθι
1531 614 1738 666 ἐντεῦθεν
1801 615 1959 699 ἓξὲξ]

150 671 177 694 “
203 665 267 718 σὺ
305 672 381 721 καὶ
419 673 444 722 ὁ
483 674 599 729 λαός
638 700 743 740 σου,
779 679 857 733 οὓς
896 681 1126 750 ἐξήγαγες
1165 687 1222 755 ἐξ
1258 691 1515 755 Αἰγύπτου,
1552 699 1614 749 εἷς
1651 695 1738 761 τὴν
1804 711 1830 732 ²·

147 753 175 777 “
200 752 291 814 γῆν
315 750 374 816 ἣν
400 752 570 817 ὤμοσα
605 762 670 826 τῷ
702 761 928 826 Ἀβραὰμ
962 768 1038 815 καὶ
1062 767 1230 819 Ἰσαὰκ
1271 774 1346 822 καὶ
1370 771 1546 836 Ἰακὼβ
1583 777 1737 844 λέγων

147 836 173 858 “
201 833 284 900 Τῷ
321 836 560 902 σπέρματι
601 841 729 902 ὑμῶν
769 843 910 894 δώσω
949 846 1106 911 αὐτὴν,
1143 853 1217 901 καὶ
1256 864 1605 909 συναποστελῶ
1641 860 1735 925 πρὸ

144 917 171 940 “
195 915 460 978 προσώπου
483 942 576 969 σου
601 920 684 971 τὸν
710 922 918 989 ἄγγελόν
942 929 1075 990 μου,”
1103 929 1201 981 εἶτα
1228 933 1355 999 λέγει
1389 939 1507 1002 πρὸς
1539 942 1680 993 αὐτὸν
1707 947 1731 994 ὁ

74 1003 122 1028 10
143 995 360 1059 Μωυσῆς
387 1005 415 1026 “
436 1003 495 1050 Εἰ
528 1000 595 1065 μὴ
631 1003 770 1058 αὐτὸς
804 1009 1119 1079 συμπορεύσῃ
1152 1013 1250 1076 μετ’
1278 1018 1402 1079 ἐμοῦ,
1431 1019 1495 1084 μή
1526 1045 1584 1085 με
1611 1025 1724 1076 ἀνα·
1794 1028 1843 1101 {¹5
1864 1039 1912 1069 ¹5³

139 1081 167 1103 ‘⁶
193 1075 344 1145 γάγῃς
395 1081 623 1134 ἐντεῦθεν·
684 1088 760 1137 καὶ
810 1092 912 1142 πῶς
962 1092 1183 1155 γνωστὸν
1235 1096 1367 1149 ἔσται
1419 1103 1608 1167 ἀληθῶς
1659 1107 1727 1157 ὅτι

138 1161 165 1185 “
190 1158 362 1225 εὕρηκα
405 1161 544 1230 χάριν
588 1165 719 1232 παρὰ
763 1171 857 1232 σοὶ,
899 1172 991 1237 ἐγὼ
1036 1177 1110 1226 καὶ
1158 1178 1182 1227 ὁ
1231 1178 1346 1234 λαός
1392 1205 1497 1245 σου,
1543 1188 1653 1237 ἀλλ’
1698 1188 1773 1254 ἢΙ)

136 1243 164 1267 “
189 1246 606 1309 συμπορευομένου
644 1271 736 1299 σου
774 1253 881 1314 μεθ’
921 1255 1054 1318 ἡμῶν
1075 1278 1087 1318 ;
1146 1261 1220 1310 καὶ
1260 1259 1355 1313 εἷπε
1397 1264 1570 1331 Κύριος
1609 1269 1727 1336 πρὸς
1788 1290 1907 1331 Ib.17.

134 1325 163 1348 ‘⁶
192 1324 414 1389 Μωυσῆν
443 1329 537 1378 Καὶ
575 1331 741 1382 τοῦτόν
779 1356 859 1384 σοι
898 1335 980 1387 τὸν
1017 1337 1165 1404 λόγον
1202 1340 1255 1392 ὃν
1294 1345 1478 1410 εἴρηκας
1515 1350 1720 1414 ποιήσω·

65 1407 161 1452 15⁶⁶
187 1403 315 1469 εὗρες
365 1406 456 1474 γὰρ
507 1408 647 1477 χάριν
691 1416 800 1480 παρ’
847 1418 992 1479 ε’μοι’,”
1065 1422 1178 1491 ὁρᾷς
1224 1423 1352 1480 ὅπως
1395 1430 1468 1480 ἐπὶ
1512 1431 1597 1494 μὲν
1641 1441 1723 1485 τοῦ

129 1484 332 1550 Ἰσραὴλ
377 1490 655 1562 ἀποστασία
703 1496 1011 1563 λυπούμενος,
1057 1504 1111 1553 οὐ
1162 1510 1587 1573 συναναβήσεσθαι
1637 1516 1722 1579 μὲν

129 1569 192 1619 εἷς
231 1566 317 1631 τὴν
358 1574 449 1635 γῆν
488 1574 643 1628 αὐτοῖς
684 1580 767 1641 τῆς
806 1581 1093 1647 ἐπαγγελίας
1138 1589 1460 1658 διισχυρίζετο,
1500 1618 1716 1649 συναπο-

127 1647 352 1702 στέλλειν
403 1653 460 1704 δέ
502 1678 606 1706 τινα
657 1658 866 1725 ἄγγελον
920 1664 1144 1732 ἔφασκεν,
1197 1674 1322 1723 αἰδοῖ
1375 1674 1424 1725 δὲ
1483 1682 1541 1745 τῇ
1599 1680 1718 1745 πρὸς

127 1731 358 1795 Μωυσέα,
385 1738 461 1786 καὶ
499 1741 557 1805 τῇ
596 1743 690 1790 τῶν
721 1743 938 1810 πατέρων
970 1750 1130 1817 μνήμῃ
1169 1751 1254 1816 τὴν
1285 1759 1579 1823 συγγνώμην
1611 1764 1712 1813 ἐπι-

57 1823 106 1849 20
124 1810 291 1876 διδοὺς,
330 1821 702 1880 συμβαδιεῖσθαι
736 1823 885 1875 πάλιν
919 1828 1074 1883 αὐτοῖς
1110 1835 1451 1905 καθυπέσχετο.

196 1893 552 1962 Ἀρνησοῖμενος
598 1912 850 1971 τοιγαροῦν
892 1909 944 1959 τὸ
987 1915 1312 1982 συνεορτάζειν
1355 1920 1606 1986 Ἰουδαίοις,
1651 1930 1752 1981 ὡςο

120 1973 322 2041 ἀλαζόσι
367 1982 442 2031 καὶ
489 1983 754 2051 ὑβρισταῖς,
798 1990 860 2043 ὡς
907 1991 983 2041 διὰ
1023 1997 1106 2058 τῆς
1147 1997 1390 2062 ἀρνήσεως
1435 2005 1711 2073 ἀτιμάζουσι

119 2055 256 2120 Θεὸν,
296 2059 458 2129 ὥσπερ
499 2065 580 2115 οὖν
619 2068 780 2120 ἐκεῖνοι
819 2071 895 2122 διὰ
933 2077 1016 2137 τῆς
1055 2084 1383 2145 μοσχοποιίας,
1424 2086 1478 2135 οὐ
1515 2088 1710 2156 σφόδρα

117 2139 454 2207 φιλονεικήσας
494 2151 589 2200 τοῖς
624 2154 718 2199 τῶν
753 2153 1032 2208 λυπούντων
1065 2161 1380 2226 πταίσμασιν,
1413 2168 1708 2235 ἀποπληρῶν

48 2229 96 2268 25
117 2217 165 2269 δὲ
201 2226 394 2283 μᾶλλον
425 2225 510 2290 τὴν
551 2233 613 2282 εἷς
650 2231 758 2286 τοὺς
796 2235 956 2300 ἁγίους
993 2240 1198 2307 πατέρας
1239 2245 1517 2314 ὑπόσχεσιν,
1555 2251 1707 2304 ἄνεισι

115 2301 334 2372 διδάξων,
361 2311 437 2358 καὶ
474 2309 533 2360 τὰ
567 2315 630 2365 εἷς
660 2318 901 2382 σωτηρίαν
927 2321 1084 2375 αὐτοῖς
1113 2326 1410 2391 παραθήσων
1435 2333 1704 2397 μαθήματα,

113 2385 197 2434 οὐκ
231 2387 425 2458 ἀγγέλῳ
460 2390 546 2454 τὴν
581 2394 800 2460 τοιαύτην
834 2400 1094 2470 ἐπιτρέψας
1133 2407 1384 2471 διακονίαν,
1422 2410 1586 2480 ὥσπερ
1624 2418 1705 2467 οὖν

112 2465 218 2516 οὐδὲ
245 2466 366 2531 τότε,
397 2472 656 2540 αὐτουργὸς
691 2477 739 2528 δὲ
772 2484 963 2542 μᾶλλον
990 2487 1065 2536 καὶ
1101 2490 1164 2540 εἷς
1197 2488 1282 2553 τὴν
1309 2495 1403 2543 τῶν
1429 2495 1704 2561 ἀχαρίστων

111 2549 353 2614 σωτηρίαν
378 2553 667 2619 γιγνόμενος.
1717 2635 1744 2676 d

161 2703 190 2727 1.
216 2693 384 2738 ὀργίζεται
404 2696 447 2731 Β.
465 2699 626 2745 ὠργίζετο
645 2703 711 2738 Ed.
813 2719 842 2753 7.
869 2708 986 2745 Ἰσαὰκ
1003 2713 1055 2746 καὶ
1076 2713 1118 2748 Β.
1137 2718 1182 2761 τῷ
1199 2715 1316 2752 Ἰσαὰκ
1334 2722 1388 2753 καὶ
1405 2723 1451 2766 τῷ
1472 2721 1538 2757 Ed.
1557 2725 1617 2769 (74
1635 2727 1696 2770 al.)

114 2750 167 2780 14.
194 2739 268 2785 σοι]
290 2756 355 2776 σου
375 2743 422 2777 Ι).
441 2744 514 2790 (57,
536 2749 607 2792 75.)
793 2764 845 2800 15.
874 2756 929 2790 ἐπὶ
947 2758 1024 2804 μὲν]
1044 2760 1079 2793 ἐν
1096 2763 1135 2804 τῇ
1157 2762 1198 2796 Β.
1386 2768 1436 2801 18.
1464 2769 1554 2815 τινα]
1574 2772 1633 2806 τὸν
1652 2772 1694 2808 B.

110 2795 166 2820 22.
192 2785 382 2835 ἀρνήσεως]
401 2790 523 2835 ἀρτίως
540 2793 711 2839 ἀρνήσεως
730 2799 772 2834 Β.
873 2814 927 2848 25.
953 2807 1087 2847 μᾶλλον
1104 2819 1174 2843 om.
1197 2809 1237 2844 Β.
1337 2823 1392 2857 29.
1417 2817 1595 2859 γενόμενος
1614 2818 1655 2855 Βἱ

161 3015 254 3045 VOL.
278 3018 307 3046 1.
855 3035 881 3073 4
904 3035 929 3061 G
