2084 3317
96 134 151 175 vi.
172 136 238 189 56.
334 135 407 175 IN
449 134 491 174 S.
525 133 861 174 JOANNEM.
925 133 1047 173 LIB.
1082 132 1159 174 IV.
1222 133 1356 173 CAP.
1391 132 1452 172 II.
1602 131 1682 171 535

96 244 333 306 ποικίλως,
360 266 434 293 και
465 241 763 310 πανταχόθεν
790 243 899 306 ἡμῖν
925 241 980 292 τὸ
1015 243 1065 292 ἐκ
1101 245 1185 291 τοῦ
1220 240 1500 307 πράγματος
1536 261 1683 290 κατα-

97 323 358 391 λαμπρύνει
392 325 643 391 χρήσιμον,
676 323 892 387 θεμέλιον
924 321 1088 389 ὥσπερ
1126 345 1230 373 τινα
1271 323 1348 372 καὶ
1386 324 1590 387 κρηπῖδα
1628 322 1687 387 τῇ

97 408 254 458 πίστει
297 405 384 470 τὴν
421 407 489 457 ἐπ’
531 407 657 457 αὐτῶ
696 405 966 469 καλλίστην
1006 404 1255 468 ἐπιθυμίαν
1294 401 1614 468 καταπηγνύς
1669 407 1687 453 ὁ

96 487 190 554 γὰρ
227 512 399 557 τρωγων
428 513 511 557 μου
550 490 675 556 φησὶ
712 513 780 547 την
814 488 966 557 σάρκα
1008 511 1086 538 και
1121 488 1251 538 πίνων
1287 511 1370 554 μου
1407 510 1452 536 το
1489 507 1617 552 οιιμοι
1651 484 1689 535 ἐν

56 572 190 639 5ὲμοι
229 594 360 638 μενει,
403 569 536 637 κάγω
575 572 612 622 ἐν
653 569 786 638 οιυτῷ.
843 568 1008 635 ὥσπερ
1041 592 1140 668 γαρ
1179 568 1222 619 εἴ
1255 591 1326 622 τις
1365 566 1509 634 κηρὸν
1548 565 1689 634 ἑτερω

97 651 329 721 συνάψειε
355 656 496 722 κηρῷ,
521 651 708 706 πάντως
741 626 892 716 δήπου
924 674 1000 702 και
1036 651 1192 717 ἕτερον
1218 651 1266 700 ἐν
1292 650 1432 719 ἑτερω
1460 648 1728 715 γεγονόταὸι
1759 655 1844 689 365
1860 652 1909 686 Α·

99 733 377 803 κατόψεται·
420 734 502 785 τὸν
536 733 678 785 αὐτὸν
711 731 838 796 οἶμαι
876 733 1054 800 τρόπον
1085 735 1159 783 καὶ
1197 738 1214 784 ὁ
1249 731 1317 792 τὴν
1355 732 1508 800 σάρκα,
1548 727 1687 797 δεχό-

98 839 237 879 μενος
264 821 347 867 τοῦ
373 818 595 881 Σωτῆρος
621 816 754 879 ἡμῶν
781 819 1013 881 Χριστοῦ,
1038 820 1115 865 καὶ
1145 816 1272 865 πίνων
1298 814 1441 864 αὐτοῦ
1468 813 1512 863 τὶ
1539 812 1693 874 τίμιον

100 897 238 965 οιῖμοι,
265 897 387 948 καθά
422 902 574 966 φησιν
599 895 752 958 αὐτὸς,
780 895 828 947 ἓν
855 898 917 949 ὡς
955 894 1074 961 πρὸς
1110 895 1253 946 αὐτὸν
1279 895 1542 961 εὑρίσκεται
1577 916 1694 944 συν-

33 1001 81 1026 10
101 979 463 1045 ανακιρνάμενος
490 978 654 1044 ὥσπερ
682 980 756 1028 καὶ
784 977 1157 1043 ἀναμιγνύμενος
1183 978 1308 1046 αὐτῷ
1334 976 1409 1027 διὰ
1437 979 1519 1038 τῆς
1544 998 1688 1039 μετα-

101 1061 315 1129 λήψεως,
346 1063 408 1115 ὡς
443 1062 491 1111 ἐν
517 1064 719 1129 Χριστῷ
757 1058 843 1123 μὲν
870 1059 1013 1110 αὐτὸν
1045 1058 1365 1126 εὑρίσκεσθαι,
1393 1057 1612 1123 Χριστὸν
1647 1056 1696 1108 δὲ

101 1144 160 1194 αὖ
193 1141 341 1195 πάλιν
372 1144 408 1194 ἐν
441 1145 579 1213 αὐτῷ.
634 1144 755 1194 οὕτω
793 1165 895 1196 πως
933 1142 1054 1206 ἡμᾶς
1094 1143 1169 1192 καὶ
1208 1143 1256 1192 ἐν
1289 1145 1355 1210 τῷ
1391 1139 1512 1192 κατὰ
1546 1143 1692 1190 Ματ-

103 1229 236 1276 θαῖον
288 1225 585 1294 Εὐαγγελίῳ,
632 1224 848 1290 Χριστὸς
898 1223 1212 1290 ἐπαιδαγώγει
1264 1224 1421 1289 λέγων
1468 1229 1495 1251 “
1519 1220 1919 1317 ΗΟμοιαὺΞίἒῙᾟῦ·

103 1315 130 1337 “
155 1309 288 1358 ἐστὶν
325 1307 353 1371 ἡ
391 1307 619 1368 βασιλεία
656 1311 752 1358 τῶν
790 1307 1002 1372 οὐρανῶν
1040 1305 1171 1374 ζύμῃ,
1209 1303 1268 1369 ἣν
1306 1310 1535 1366 λαβοῦσα
1578 1301 1697 1368 γυνὴ

37 1396 132 1445 15“
158 1389 362 1458 ἔκρυψεν
401 1393 463 1442 εἰς
501 1390 703 1455 ἀλεύρου
742 1387 870 1439 σάτα
908 1389 1028 1455 τρία,
1067 1388 1153 1442 ἕως
1191 1387 1245 1438 οὗ
1283 1386 1494 1453 ἐζυμώθη
1534 1385 1696 1436 ὅλον.”

103 1473 173 1525 τίς
206 1470 292 1535 μὲν
319 1471 400 1522 οὖν
425 1472 453 1534 ἡ
487 1470 620 1536 γυνὴ,
647 1470 717 1525 τίς
755 1470 803 1522 δὲ
837 1475 931 1522 τῶν
958 1469 1262 1535 καλουμένων
1287 1469 1451 1520 σάτων
1476 1468 1504 1532 ἡ
1540 1465 1694 1534 τριὰς,

104 1552 133 1618 ἢ
173 1554 250 1604 καὶ
287 1554 337 1604 τί
371 1552 424 1604 τὸ
463 1552 614 1604 σάτον
647 1553 771 1607 ὅλως
809 1554 954 1615 ἐστὶν,
987 1554 1036 1603 ἐν
1071 1553 1222 1622 οἰκείῳ
1260 1551 1507 1620 λελέξεται
1544 1548 1696 1618 τόπῳ·

103 1635 223 1701 πρὸς
259 1635 314 1686 δέ
340 1659 395 1700 γε
429 1635 483 1687 τὸ
518 1634 673 1702 παρὸν
704 1639 766 1689 εἷς
801 1634 950 1699 μόνην
981 1635 1174 1701 ἐροῦμεν
1204 1633 1291 1698 τὴν
1317 1632 1476 1699 ζύμην.
1535 1631 1700 1696 ὥσπερ

105 1719 187 1769 οὖν
226 1719 250 1769 ὁ
293 1718 488 1772 Παῦλός
533 1722 698 1786 φησιν,
739 1717 859 1769 (ζὸτι
901 1716 1045 1784 μικρὰ
1087 1717 1204 1783 ζύμη
1248 1716 1365 1767 ὅλον
1404 1714 1458 1766 τὸ
1503 1714 1701 1783 φύραμα
1763 1711 1911 1787 ἔθων·

40 1807 134 1848 2ο“
161 1800 332 1866 ζυμοῖ,”
363 1802 511 1854 οὕτως
548 1798 786 1865 ὀλιγοστὴ
824 1797 974 1851 πάλιν
1008 1799 1202 1864 εὐλογία
1238 1797 1438 1861 σύμπαν
1472 1797 1603 1861 ἡμῶν
1640 1800 1702 1849 εἰς

106 1882 275 1947 ἑαυτὴν
300 1882 526 1951 ἀναφύρει
551 1882 606 1934 τὸ
633 1886 791 1945 σῶμα,
811 1883 887 1932 καὶ
913 1884 996 1945 τῆς
1021 1882 1139 1934 ἰδίας
1164 1880 1394 1946 ἐνεργείας
1420 1881 1703 1944 ἀναπληροῖ,
1723 1898 1745 1925 c

108 1966 229 2016 οὕτω
267 1988 317 2016 τε
354 1966 403 2016 ἐν
440 1965 551 2028 ἡμῖν
589 1965 767 2030 γίνεται
806 1962 1038 2030 Χριστὸς,
1079 1964 1156 2013 καὶ
1196 1962 1329 2026 ἡμεῖς
1369 1962 1428 2012 αὖ
1468 1962 1618 2013 πάλιν
1656 1961 1706 2010 ἐν

109 2049 252 2117 αὐτῷ.
307 2049 381 2099 καὶ
420 2045 514 2113 γὰρ
553 2045 610 2111 δὴ
647 2047 724 2097 καὶ
760 2045 1004 2110 ἀληθεύων
1036 2047 1131 2112 ἐρεῖ
1159 2067 1230 2098 τις
1265 2043 1336 2095 ὅτι
1372 2046 1448 2094 καὶ
1486 2045 1534 2094 ἐν
1566 2044 1708 2094 παντὶ

109 2130 193 2193 μέν
225 2131 356 2180 ἐστιν
388 2129 416 2192 ἡ
456 2129 574 2195 ζύμη
613 2135 697 2180 τοῦ
736 2126 1029 2196 φυράματος,
1061 2129 1136 2178 καὶ
1174 2125 1229 2178 τὸ
1269 2126 1468 2196 φύραμα
1504 2125 1552 2176 δὲ
1588 2123 1708 2175 κατὰ

47 2230 94 2268 25
111 2211 193 2262 τὸν
219 2212 327 2263 ἰ’σον
353 2209 502 2276 λόγον
527 2213 576 2262 ἐν
602 2211 693 2278 ὅλῃ
720 2211 895 2276 γίνεται
922 2213 980 2277 τῇ
1008 2209 1142 2277 ζύμῃ·
1186 2208 1303 2276 ε”χεις
1338 2210 1399 2261 ὡς
1426 2210 1474 2258 ἐν
1499 2206 1709 2274 βραχέσι

111 2297 206 2345 τῶν
233 2293 483 2358 εἰρημένων
507 2292 589 2343 τὸν
615 2298 740 2343 νοῦν.
794 2292 904 2342 ἀλλ’
934 2291 1063 2357 εἴπερ
1090 2289 1236 2355 ἐσμὲν
1262 2293 1346 2353 τῆς
1378 2291 1566 2340 αἰωνίου
1592 2288 1710 2354 ζωῆς

113 2377 328 2441 ἐρασταὶ,
375 2378 413 2425 εἰ
460 2373 542 2425 τὸν
579 2377 663 2438 τῆς
705 2374 968 2427 ἀθανασίας
1014 2372 1224 2441 χορηγὸν
1270 2373 1318 2422 ἐν
1363 2371 1542 2424 ἑαυτοῖς
1588 2371 1710 2437 ε”χειν

115 2456 360 2525 εὐχόμεθα,
391 2455 456 2520 μὴ
496 2455 615 2506 κατά
651 2479 780 2509 τινας
818 2460 913 2507 τῶν
949 2454 1281 2520 ἀμελεστέρων
1311 2453 1365 2504 τὸ
1405 2454 1710 2517 εὐλογεῖσθαι

115 2539 465 2605 παραιτώμεθα,
490 2537 608 2601 μηδὲ
644 2537 823 2601 παγίδα
857 2539 933 2588 καὶ
967 2536 1149 2604 βρόχον
1181 2536 1291 2599 ἡμῖν
1325 2533 1586 2602 ἐξαρτυέτω
1626 2532 1758 2597 τὴνᾶ

51 2646 102 2683 30
119 2619 355 2687 ἐπιζήμιον
381 2620 631 2681 εὐλάβειαν
657 2621 682 2671 ὀ
708 2617 860 2681 βαθὺς
886 2623 949 2673 εἷς
974 2617 1268 2684 πανουργίαν
1294 2614 1535 2676 διάβολος.

194 2705 291 2755 Ναὶ
316 2700 410 2768 γὰρ
436 2701 712 2767 γέγραπται,
741 2701 893 2770 φησίν
919 2709 946 2731 “
964 2702 1028 2751 ‘O
1055 2699 1230 2750 ἐσθίων
1258 2699 1307 2748 ἐκ
1342 2702 1425 2748 τοῦ
1462 2696 1608 2764 ἄρτου
1635 2697 1712 2747 καὶ
1776 2709 1938 2750 Ib.xi.29.

170 2889 204 2923 6.
230 2889 381 2933 συνάψει
401 2887 443 2922 B.
623 2897 675 2922 11.
702 2887 746 2922 ὡς
763 2898 833 2922 om.
853 2886 895 2921 B.
1085 2895 1139 2929 13.
1165 2882 1394 2927 ἐπαιδαγώγει
1411 2880 1562 2925 Χριστὸς
1580 2881 1717 2916 inverso

123 2936 244 2971 ordine
264 2935 305 2970 Β.
455 2945 510 2978 19.
536 2932 596 2969 οὖν
613 2945 683 2968 om.
703 2933 745 2968 B.
889 2943 946 2967 20.
972 2930 1142 2976 ὀλιγοστὴ
1163 2929 1204 2963 Β.
1223 2928 1383 2974 ὀλιγίστη
1404 2928 1471 2962 Ed.
