2073 3296
915 787 1233 836 ΚΕΦΑΛΗ
1292 788 1347 837 Ζ.

332 989 425 1030 ΓὈτι
456 992 538 1042 φῶς
570 991 667 1030 κατὰ
695 989 817 1041 φύσιν
844 989 952 1031 ἐστὶν
978 991 998 1030 ὁ
1025 989 1133 1040 Υἱὸς,
1161 991 1222 1031 καὶ
1254 990 1317 1031 διὸ,
1347 992 1460 1030 τοῦτο
1491 989 1536 1031 οὐ
1566 990 1740 1042 γενητὸς,
1767 990 1856 1030 ἀλλ’
1881 991 1922 1031 ἐκ

291 1072 318 1113 d
452 1077 518 1126 τῆς
552 1074 688 1118 οὐσίας
723 1077 790 1115 τοῦ
826 1078 934 1116 Θεοῦ
975 1075 1037 1116 καὶ
1074 1074 1242 1127 Πατρὸς,
1279 1075 1330 1117 ὡς
1369 1078 1452 1127 φῶς
1492 1074 1679 1125 ἀληθινὸν
1713 1076 1754 1116 ἐκ
1794 1075 1923 1128 φωτὸς

452 1158 651 1210 ἀληθινοῦ.

635 1301 709 1343 Καὶ
747 1302 770 1342 ἡ
810 1303 893 1360 ζωή
935 1299 984 1343 ἦν
1021 1303 1069 1345 τὸ
1108 1302 1204 1359 φῶς
1241 1302 1327 1344 τῶν
1365 1301 1623 1359 ἀνθρώπων.

1944 1318 1966 1355 01

416 1485 531 1533 ΚΑΙ
573 1481 649 1533 διὰ
692 1482 871 1534 τούτων
909 1482 1018 1547 ἡμῖν
1059 1483 1084 1533 ὁ
1127 1482 1352 1549 μακάριος
1394 1482 1755 1550 Εὐαγγελιστὴς
1800 1482 1925 1534 Θεὸν

337 1563 451 1615 ὄντα
488 1563 608 1615 κατὰ
646 1564 796 1633 φύσιν
830 1564 1099 1616 ἐπιδεικνύει
1133 1564 1215 1616 τὸν
1241 1564 1372 1629 Υὶὸν,
1400 1567 1474 1616 καὶ
1509 1569 1604 1616 τῶν
1636 1571 1720 1617 τοῦ
1753 1558 1921 1631 γεννή-

335 1668 511 1699 σαντος
545 1647 739 1711 ἀγαθῶν
766 1647 1006 1701 οὐσιωδῶς
1038 1646 1349 1713 κληρονόμον.
1404 1645 1693 1716 προδιδάξας
1727 1646 1820 1713 γὰρ
1854 1647 1926 1698 ὅτι

335 1726 427 1792 ζωὴ
461 1726 581 1778 κατὰ
617 1728 766 1796 φύσιν
797 1727 1035 1795 ὑπάρχων,
1063 1729 1201 1783 αὐτὸς
1239 1727 1297 1793 ἦν
1330 1730 1378 1780 ἐν
1407 1733 1529 1780 πᾶσι
1563 1734 1660 1782 τοῖς
1695 1729 1749 1780 δι’
1783 1729 1925 1779 αὐτοῦ

297 1837 318 1863 e
336 1809 611 1875 γενομένοις,
638 1810 852 1877 συνέχων
879 1809 997 1860 αὐτὰ
1023 1812 1099 1861 καὶ
1126 1809 1369 1876 ζωογονῶν
1393 1813 1468 1861 καὶ
1504 1811 1554 1861 ἐκ
1587 1808 1652 1874 μὴ
1690 1810 1839 1862 ὅντων
1864 1815 1924 1863 εἰς
1948 1834 1996 1859 10

335 1890 390 1942 τὸ
424 1889 537 1942 εἶναι
570 1895 823 1957 παρελθεῖν
858 1891 1027 1961 ἀφάτῳ
1063 1891 1253 1956 δυνάμει
1288 1892 1578 1959 δωρούμενος
1613 1894 1689 1943 καὶ
1723 1914 1918 1958 γεγενη-

334 1973 451 2037 με’να
494 1972 755 2039 διασώζων,
803 1974 876 2042 ἐφ’
925 1974 1086 2041 ἑτεραν
1129 1974 1312 2041 ἔρχεται
1363 1973 1610 2039 νοημάτων
1653 1974 1922 2039 διασκευὴν,

334 2054 632 2123 πανταχόθεν
666 2055 787 2119 ἡμᾶς
826 2057 900 2106 ε’πὶ
937 2054 1023 2120 τὴν
1061 2058 1144 2120 τῆς
1182 2055 1404 2120 ἀληθείας
1447 2054 1725 2124 κατάληψιν
1762 2078 1921 2124 χειρα-

333 2142 517 2203 γωγεῖν,
543 2136 614 2188 ὅτι
652 2136 708 2201 δὴ
746 2140 822 2188 καὶ
859 2135 993 2201 μάλα
1026 2137 1277 2204 προσήκοι,
1303 2137 1704 2201 διενθυμούμενος.
1760 2139 1928 2189 οὐκοῦν

334 2223 429 2273 τοῖς
470 2218 793 2286 γεγενημένοις
836 2219 860 2269 ὁ
898 2218 1055 2284 Λόγος
1096 2221 1368 2286 ἐνυπῆρχεν,
1408 2220 1469 2273 ὡς
1508 2218 1616 2284 ζωή·
1677 2217 1834 2283 ἐπειδὴ
1879 2218 1926 2270 δὲ
1950 2239 1997 2276 15
2071 2231 2073 2260 ι

335 2301 452 2370 ζῴον
492 2298 687 2366 λογικὸν
724 2301 772 2351 ἐν
811 2301 966 2354 αὐτοῖς
1004 2298 1058 2352 ὃν
1097 2302 1170 2352 ἐπὶ
1210 2303 1311 2366 γῆς,
1345 2306 1425 2352 νοῦ
1463 2323 1512 2352 τε
1552 2302 1627 2351 καὶ
1665 2300 1929 2365 ἐπιστήμης

336 2381 558 2446 δεκτικὸν,
586 2383 612 2433 ὃ
648 2382 908 2448 ἄνθρωπος,
936 2384 1013 2433 καὶ
1045 2385 1128 2446 τῆς
1165 2381 1294 2448 παρὰ
1329 2386 1454 2433 Θεοῦ
1492 2383 1669 2450 σοφίας
1706 2382 1925 2450 μέτοχον,

113 2480 171 2514 54
191 2478 240 2513 A.
296 2489 317 2513 a
337 2465 600 2530 ἀναγκαίως
647 2464 756 2528 ἡμῖν
800 2464 825 2514 ὁ
869 2462 1270 2532 πνευματοφόρος,
1316 2466 1392 2514 καὶ
1436 2466 1520 2526 τῆς
1570 2465 1619 2514 ἐν
1665 2464 1930 2529 ἀνθρώποις

337 2547 513 2613 σοφίας
558 2544 766 2613 χορηγὸν
810 2543 924 2596 ὄντα
965 2545 1047 2595 τὸν
1086 2544 1248 2611 Λόγον
1292 2544 1580 2596 ἐπειδεικνύει
1621 2549 1808 2613 σαφῶς,
1854 2545 1930 2596 ἵνα

338 2630 497 2692 νοῆται
538 2626 593 2679 δι’
633 2631 753 2679 Υἱοῦ
790 2625 850 2678 τὰ
886 2625 1042 2679 πάντα
1082 2627 1130 2678 ἐν
1169 2630 1319 2679 πᾶσιν
1358 2626 1584 2694 ὑπάρχων
1623 2627 1649 2677 ὁ
1688 2626 1812 2682 Θεὸς
1853 2628 1929 2678 καὶ
1950 2649 1999 2674 20

386 2805 419 2840 3.
445 2795 561 2839 φωτὸς
579 2794 621 2830 Β.
640 2795 776 2841 Migne.
793 2796 921 2839 πατρὸς
938 2794 1005 2829 Ed.
1168 2802 1203 2840 5.
1229 2793 1248 2838 ἡ
1266 2796 1490 2839 assumptum
1508 2805 1550 2828 ex
1569 2792 1612 2828 B.
1632 2792 1930 2837 Καὶ-ἀνθρὼπων

339 2852 410 2876 om.
429 2841 471 2876 E.
578 2842 611 2877 8.
638 2842 846 2887 προδιδάξας
865 2842 907 2877 Β.
924 2841 1105 2886 προδείξας
1124 2840 1191 2875 Ed.
1297 2853 1330 2886 9.
1357 2841 1392 2876 ἐν
1408 2853 1479 2877 om.
1499 2840 1542 2875 B.
1659 2839 1712 2874 16.
1737 2840 1877 2884 λογικὸν
1893 2840 1929 2874 ἐν

815 2889 823 2900 ’
869 2891 881 2898 ν-
926 2888 934 2900 )
962 2889 970 2899 x

339 2887 451 2968 αὐτὲἶς
468 2887 506 2923 ὃν
522 2887 577 2925 ἐπὶ
595 2890 655 2934 γῆς
673 2889 715 2925 Β.
734 2888 770 2925 ἐν
787 2903 899 2926 αυτοις
917 2903 972 2924 επι
989 2889 1050 2934 γῆς
1067 2889 1205 2933 λογικὸν
1223 2887 1289 2923 Ed.
1564 2897 1620 2922 20.
1646 2887 1687 2921 τὰ
1704 2891 1927 2932 assumptum

339 2945 380 2968 ex
434 2959 442 2969 ι
2071 2942 2073 3012 l
