2084 3317
121 149 158 176 v,
179 147 247 191 35.
356 137 431 178 IN
474 138 515 179 S.
550 139 885 180 JOANNEM.
949 139 1073 181 LIB.
1108 139 1194 181 ΠΙ.
1258 141 1391 182 CAP.
1426 142 1460 182 Ι.
1631 143 1715 183 367

121 244 346 309 ἀνοήτους
381 248 672 314 Φαρισαίους
710 253 848 300 καλεῖ
880 248 999 316 πρὸς
1039 248 1310 313 ὑπόμνησιν
1347 252 1430 313 τῆς
1468 255 1552 300 τοῦ
1589 253 1758 300 &mod

120 329 197 378 καὶ
237 327 428 395 Πατρὸς
467 332 643 398 φωνῆς,
670 329 894 396 λέγοντός
931 353 1024 382 που
1061 332 1167 396 περὶ
1206 331 1349 382 αὑτοῦ
1383 337 1411 361 “
1435 331 1714 395 Ἠτοίμασα
1776 343 1829 402 P-J-
1852 387 1871 403 ,-
1911 396 1926 404 κ

121 415 148 437 “
174 407 353 476 λύχνον
390 414 457 479 τῷ
495 414 697 480 Χριστῷ
734 413 873 476 μου.”
928 410 1124 480 σφόδρα
1165 410 1213 463 δὲ
1251 413 1501 479 χρησίμως
1545 435 1595 464 τε
1638 415 1714 464 καὶ
1775 396 1939 427 &⁸⁸¹³st

120 491 383 557 ἀναγκαίως
420 497 516 545 τοῖς
556 493 645 558 ἤδη
689 494 1038 561 προειρημένοις
1077 493 1238 560 ἐπάγει
1281 497 1379 546 νυνὶ
1420 493 1480 545 τὰ
1519 500 1713 545 τοιαῦτα

77 585 100 623 5
121 574 348 639 Χριστός.
403 573 558 638 ἐπειδὴ
585 574 678 641 γὰρ
701 580 866 626 πᾶσαν
892 576 1159 627 ἀποκλείων
1184 580 1280 630 τοῖς
1305 577 1548 630 Ἰουδαίοις
1583 577 1713 628 ἀπει-

120 656 246 708 θείας
284 655 522 724 ἀφορμὴν,
551 659 628 707 καὶ
665 657 963 725 πανταχόθεν
1004 657 1173 712 αὐτοὺς
1211 657 1520 710 συνελαύνων
1557 662 1620 712 εἷς
1657 658 1712 709 τὸ

119 740 286 804 χρῆναι
336 738 573 790 πιστεύειν
617 739 755 808 αὐτῷ,
807 745 1044 791 συναινεῖν
1094 740 1237 809 ἔδοξέ
1276 764 1377 795 πως
1429 745 1491 795 εἷς
1541 740 1596 792 τὸ
1647 740 1713 805 μὴ

162 820 175 836 Ι
418 820 430 834 ἱ
696 821 708 838 Ι
839 820 852 836 Χ
1027 822 1037 837 9
1110 822 1120 836 9
1189 828 1208 837 Α
1282 825 1292 839 9
1355 822 1368 839 Ι
1491 823 1501 838 ’
1596 821 1608 838 Χ
1700 822 1712 840 ἱ
1790 828 1795 836 v

118 821 339 888 δεχεσθαι
379 843 466 884 την
503 843 763 887 μαρτυριαν
801 844 887 885 την
926 845 1024 889 παρ
1065 845 1223 885 αυτου,
1257 845 1400 873 ειπων
1436 829 1462 852 “
1507 827 1623 888 Εγω
1664 826 1712 874 δε
1774 826 1900 910 {Essa

1450 903 1476 920 ’9
1521 909 1532 921 e
1909 896 1914 903 ¹

1532 905 1541 922 ,
1692 904 1704 919 x

1523 928 1596 955 ινα
1645 928 1711 969 μη

49 1007 96 1032 10
117 986 294 1035 δοκοῖεν
339 983 485 1038 ὅντως
530 1007 577 1035 τε
624 986 699 1036 καὶ
744 987 936 1050 ἀληθῶς
985 986 1106 1037 οὕτω
1159 989 1421 1037 διακεῖσθαι
1472 988 1578 1053 περὶ
1629 992 1752 1037 τοῦθ

117 908 144 930 “
171 903 224 952 οὐ
274 901 403 968 παρὰ
454 902 706 968 ἀνθρώπου
756 901 843 968 τὴν
892 905 1155 970 μαρτυρίαν
1198 904 1446 968 λαμβάνω·

114 1065 386 1133 προδρόμου
411 1065 493 1117 τὸν
523 1066 715 1133 Κύριον,
742 1067 904 1134 ὥσπερ
931 1068 1012 1119 οὖν
1039 1069 1131 1136 ε”χει
1158 1073 1242 1119 τοῦ
1269 1067 1420 1134 λόγου
1447 1067 1501 1119 τὸ
1529 1071 1712 1136 σχῆμα,

113 1148 361 1215 χρησίμως
387 1151 450 1203 εἷς
480 1146 534 1200 τὸ
565 1147 735 1215 παρὸν,
765 1150 852 1218 οὐχ
891 1149 1057 1201 ἑαυτόν
1089 1174 1134 1202 τι
1167 1151 1373 1216 λέγοντα
1411 1152 1517 1218 περὶ
1551 1152 1710 1209 αὐτοῦ,

114 1229 191 1281 διὰ
225 1229 273 1281 δὲ
303 1233 386 1294 τῆς
420 1236 503 1281 τοῦ
531 1228 723 1297 Πατρὸς
750 1234 912 1300 φωνῆς
935 1232 1143 1301 εἶσφερει
1173 1232 1433 1296 βοώμενον·
1476 1230 1592 1302 ᾤετο
1618 1231 1712 1299 γὰρ

114 1314 209 1363 δεῖν
240 1314 366 1363 αἰδοῖ
398 1312 614 1376 μάλιστα
652 1317 710 1381 τῇ
748 1312 867 1379 πρὸς
901 1313 1027 1365 Θεὸν
1059 1316 1135 1365 καὶ
1166 1315 1372 1381 Πατέρα,
1399 1313 1481 1366 τὸν
1509 1316 1705 1366 ἀντιτεί-

47 1410 92 1447 15
114 1417 254 1445 νοντα
280 1397 532 1457 δυσωπεῖν,
559 1395 705 1461 ἤγουν
738 1395 828 1461 ἤδη
858 1395 1147 1464 γυμνότερον
1174 1401 1500 1465 θεομαχοῦντα
1533 1396 1710 1447 δεικνύ-

112 1499 192 1540 ειν,
220 1480 282 1531 ὡς
321 1479 398 1528 καὶ
437 1479 592 1530 αὐτοῖς
629 1483 726 1532 τοῖς
764 1484 847 1530 τοῦ
875 1482 1000 1530 Θεοῦ
1036 1482 1111 1530 καὶ
1142 1477 1336 1546 Πατρὸς
1362 1479 1529 1543 ἀνέδην
1555 1480 1704 1530 ὑπαν-

111 1559 326 1626 τιάζοντα
353 1559 531 1625 λόγοις.
1085 1624 1089 1627 ,

176 1642 262 1693 τΗν
288 1643 370 1693 οὖν
396 1646 549 1710 φησιν
577 1645 728 1697 ἐκεῖνος
769 1649 786 1694 ὁ
824 1641 999 1706 λύχνος,
1027 1646 1151 1712 ὑμεῖς
1189 1640 1234 1695 δὲ
1267 1643 1507 1705 ἠθελήσατε
1539 1647 1704 1711 ἀγαλ-
1726 1662 1747 1687 a
1777 1654 1862 1689 249
1882 1654 1930 1688 A·

108 1723 310 1785 λιοιθῆναι
339 1725 446 1794 πρὶς
473 1723 582 1792 ὤραν
606 1725 644 1775 ἐν
671 1730 730 1794 τῷ
765 1731 878 1793 φωτὶ
914 1727 1057 1777 αὐτοῦ.
1112 1726 1202 1776 ε”δει
1238 1726 1332 1792 γὰρ
1368 1728 1421 1777 οὐ
1454 1725 1599 1789 μόνον
1625 1732 1708 1778 τοῦ

41 1828 90 1853 20
107 1806 370 1873 πρέποντος
408 1808 770 1875 ἀποφοιτῶντας
809 1808 1028 1870 εὐκόλως,
1056 1810 1131 1859 καὶ
1171 1808 1247 1860 διὰ
1285 1808 1479 1873 πολλὴν
1511 1809 1705 1860 ἀνοσιό-

108 1911 227 1953 τητα
255 1889 444 1954 τρόπων
470 1888 524 1940 τὸ
558 1891 783 1952 ἐθελῆσαι
819 1891 1059 1941 πιστεύειν
1086 1890 1448 1959 ἐξωθουμένους,
1483 1892 1708 1961 ἐπιδεῖξαι

108 1969 216 2025 τοὺς
254 1972 565 2036 Φαρισαίους,
594 1970 726 2022 ἀλλά
765 1974 841 2023 καὶ
882 1971 1144 2041 ἀψικόρους
1184 1972 1324 2027 ὄντας
1364 1974 1592 2042 ἐλέγχειν,
1632 1976 1707 2025 καὶ

107 2053 438 2121 προσεδρεύειν
469 2053 554 2117 μὲν
590 2057 647 2122 τῇ
687 2053 850 2122 ἐφέσει
888 2059 983 2105 τῶν
1018 2057 1213 2121 ἀγαθῶν
1248 2054 1509 2120 οὐδαμόθεν
1548 2079 1703 2108 κατει-

108 2135 374 2200 θισμένους,
418 2136 791 2202 ἀπογευομένους
838 2137 885 2188 δὲ
930 2136 1085 2200 μόλις,
1132 2140 1206 2188 καὶ
1249 2137 1368 2189 ὅσον
1409 2140 1457 2190 ἐν
1497 2138 1707 2207 ῥήμασιν

41 2235 88 2273 25
108 2218 447 2272 ἐπαινέσαντας
498 2218 643 2282 μόνον
688 2218 796 2272 τοὺς
843 2219 976 2286 οἵπερ
1026 2220 1083 2270 ἂν
1128 2220 1314 2290 δόξειαν
1357 2219 1471 2271 εἶναι
1521 2222 1705 2283 σεπτοῖ,

107 2299 229 2368 ταχὺ
257 2299 377 2366 πρὸς
407 2299 492 2365 τὴν
518 2301 732 2352 ἐναντίαν
759 2301 856 2370 ἕξιν
882 2308 1172 2371 μεταχωρεῖν
1199 2305 1282 2354 οὐκ
1315 2304 1699 2372 αἰσχυνομένους·
1723 2314 1750 2354 b

108 2387 247 2433 τοῦτο
286 2381 380 2448 γὰρ
417 2379 544 2446 οἶμαι
583 2383 831 2448 σημαίνειν
857 2382 910 2435 τὸ
936 2383 1138 2445 ἐθελῆσαι
1176 2386 1283 2455 πρὶς
1320 2385 1429 2455 ὤραν
1457 2390 1705 2452 ἀγαλλια-

109 2463 223 2524 θῆνοιι
261 2465 298 2516 ἐν
325 2470 384 2534 τῷ
414 2470 528 2534 φωτὶ
567 2468 712 2517 αὐτοῦ.
768 2465 1098 2534 ἀπεθαύμαζον
1123 2467 1209 2531 μὲν
1234 2466 1328 2534 γὰρ
1353 2469 1402 2518 ἐν
1428 2470 1595 2535 ἀρχαῖς
1621 2466 1705 2518 τὸν

107 2546 244 2612 ἅγιον
281 2546 568 2611 βαπτιστὴν,
604 2549 667 2601 ὡς
703 2547 932 2613 ἀσκητὴν,
970 2551 1034 2604 ὡς
1073 2548 1314 2619 φιλόθεον,
1354 2551 1416 2603 ὡς
1455 2550 1704 2611 εὐλαβείας

41 2649 90 2684 ,30
109 2628 301 2693 ἁπάσης
341 2627 672 2695 ὑπογραμμὸν,
706 2630 817 2680 ἀλλ’
855 2633 897 2682 οἱ
936 2635 1158 2695 τιμῶντες
1196 2635 1264 2701 τῷ
1302 2630 1519 2695 θαύματι,
1554 2629 1704 2682 πάλιν

156 2766 189 2795 4.
215 2754 273 2787 νῦν
293 2751 334 2786 Β.
386 2752 510 2786 Statim
529 2753 569 2786 τὰ
588 2764 658 2786 om.
679 2753 720 2787 B.
1010 2766 1043 2799 5.
1069 2755 1240 2790 ἀπειθείας
1257 2754 1417 2799 ἀφορμὴν
1435 2753 1500 2788 hoc
1519 2754 1640 2788 ordine
1659 2754 1701 2789 B.

109 2799 142 2834 8.
168 2799 228 2843 τὴν
244 2799 430 2843 μαρτυρίαν
447 2798 507 2841 τὴν
523 2798 600 2844 παρ’
618 2800 720 2834 αὐτοῦ
741 2801 783 2834 Β.
801 2800 861 2844 τὴν
878 2801 955 2846 παρ’
975 2802 1077 2836 αὐτοῦ
1094 2802 1280 2847 μαρτυρίαν
1299 2801 1365 2835 Ed.
1514 2812 1566 2835 10.
1593 2801 1698 2847 οὕτω]

107 2845 214 2882 οὕτως
231 2846 284 2879 καὶ
303 2845 345 2879 Β.
486 2846 539 2879 18.
565 2846 812 2891 ἀγαλλιαθῆναι
833 2848 875 2882 Β.
893 2848 1168 2894 ἀγαλλιασθῆναι
1187 2848 1254 2882 Ed.
1393 2859 1448 2882 21.
1475 2848 1638 2892 ἐπιδεῖξαι
1659 2848 1701 2883 Β.

107 2892 283 2974 ἅποιέεέξαι
303 2892 368 2927 Ed.
535 2903 589 2927 22.
615 2893 826 2939 ἀψηκαίρους
846 2894 887 2929 Β.
1058 2905 1111 2940 27.
1138 2894 1383 2940 ἀγαλλιαθῆναι
1404 2895 1445 2929 Β.
1464 2894 1700 2940 ἀγαλλιασθῆ-

108 2954 159 2973 ναι
238 2965 245 2972 .
