2084 3317
1702 517 1723 538 a
1757 507 1838 540 451
1854 505 1903 538 A.

671 638 990 686 ΚΕΦΑΛΗ
1053 638 1111 687 A.

87 794 180 836 “On
228 796 324 835 κατὰ
368 795 437 836 τὰς
475 792 686 844 Ἑλλήνων
726 794 888 843 ἀμαθεῖς
932 793 1134 842 ὑπονοίας,
1175 792 1220 832 οὐ
1262 796 1345 835 ταῖς
1390 793 1504 844 ὥραις
1547 793 1596 834 ὡς
1644 791 1689 842 ἐξ

209 867 376 920 ἀνάγκης
413 868 612 907 ὑπόκειται
647 869 693 907 τὰ
729 865 814 906 καθ’
849 867 958 917 ἡμᾶς,
995 865 1082 906 ἀλλ’
1118 867 1160 906 ἐκ
1196 866 1456 918 προαιρέσεως
1493 868 1588 908 ἰδίας
1622 866 1689 906 ἐπί

208 961 251 985 τε
281 944 325 984 τὸ
358 943 508 995 ἀγαθὸν
540 942 602 982 καὶ
634 942 677 982 τὸ
715 941 891 982 ἐναντίον
923 942 1132 993 ἐρχόμεθα·
1179 940 1240 981 καὶ
1274 942 1332 981 ὅτι
1365 944 1446 983 τοῖς
1477 944 1545 981 τοῦ
1576 944 1684 982 Θεοῦ

52 1020 73 1059 5
210 1018 373 1068 νεύμασι
404 1016 660 1066 ὃιοικούμεθα.

101 1145 306 1204 Ἐζήτουν
344 1141 417 1186 οὖν
456 1143 585 1185 αὐτὸν
623 1142 775 1184 Πιάσαι
805 1139 1020 1182 Ἰουδαῖοι·
1075 1140 1143 1182 καὶ
1181 1140 1322 1182 οὐδεὶς
1360 1141 1570 1190 ἐπέβαλεν
1609 1139 1669 1182 εἰς
1705 1152 1756 1187 3ο

241 1227 370 1270 αὐτὸν
408 1226 485 1268 τὴν
524 1223 658 1282 χεῖρα,
694 1227 759 1267 ὅτι
798 1225 920 1266 οὔπω
957 1225 1157 1266 ὲλΗλύθει
1196 1225 1219 1265 1-‘1
1260 1226 1354 1281 ὥρα
1393 1224 1535 1266 αὐτοῦ.
1702 1221 1730 1261 b

173 1360 798 1408 ΚΑΤΑΔΗΧΘΕΝΤΕΣ
837 1362 932 1410 τοῖς
972 1357 1187 1423 ἐλέγχοις
1226 1360 1268 1407 οἱ
1305 1360 1573 1422 Φαρισαῖοι,
1610 1359 1686 1407 καὶ

95 1438 179 1504 τὴν
206 1441 280 1490 ἐπὶ
306 1439 488 1493 τούτοις
512 1438 702 1503 σιωπὴν
728 1443 828 1492 ταῖς
862 1438 946 1501 μὲν
973 1442 1118 1507 σφῶν
1144 1438 1453 1504 δυστροπίαις
1489 1440 1687 1505 ὁρῶντες

28 1549 76 1574 ιο
96 1523 178 1572 οὐκ
204 1520 409 1587 ἀζήμιον,
437 1523 661 1590 ἐπωφελῆ
690 1520 738 1571 δὲ
764 1526 861 1574 τοῖς
888 1520 1064 1589 ὄχλοις·
1106 1522 1441 1572 σννεπείθοντο
1467 1520 1561 1587 γάρ
1586 1543 1687 1573 πως

95 1607 168 1656 ἐπὶ
207 1604 260 1655 τὸ
300 1607 467 1671 χρῆναι
506 1603 677 1655 λοιπὸν
716 1605 969 1669 ὁμολογεῖν
1008 1603 1151 1654 αὐτὸν
1186 1601 1300 1654 εἶναι
1339 1603 1422 1653 τὸν
1447 1601 1682 1669 Χριστόν·

95 1689 169 1738 ἐπὶ
212 1686 266 1738 τὸ
312 1690 513 1750 σννῆθες
559 1687 715 1740 αὐτοῖς
755 1686 1104 1752 κατασύρονται
1147 1684 1344 1752 θράσος,
1387 1687 1460 1735 καὶ
1505 1688 1688 1752 διψῶσι

94 1768 243 1821 πάλιν
280 1769 335 1819 τὸ
378 1772 659 1836 μιαιφονεῖν.
732 1768 848 1819 αἱδὼ
892 1766 979 1832 μὲν
1017 1767 1103 1832 τὴν
1140 1767 1260 1833 πρὸς
1303 1767 1386 1818 τὸν
1428 1767 1586 1831 νόμον,
1626 1769 1688 1820 ὡς

95 1850 401 1919 ἀχρειοτάτην
427 1851 583 1903 αὐτοῖς
618 1848 973 1916 παρωσάμενοι,
1003 1851 1051 1900 ἐν
1078 1848 1126 1900 δὲ
1163 1853 1228 1918 τῷ
1263 1851 1426 1913 μηδενὶ
1461 1847 1593 1918 λόγῳ
1629 1848 1688 1900 τὰ

30 1935 143 1991 ι5ἐν
181 1938 277 1987 τοῖς
320 1936 454 1998 ἱεροῖς
500 1932 803 1995 πεποιημένοι
848 1931 1115 1997 γράμμασι,
1154 1931 1208 1982 τὸ
1248 1931 1302 1982 δέ
1335 1938 1363 1960 “
1387 1932 1575 2001 Ἀθῷον
1614 1934 1875 2017 καὶοξξὶξίᾱ·7

97 2023 124 2045 “
151 2016 328 2066 δίκαιον
381 2015 464 2064 οὐκ
520 2014 820 2067 ἀποκτενεῖς”
873 2014 1086 2075 οὐδεμιᾶς
1141 2013 1432 2082 ἀξιώσαντες
1481 2012 1685 2078 μνήμης,
1748 2002 1756 2009 ⁴
1832 2004 1837 2009 .
1881 2004 1886 2009 ¹

96 2095 387 2160 ἀδικωτάτην
427 2095 546 2146 κατὰ
581 2099 800 2161 Χριστοῦ
840 2100 1042 2146 νοσοῦσι
1081 2097 1266 2158 μανίαν.
1320 2096 1432 2146 ἀλλ’
1475 2097 1524 2145 ἐκ
1565 2096 1689 2148 θείας

97 2179 263 2247 ἰσχύος
288 2177 611 2243 περιτρέπεται
638 2175 787 2229 πάλιν
818 2178 975 2231 αὐτοῖς
1014 2177 1132 2244 πρὸς
1167 2181 1262 2229 πᾶν
1292 2177 1563 2227 τούναντίον
1593 2181 1689 2227 τῶν

96 2258 448 2329 ἐγχειρημάτων
496 2259 524 2323 ἡ
577 2259 790 2320 ἔκβασις.
865 2265 891 2289 “
919 2260 995 2310 Οὐ
1044 2259 1138 2325 γὰρ
1190 2257 1479 2327 ἐπιτεύξεται
1531 2260 1688 2311 δόλιος
1750 2263 1863 2346 Ξὲῡζ·7

30 2351 124 2390 20⁶⁶
152 2341 338 2408 θήρας,”
388 2339 506 2392 κατὰ
550 2339 604 2392 τὸ
651 2341 992 2408 γεγραμμένον.
1068 2342 1245 2410 ζητοῦσι
1295 2339 1380 2404 μὲν
1424 2339 1517 2406 γὰρ
1563 2340 1689 2392 ain-*ov
1800 2331 1806 2336 ⁸
1867 2330 1874 2336 ⁶

98 2427 284 2486 πιάσαι,
328 2422 451 2474 καθά
495 2428 647 2491 φησιν
694 2424 718 2473 ὁ
764 2422 1142 2489 Εὐαγγελιστὴς,
1188 2425 1250 2476 ὡς
1293 2421 1569 2473 ἐθελούσιον
1614 2425 1689 2473 καὶ

98 2505 474 2557 αὐτοκέλευστον
505 2503 591 2568 τὴν
629 2506 704 2555 ἐπὶ
741 2509 838 2559 τοῖς
876 2504 1092 2572 ἐλέγχοις
1129 2502 1441 2568 ποιησάμενοι
1480 2502 1685 2567 σιωπὴν,

99 2590 175 2638 καὶ
209 2586 262 2637 τὸ
302 2586 600 2638 κεκωλύσθαι
640 2589 791 2637 δοκεῖν
815 2587 926 2653 παρ’
957 2587 1099 2636 αὐτοῦ
1134 2590 1236 2639 ταῖς
1272 2586 1489 2651 ὑστεραις
1526 2587 1732 2652 ὀργαῖςᾶ

100 2667 484 2734 ἀποκρουόμενοι.
557 2673 696 2719 τοῦτο
742 2667 837 2735 γὰρ
882 2672 944 2722 εἷς
996 2667 1238 2736 ἀπόδειξιν
1280 2673 1363 2718 τοῦ
1409 2665 1523 2717 εἶναι
1568 2666 1688 2717 κατὰ

151 2799 181 2821 2.
207 2787 266 2821 τὰς
283 2791 508 2830 assumptum
525 2797 564 2819 ex
589 2785 628 2819 B.
742 2786 774 2820 6.
800 2785 956 2820 Ἰουδαῖοι
977 2797 1046 2819 om.
1064 2797 1094 2818 a.
1214 2796 1246 2829 9.
1274 2784 1328 2818 ἐπὶ
1346 2784 1453 2831 τούτῳ
1471 2796 1500 2818 a.
1567 2782 1685 2829 σφῶν]

101 2835 227 2868 ἑαυτῶν
244 2845 274 2866 a.
535 2843 587 2865 10.
614 2831 749 2878 ὄχλοις]
770 2833 928 2878 ἐλέγχοις
946 2832 1044 2872 Nik„
1062 2832 1083 2865 i.
1099 2843 1127 2864 e.
1147 2843 1166 2864 a
1183 2834 1217 2865 et
1236 2831 1313 2864 Cat.
1334 2830 1434 2864 Harl.
1455 2830 1613 2865 Auberto
1631 2831 1688 2866 cit.

105 2891 158 2914 12.
186 2878 447 2923 κατασύρονται]
467 2879 714 2923 καταφέρονται
733 2891 761 2913 a.
970 2890 1020 2924 13.
1047 2876 1123 2923 μὲν]
1150 2882 1185 2918 -Ι-
1207 2880 1272 2922 γὰρ
1294 2878 1411 2912 Holst.
1431 2877 1496 2911 Ed.
1516 2877 1626 2912 invito
1647 2877 1687 2912 Β.

202 2935 234 2950 πε
255 2937 263 2951 ι

107 2961 158 2994 18.
185 2936 432 3004 ffagarpe‘rremt
453 2959 494 2992 B.
