2073 3296
80 470 134 501 Ps.

81 578 135 609 ΡΒ.
154 579 223 610 xlii.

81 629 110 659 3.

74 1710 169 1741 Infra

73 1765 141 1785 ver.
162 1754 190 1784 8.

305 137 360 176 84
704 139 755 180 B.
789 139 1064 182 CYRILLI
1104 143 1483 184 ALEXANDR.
1802 140 1829 180 i.
1847 154 1888 192 4.

259 248 286 288 b
306 241 441 297 Θεός·
484 243 614 295 ἀλλὰ
640 252 778 298 τοῦτο
805 249 998 300 ἄτοπον·
1040 252 1123 302 οὐκ
1149 251 1241 317 ἄρα
1267 250 1459 317 γενητὸς
1486 253 1511 302 ὁ
1537 249 1663 312 Υἱὸς,
1691 247 1814 303 Θεὸς
1841 247 1890 299 δὲ

304 329 509 389 μᾶλλον,
536 329 612 377 καὶ
640 327 715 378 διὰ
741 335 879 380 τοῦτο
905 335 1008 398 φῶς
1034 331 1154 383 κατὰ
1181 332 1344 400 φύσιν,
1371 335 1434 386 ὡς
1460 334 1485 383 ὃ
1514 331 1700 397 Πατήρ.

378 426 497 456 ΑΛΛΟ
538 428 598 457 ΕΚ
637 430 722 459 ΤΟΥ
763 431 917 462 ΑΥΤΟΥ.
995 417 1053 463 Εἰ
1104 417 1207 481 φῶς
1262 419 1345 464 τοῦ
1395 418 1520 464 Θεοῦ
1571 415 1646 464 καὶ
1699 409 1890 478 Πατρὸς

945 491 955 508 Ι

79 522 239 546 xxxv.10.
305 486 530 554 ὑπάρχων
556 491 581 540 ὁ
603 488 729 553 Υἱὸς,
757 491 876 542 κατὰ
902 515 956 543 το
984 500 1010 522 “
1030 494 1116 544 Ἐν
1141 499 1208 563 τῷ
1233 494 1360 563 φωτί
1381 517 1472 545 σου
1498 493 1718 563 ὀψόμεθα
1743 493 1887 563 φῶς,”

303 569 378 618 καὶ
417 570 848 638 ίιἘξαπόστειλον
885 572 939 624 τὸ
978 579 1081 642 φῶς
1120 597 1212 626 σου
1253 577 1330 626 καὶ
1370 574 1456 639 τὴν
1493 575 1717 640 ἀλήθειάν
1754 576 1887 638 σου,”
1908 589 1930 627 5

303 649 496 713 γενητός
534 653 637 703 ἐστι
675 655 750 704 καὶ
789 658 852 708 εἷς
891 655 1161 707 ὑπόστασιν
1199 658 1411 724 ἐνεχθεὶς,
1449 656 1580 708 οὐδὲν
1618 657 1684 707 ε”τι
1723 660 1889 707 διακω-

263 746 283 772 C
304 729 453 793 λύσει,
472 732 591 783 κατὰ
618 733 703 798 τὴν
730 734 842 799 ἰ’σην
861 738 1136 804 ἀναλογίαν,
1152 742 1256 807 φῶς
1283 743 1532 789 καλεῖσθαι
1557 743 1641 789 τοῦ
1662 741 1788 789 Θεοῦ
1812 740 1889 789 καὶ

303 811 496 878 Πατρὸς
533 813 689 866 πάντα
727 815 786 867 τὰ
824 818 1011 883 γενητοῖ.
1085 823 1123 870 εἷ
1161 819 1254 886 γὰρ
1294 820 1418 873 ὅλως
1454 820 1712 887 ἐπιδέχεται
1750 825 1890 870 τοῦτο

299 898 394 944 τῶν
419 896 743 960 πεποιημένων
772 899 800 962 ἡ
837 903 997 968 φύσις,
1024 901 1159 952 ε”σται
1195 906 1291 955 τοῖς
1323 906 1446 952 πᾶσι
1483 901 1674 965 δυνάμει
1710 899 1884 964 κοινὸν,

300 977 376 1026 καὶ
402 977 489 1044 οὐχ
515 977 615 1031 ἑνὸς
641 978 758 1030 ’ἴδιον
783 987 866 1032 τοῦ
892 985 1024 1033 Υἱοῦ·
1064 982 1195 1033 ἀλλὰ
1226 989 1364 1034 τοῦτο
1396 984 1590 1034 ἄτοπον·
1631 981 1760 1052 μόνῳ
1795 982 1888 1049 γὰρ
1911 1004 1958 1029 10

300 1057 501 1124 ἁρμόσει
535 1064 602 1129 τῷ
633 1065 735 1131 Υὶῴ
773 1061 827 1113 τὸ
867 1066 1122 1116 καλεῖσθαί
1155 1089 1204 1116 τε
1244 1067 1319 1117 καὶ
1359 1063 1472 1116 εἶναι
1509 1069 1612 1134 φῶς
1645 1070 1727 1115 τοῦ
1763 1068 1889 1115 Θεοῦ

299 1143 375 1192 καὶ
402 1142 606 1209 Πατρός.
667 1145 750 1195 οὐκ
785 1146 876 1212 ἄρα
911 1150 1013 1198 ἐστὶ
1049 1147 1257 1213 γενητὸς,
1285 1148 1415 1198 ἀλλὰ
1451 1152 1565 1216 φῶς,
1594 1150 1655 1200 ὡς
1683 1144 1804 1199 Θεὸς
1838 1147 1889 1197 ἐκ

299 1226 425 1273 Θεοῦ
451 1225 734 1291 φωτίζοντος
761 1229 817 1277 δι’
846 1229 988 1280 αὐτοῦ
1014 1228 1073 1280 τὰ
1100 1228 1257 1298 φωτὸς
1285 1229 1494 1293 δεόμενα.

372 1325 505 1354 AAAO.
546 1310 603 1356 Ei
645 1312 747 1376 φῶς
786 1309 905 1360 κατὰ
945 1312 1095 1380 φύσιν
1127 1311 1351 1379 ὑπάρχων
1383 1313 1408 1363 ὁ
1444 1311 1558 1365 Υἱὸς
1597 1311 1678 1362 οὐκ
1716 1313 1767 1362 ἐκ
1805 1314 1888 1375 τῆς

253 1386 463 1440 (Ῑούσῖας
508 1389 610 1438 ἐστὶ
654 1395 738 1440 τοῦ
784 1392 990 1457 Πατρὸς,
1033 1395 1143 1443 ἀλλ’
1191 1393 1365 1462 ἔξωθεν
1409 1393 1590 1457 ὑπέστη
1642 1392 1762 1444 κατὰ
1805 1392 1888 1444 τὸν
1911 1414 1957 1452 15

297 1468 577 1520 ἀπαίδευτον
614 1475 709 1521 τῶν
748 1473 996 1541 θεομάχων
1034 1475 1201 1540 λόγον·
1258 1474 1472 1544 ὀμοφυὴς
1514 1475 1605 1541 ἄρα
1645 1476 1748 1525 ἐστὶ
1791 1479 1888 1528 τοῖς

296 1550 627 1614 πεποιημένοις
654 1554 731 1604 καὶ
757 1555 981 1624 ἀδελφὸς,
1002 1555 1082 1608 ἅτε
1109 1555 1165 1621 δὴ
1191 1560 1273 1621 τῆς
1300 1558 1425 1611 θείας
1450 1558 1689 1608 ἐκπίπτων
1709 1557 1887 1610 οὐσίας·

296 1635 397 1684 πῶς
423 1633 504 1683 οῦν
530 1634 622 1700 ἄρα
649 1639 752 1703 φῶς
785 1636 871 1700 μὲν
896 1637 1034 1692 αὐτὸς
1069 1644 1279 1690 καλεῖται
1312 1641 1387 1690 καὶ
1421 1638 1540 1689 ἔστι·
1581 1640 1686 1704 περὶ
1724 1637 1772 1689 δὲ
1806 1645 1890 1689 τοῦ

296 1713 432 1778 ἁγίου
458 1714 646 1779 λέγεται
673 1721 947 1776 βαπτιστοῦ
974 1727 1002 1749 “
1025 1722 1129 1772 Οὐκ
1163 1720 1222 1785 ἦν
1252 1723 1421 1775 ἐκεῖνος
1454 1719 1509 1771 τὸ
1546 1725 1650 1789 φῶς
1670 1721 1713 1782 ;'’
1741 1721 1890 1771 καίτοι

297 1793 489 1858 δυνάμει
530 1801 634 1864 φῶς
674 1799 698 1848 ὁ
739 1799 967 1867 μακάριος
1006 1802 1293 1866 βαπτιστὴς,
1335 1802 1409 1854 καὶ
1451 1803 1505 1853 οὐ
1544 1802 1686 1866 μόνος
1727 1802 1884 1866 αὐτὸς,
1909 1828 1958 1852 20

297 1876 424 1944 εἴπερ
475 1877 600 1932 ὅλως
650 1881 863 1948 ἐνεχώρει
914 1883 1112 1948 γενητὸν
1163 1883 1277 1935 ὅντα
1327 1884 1409 1935 τὸν
1452 1883 1570 1935 Υἱὸν
1620 1887 1723 1953 φῶς
1773 1882 1890 1935 εἶναι

296 1958 530 2010 δύνασθαι
567 1961 687 2012 κατὰ
723 1963 888 2030 φύσιν.
943 1964 997 2016 τὸ
1030 1965 1124 2032 γὰρ
1159 1968 1208 2016 ἐν
1234 1971 1292 2034 τῇ
1328 1966 1472 2034 φύσει
1502 1967 1712 2030 κείμενον
1737 1963 1885 2035 ἅπαξ,

297 2039 452 2091 κοινὸν
488 2040 640 2106 δήπου
678 2045 826 2095 παντί
855 2068 923 2115 τῳ
957 2048 1124 2112 γένοιτ’
1158 2046 1217 2098 ἂν
1246 2052 1313 2118 τῷ
1349 2047 1521 2112 ταύτης
1555 2046 1885 2115 μετεσχηκότι,

258 2120 418 2172 exaro?
453 2145 508 2187 γε
543 2124 626 2174 τὸν
651 2128 734 2188 τῆς
768 2128 1051 2182 ἀκολουθίας
1087 2128 1252 2195 λόγον.
1308 2129 1440 2181 ἀλλὰ
1465 2128 1559 2194 μὴν
1583 2129 1805 2194 Ἰωάννης
1834 2130 1889 2180 οὐ

297 2207 415 2270 φῶς,
443 2209 547 2272 φῶς
586 2204 633 2255 δὲ
671 2207 696 2257 ὁ
722 2207 852 2262 Υἱός·
903 2211 966 2263 ὡς
1004 2210 1158 2277 ἕτερος
1196 2212 1288 2278 ἄρα
1322 2211 1443 2263 κατὰ
1481 2211 1644 2280 φύσιν,
1673 2212 1750 2261 καὶ
1783 2211 1887 2278 οὐχὶ
1909 2232 1957 2270 25

295 2288 393 2338 τοῖς
418 2285 672 2350 γεγονόσιν
699 2289 930 2357 ὁμοφυής.

369 2387 490 2416 ΑΛΛΟ
516 2389 575 2417 ΕΚ
600 2389 686 2418 ΤΟΥ
711 2390 867 2420 ΑΥΤΟΥ.
920 2376 979 2423 Εἰ
1012 2377 1115 2440 φῶς
1146 2373 1266 2425 κατὰ
1293 2374 1444 2443 φύσιν
1469 2373 1697 2442 ὑπάρχων
1723 2376 1747 2425 ὁ
1773 2374 1889 2429 Υἱὸς

296 2448 492 2513 γενητός
521 2452 625 2501 ἐστι
660 2453 738 2502 καὶ
772 2454 1097 2519 πεποιημένος,
1125 2454 1206 2506 ἅτε
1233 2455 1290 2519 δὴ
1316 2455 1371 2506 τὸ
1397 2458 1447 2507 ἐκ
1472 2459 1556 2520 τῆς
1583 2458 1748 2510 οὐσίας
1774 2455 1889 2508 εἶναι

295 2535 379 2580 τοῦ
412 2534 539 2582 Θεοῦ
577 2535 653 2583 καὶ
688 2533 880 2601 Πατρὸς
919 2536 1002 2586 οὐκ
1038 2536 1172 2603 ἔχων,
1199 2536 1320 2587 κατὰ
1357 2537 1444 2601 τὴν
1473 2542 1613 2589 τινῶν
1645 2537 1885 2602 ὑπόνοιαν,

295 2611 554 2681 ε’πιδέξεται
589 2618 684 2666 τῶν
710 2620 919 2681 γενητῶν
951 2617 979 2681 ἡ
1015 2617 1163 2685 φύσις
1198 2617 1252 2669 τὸ
1287 2616 1404 2670 εἷναί
1436 2642 1485 2670 τε
1522 2621 1598 2670 καὶ
1636 2625 1888 2672 καλεῖσθαι
1906 2641 1957 2677 30

349 2798 378 2818 1.
405 2789 523 2822 τοῦτον
542 2788 622 2833 (Sic)
642 2789 683 2823 E.
861 2800 893 2835 7.
919 2791 978 2835 τὴν
996 2803 1065 2826 om.
1086 2791 1127 2825 Β.
1315 2805 1368 2827 11.
1395 2793 1574 2828 καλεῖσθαι
1592 2800 1625 2828 et
1643 2791 1726 2828 εἶναι
1743 2793 1833 2828 inter
1850 2806 1888 2829 se

298 2836 430 2875 transp.
452 2833 493 2867 B.
680 2847 733 2878 14.
759 2835 864 2881 ἄλλο]
890 2841 925 2878 -Ι-
948 2838 982 2871 ἐκ
1000 2840 1060 2871 τοῦ
1076 2838 1179 2872 αὐτοῦ
1199 2839 1239 2873 Ε.
1426 2851 1478 2884 15.
1504 2841 1648 2887 ὑπάρχει
1665 2851 1729 2885 pro
1746 2840 1823 2875 ἐστὶ
1842 2840 1884 2874 Β.

301 2877 354 2910 18.
382 2877 440 2911 οὖν
456 2891 526 2915 om.
546 2881 588 2915 B.
734 2893 789 2917 20.
814 2885 916 2926 μόνος
935 2884 977 2918 Β.
995 2886 1098 2927 μόνον
1117 2885 1183 2920 Ed.
1328 2897 1383 2920 21.
1410 2887 1531 2931 ἐχώρει
1551 2887 1594 2921 Β.
1727 2897 1782 2930 24.
1807 2886 1882 2932 τῆς]

303 2926 338 2962 -f-
361 2923 440 2967 ἐμῆς
461 2925 501 2962 Β,
694 2938 749 2973 25.
777 2929 876 2974 κατὰ]
902 2935 937 2971 -ξ-
959 2930 1018 2974 τὴν
1037 2930 1079 2965 Β.
