2021 3296
100 143 125 184 i.
151 156 187 185 2.
347 142 420 183 IN
463 142 506 183 S.
539 140 876 182 JOANNEM.
939 140 1064 180 LIB.
1098 140 1132 180 Ι.
1195 139 1330 181 CAP.
1364 139 1443 180 IV.
1632 140 1687 179 49

98 250 215 305 ἴσως
256 251 388 303 οὐδὲν
425 251 701 318 ἀντιλέγειν·
760 257 787 281 “
808 250 970 301 Δώσει
1015 249 1107 317 γὰρ
1147 250 1172 300 ὁ
1213 248 1387 315 Κύριος
1426 249 1554 315 ῥῆμα
1592 252 1689 301 τοῖς

98 339 126 363 “
151 332 578 399 εὐαγγελιζομένοις
611 330 802 395 δυνάμει
836 332 1046 400 πολλῇ.”
1100 334 1222 398 χρῆν
1249 329 1304 381 δέ
1329 353 1384 396 γε
1419 328 1526 383 τοὺς
1557 328 1689 395 οἵπερ

98 416 191 465 εἶσὶ
228 414 314 479 τὴν
348 414 569 479 τοιαύτην
600 419 849 467 νοσοῦντες
887 413 1094 477 ἀμαθίαν
1129 410 1573 477 ἀναμιμνήσκεσθαι
1606 415 1690 461 τοῦ

98 497 322 563 λέγοντος
355 502 382 527 “
401 496 468 547 ’“Ω
506 500 548 547 οἱ
583 493 979 562 ἐγκαταλιπόντες
1014 492 1149 548 ὁδοὺς
1185 494 1361 547 εὐθείας
1397 499 1481 544 τοῦ
1519 491 1689 559 πορεύ-

55 588 77 627 5
100 584 127 608 “
152 582 291 630 εσθαι
315 579 364 629 ἐν
389 579 513 632 ὁδοῖς
537 576 786 631 σκότους·”
839 577 960 641 ἡμᾶς
996 575 1044 627 δὲ
1080 574 1344 627 ἀκόλουθον
1376 573 1496 642 πρὸς
1528 574 1611 625 τὸν
1642 575 1691 624 ἐν

98 664 195 714 τοῖς
238 660 450 727 οὐρανοῖς
492 659 883 727 ἀναφθέγγεσθαι
928 657 1251 724 μυσταγωγόν
1296 664 1324 686 “
1344 655 1690 725 Ἀπόστρεψον

98 748 126 772 “
151 741 259 796 τοὺς
284 740 566 810 ὀφθαλμούς
591 763 683 805 μου
715 745 798 791 τοῦ
829 739 894 804 μὴ
928 743 1038 790 ἰδεῖν
1064 737 1393 803 ματαιότητα·”
1435 736 1691 802 ματαιότης

97 822 192 890 γὰρ
233 822 396 886 ὅντως,
438 821 583 890 λῆρός
622 845 670 874 τε
710 824 786 873 καὶ
824 822 981 888 ἕτερον
1019 820 1151 872 οὐδὲν
1189 820 1248 872 τὰ
1290 821 1340 870 ἐκ
1384 822 1467 884 τῆς
1508 819 1692 869 ἐκείνων
1709 821 1736 861 b

98 905 487 975 κενοφωνούμενα
520 904 841 958 ἀπαιδευσίας·
895 905 948 955 οὐ
985 902 1079 969 γὰρ
1115 905 1177 956 ὡς
1212 903 1363 968 λόγον
1389 901 1510 969 ἔχων
1537 901 1694 967 ἕτερον

32 1003 79 1029 ¹0
99 988 147 1038 ἐν
172 988 322 1057 ἑαυτῷ
347 993 431 1039 τοῦ
459 986 664 1054 Πατρὸς,
693 987 717 1037 ὃ
744 984 859 1040 Υἱὸς
885 985 968 1037 τὸν
994 990 1077 1036 τοῦ
1105 982 1296 1051 Πατρὸς
1324 983 1508 1053 ἔφασκε
1543 981 1694 1049 λόγον

98 1074 266 1137 τηρεῖν·
328 1070 438 1120 ἀλλ’
480 1070 580 1120 οὐδ’
621 1067 785 1135 ὥσπερ
829 1066 934 1119 τινὰ
973 1065 1282 1133 παιδαγωγὸν
1319 1063 1696 1130 ἐπικομιζόμενος

97 1149 217 1218 πρὸς
256 1151 378 1216 ἡμᾶς
416 1152 615 1221 ἀφῖχθαι
657 1149 990 1218 διισχυρίσατό
1028 1172 1163 1211 ποτε,
1207 1151 1269 1203 ὡς
1316 1147 1364 1200 δὲ
1405 1148 1548 1212 μόνος
1586 1149 1692 1199 ε’νυ-

98 1232 297 1301 πάρχων
323 1232 443 1284 κατὰ
474 1234 625 1302 φύσιν
649 1237 717 1302 τῷ
745 1234 916 1298 Πατρῖ,
943 1231 1063 1299 ἔχων
1089 1255 1138 1283 τε
1173 1231 1232 1282 αὖ
1265 1230 1416 1282 πάλιν
1442 1230 1613 1293 ὁμοίως
1647 1230 1696 1280 ἐν

100 1315 248 1384 ἑαυτῷ
278 1314 360 1366 τὸν
387 1315 593 1381 Πατέρα,
620 1319 1012 1379 μεσολαβοῦντος
1047 1312 1203 1380 ἑτέρου
1236 1311 1450 1377 μηδενός·
1495 1318 1522 1341 “
1544 1309 1691 1377 Ἐγὼ,

264 1398 278 1415 X
357 1398 369 1412 2
469 1401 489 1411 Α
659 1398 673 1415 Χ
758 1398 772 1414 Χ
809 1397 820 1411 (
976 1395 989 1411 Χ
1070 1396 1080 1411 5
1144 1396 1154 1411 9
1216 1396 1230 1413 X
1247 1395 1271 1411 ἱ)
1339 1395 1350 1409 3
1424 1394 1434 1408 ἶ
1475 1393 1497 1411 ’l

32 1408 79 1448 15
101 1402 128 1425 “
154 1400 322 1465 φησιν,
350 1420 398 1448 εν
424 1419 491 1466 τω
518 1400 675 1463 Πατρι
698 1419 774 1447 και
801 1419 826 1447 ο
856 1399 1026 1462 Πατηρ
1058 1418 1106 1446 εν
1132 1418 1246 1459 εμοι,
1301 1417 1388 1461 ουχ
1415 1416 1440 1444 ο
1467 1396 1691 1462 εμφυτος,
1713 1420 1734 1448 ο

100 1480 212 1530 ἀλλ’
241 1476 344 1530 οὐδὲ
382 1478 537 1545 ἕτερός
578 1501 646 1532 τις
685 1477 848 1544 λόγος·
900 1478 1011 1528 ἀλλ’
1047 1477 1072 1527 ὁ
1108 1476 1294 1542 Πατήρ·
1344 1477 1393 1526 ἐν
1425 1476 1543 1539 ἐμοί.
1595 1479 1696 1528 πῶς

102 1562 184 1612 οῦν
210 1560 302 1628 ἄρα
329 1562 498 1624 νοῆσαι
524 1559 761 1627 προσήκοι
786 1558 840 1610 τὸ
865 1560 974 1626 παρ’
998 1559 1142 1610 αὐτοῦ
1166 1556 1285 1625 πρὸς
1311 1557 1418 1612 τοὺς
1444 1556 1696 1610 Ἰουδαίους

99 1643 352 1710 εἰρημένον,
391 1642 512 1694 ε’ίποι
558 1665 627 1696 τις
671 1640 728 1693 ἂν
767 1642 891 1706 ἡμῖν,
931 1643 1007 1691 καὶ
1047 1639 1181 1705 μάλα
1220 1638 1424 1693 εἰκότως·
1480 1636 1599 1705 πρὸς
1639 1636 1697 1701 δὴ

99 1730 239 1776 τοῦτο
282 1725 475 1791 ἐροῦμεν
517 1723 829 1788 ἀληθεύοντες
878 1721 938 1774 τὰ
983 1726 1046 1776 εἷς
1098 1726 1207 1772 νοῦν
1251 1720 1570 1782 ἀναβαίνοντα
1614 1717 1698 1770 τὸν

34 1828 83 1854 20
100 1806 323 1874 ἡμέτερον
373 1804 655 1857 Ἐδίδασκεν
707 1805 731 1855 ὁ
784 1803 953 1870 Σωτὴρ
1012 1801 1096 1855 τὸν
1148 1801 1553 1854 δυσπειθέστατον
1603 1805 1698 1852 τῶν

99 1888 338 1939 Ἰουδαίων
374 1887 509 1951 λαὸν,
541 1889 615 1938 καὶ
655 1885 776 1938 κατὰ
813 1884 971 1953 βραχὺ
1009 1888 1092 1950 τῆς
1132 1886 1322 1949 νομικῆς
1360 1882 1565 1953 ἐξέλκων
1601 1889 1695 1934 λα-

100 1970 253 2037 τρείας
287 1969 396 2023 τοὺς
430 1969 766 2037 ἀκροωμένους,
801 1967 1031 2037 ἐπεφώνει
1065 1965 1300 2020 πολλάκις
1333 1973 1361 1995 “
1380 1965 1511 2032 Ἐγώ
1544 1968 1635 2029 εἶμι
1668 1964 1697 2028 ἡ

102 2059 130 2082 “
156 2050 395 2117 ἀλήθεια,”
428 2053 682 2119 μονονουχὶ
720 2050 877 2117 λέγων
904 2049 1267 2102 Ἀποσείσασθε
1305 2047 1389 2099 τὸν
1422 2046 1630 2110 νομικὸν,
1660 2041 1698 2096 (3

0 2003 1 2047 l

0 2055 1 2094 l

0 2180 3 2217 ἰ
221 2215 235 2231 Χ
312 2216 323 2230 (
455 2214 468 2232 N
645 2215 657 2232 Ι
891 2213 904 2231 Χ
975 2215 985 2229 t
1068 2212 1080 2229 Ι
1221 2214 1231 2228 ’
1283 2212 1296 2227 Ι
1529 2212 1539 2225 (
1585 2212 1595 2226 9
1650 2209 1663 2226 Ι

0 2221 3 2313 Ι
35 2231 83 2270 25
101 2223 272 2268 λοιπον
298 2240 326 2280 η
360 2239 488 2279 σκια,
513 2237 719 2283 χωρειτω
751 2236 939 2281 μακραν
966 2237 991 2265 ο
1023 2236 1183 2276 τυπος,
1209 2215 1488 2280 επελαμψεν
1514 2235 1542 2275 η
1569 2217 1691 2274 αλη-

0 2319 4 2346 z
102 2301 217 2350 θεια.
275 2299 384 2349 ἀλλ’
429 2298 483 2349 οὐ
527 2302 679 2349 πᾶσιν
721 2295 866 2348 ἐδόκει
911 2300 1060 2348 ποιεῖν
1105 2296 1274 2362 ὀρθῶς,
1317 2292 1592 2360 ἀνατρέπων
1638 2290 1698 2342 τὰ

104 2380 366 2443 Μωυσέως,
391 2384 581 2444 μᾶλλον
608 2378 656 2430 δὲ
683 2378 813 2445 ἄγων
838 2379 911 2430 ἐπὶ
936 2377 991 2429 τὸ
1019 2376 1354 2443 ἀληθέστερον,
1377 2378 1438 2429 ὡς
1465 2375 1546 2425 καί
1567 2396 1696 2427 τινας

102 2462 192 2527 ἤδη
224 2466 346 2524 βοᾶν
373 2465 432 2513 Εἰ
467 2460 525 2525 ἧν
551 2462 686 2515 οὗτος
720 2460 851 2528 παρὰ
877 2464 1003 2511 Θεοῦ
1038 2461 1062 2510 ὁ
1096 2459 1358 2525 ἄνθρωπος,
1385 2458 1468 2508 οὐκ
1503 2455 1560 2507 ἂν
1586 2453 1695 2506 ἐ’λυε

103 2543 157 2596 τὸ
200 2543 471 2605 σάββατον·
535 2543 649 2609 ὅπερ
690 2541 748 2594 ἂν
786 2541 843 2607 ἧν
881 2542 1098 2608 ἄντικρυς
1139 2540 1371 2607 ἁμαρτίαν
1410 2538 1690 2607 καταψηφί-

153 2723 186 2758 3.
213 2714 366 2748 νοοῦντες
384 2712 427 2746 Β.
633 2721 663 2758 7.
690 2727 754 2756 μου
772 2718 994 2757 assumptum
1012 2723 1053 2745 ex
1072 2710 1164 2745 D.E.
1362 2708 1394 2741 8.
1420 2708 1524 2751 λῆρός
1540 2721 1576 2740 τε
1593 2706 1696 2742 ὅντως

105 2759 246 2793 inverso
263 2758 385 2793 ordine
403 2759 447 2793 Β.
590 2771 622 2804 9.
648 2759 926 2804 κενοφωνοὺμενα
943 2758 1165 2792 ἀπαιδευσίας
1183 2755 1250 2789 hoc
1268 2753 1390 2788 ordine
1409 2753 1452 2787 B.
1517 2753 1632 2797 ἕτερον
1651 2753 1694 2788 Β.

107 2805 221 2850 ἕτερον
238 2805 335 2839 οὐδὲν
354 2805 445 2839 D.E.
463 2805 578 2849 ἕτερον
595 2805 713 2839 οὐδένα
733 2805 799 2840 Ed.
1003 2816 1055 2839 10.
1081 2806 1187 2848 λόγον
1204 2803 1337 2846 ἔφασκε
1354 2801 1494 2834 inverso
1511 2800 1633 2834 ordine
1652 2800 1695 2834 B.

110 2863 164 2897 13.
190 2854 294 2887 πάλιν
310 2851 351 2886 αὖ
369 2858 403 2886 et
419 2853 478 2886 τὸν
494 2851 632 2896 Πατέρα
649 2851 771 2896 ὁμοίως
789 2852 824 2886 ἐν
841 2853 946 2897 ἑαυτῷ
965 2852 1104 2885 inverso
1122 2848 1244 2884 ordine
1262 2847 1306 2882 Β.
1421 2846 1474 2881 16.
1500 2845 1594 2891 οὐδὲ]
1619 2850 1656 2887 —f-
1678 2848 1696 2880 ὁ

108 2897 177 2934 Ed.
195 2899 305 2933 invito
323 2898 366 2933 B.
510 2909 565 2933 21.
590 2901 683 2933 λαῶν
700 2898 767 2933 Ed.
787 2910 874 2944 quae
892 2898 1038 2943 conjecit
1055 2897 1150 2930 λαὸν.
1295 2894 1350 2928 28.
1377 2894 1395 2927 ὁ
1413 2900 1636 2938 assumptum
1654 2904 1696 2927 ex

111 2945 250 2980 B.D.E.
380 2955 435 2990 29.
461 2946 500 2979 τὸ
519 2946 698 2986 σάββατον
716 2945 857 2980 Β.Ι).Ε.
874 2945 915 2979 τὰ
934 2945 1094 2985 σάββατα
1113 2941 1180 2977 Ed.
1244 2941 1284 2976 ἂν
1301 2946 1523 2986 assumptum
1541 2951 1582 2974 ex
1603 2939 1645 2974 B.

167 3011 258 3040 VOL.
283 3012 312 3039 Ι.
887 3011 916 3038 H

102 2134 242 2198 οῦτοι,
260 2134 414 2202 ζυγόν·
442 2133 767 2202 καταδέξασθε
793 2130 879 2197 τὴν
901 2133 950 2183 ἐν
969 2131 1200 2196 πνεύματι
1226 2130 1462 2198 λατρείαν·
1492 2129 1694 2196 οἰχέσθω
1713 2138 1740 2178 d

1751 296 1841 326 lxvii.
1854 304 1902 326 12.

1752 503 1850 534 Prov.
1867 504 1899 535 ii.

1756 556 1806 586 13.

1752 663 1807 694 Ps.

1753 706 1861 737 cxviii.

1755 758 1804 789 37-

1756 1319 1850 1350 Infra

1756 1374 1820 1394 X1v.
1840 1372 1852 1393 1
1863 1373 1874 1394 1
1881 1387 1888 1394 .

1760 1986 1810 2018 ΙΙ).
1828 1987 1858 2019 6.

1756 2467 1807 2499 Ib.
1824 2468 1868 2499 ix.
1884 2467 1913 2500 6.
