2084 3317
142 156 300 200 vii.18.
381 160 456 202 IN
499 162 543 203 S.
576 163 912 207 JOANNEM.
974 168 1099 212 LIB.
1133 171 1211 214 IV.
1274 174 1408 218 CAP.
1431 177 1485 218 V.
1649 181 1733 222 607

140 266 400 330 παίδευσιν,
427 270 557 321 ἀλλὰ
583 276 680 326 τοῖς
705 274 754 324 ἐν
781 275 913 326 τύπω
942 281 1420 348 σκιαγραφουμένοις,
1449 285 1662 352 καθάπερ
1686 310 1731 338 τι

137 351 306 413 χρῶμα
345 351 762 419 περιφανεστερον,
799 327 1073 425 ἐπαιλείφειν
1110 359 1196 424 τὴν
1235 362 1476 426 ἀλήθειαν.
1533 367 1727 430 εὐμετα-

134 429 385 493 χειρίστως
425 430 474 482 δὲ
519 433 715 502 σφόδρα
759 436 843 491 τὰς
887 443 981 490 τῶν
1018 441 1258 494 ΗΙουδαιων
1298 444 1474 500 εὐνοίας
1520 447 1724 515 ἐξωνού-
1745 471 1767 496 a
1804 464 1948 501 415A.

133 530 282 572 μενος,
310 512 563 578 ἀνατίθησι
598 519 664 585 τῷ
694 520 802 587 Θεῷ
840 541 889 569 τε
923 520 999 570 καὶ
1027 525 1184 589 Πατρι
1211 523 1352 589 τιμήν
1377 549 1428 578 τε
1455 530 1531 579 καὶ
1557 528 1722 598 δόξαν.

90 599 112 637 5
132 590 287 655 ἐπειδὴ
315 591 409 659 γὰρ
436 595 519 645 οὐκ
546 596 716 651 εἰδότες
743 597 957 651 Ἰουδαῖοι
992 600 1075 654 τὸν
1105 605 1154 655 ἐκ
1182 609 1308 657 Θεοῦ
1336 609 1528 675 Πατρὸς
1562 615 1720 680 πεφη-

131 671 244 722 νότα
283 673 457 739 Λόγον,
491 676 622 743 παρὰ
659 679 806 741 μόνου
843 688 926 733 τοῦ
961 683 1152 750 Πατρὸς
1191 710 1340 739 ωοντο
1379 688 1601 742 δεδόσθαι
1639 691 1723 744 τὸν

130 750 290 816 νόμον,
336 754 524 811 εἰκότως
569 759 712 810 αὐτὸν
753 785 829 812 και
861 763 1154 863 δοξάξεσθαι
1197 791 1282 831 μεν
1325 771 1595 838 σωξομενου
1637 782 1721 827 τοῦ

128 833 273 897 νόμου
311 839 638 905 διισχυρίξετο,
665 844 742 893 καὶ
768 842 822 894 τὸ
849 845 1056 897 ἐναντίον
1081 849 1340 915 ὑπομενειν,
1368 857 1405 903 εἰ
1435 853 1500 918 μὴ
1532 856 1718 923 φυλάτ-

126 936 254 965 τοιτο
298 917 418 968 κατὰ
462 918 627 986 λόγον.
709 925 821 974 ἀλλ’
867 930 905 976 εἱ
956 950 1032 978 και
1080 932 1162 992 τῆς
1207 930 1350 998 δόξης
1392 940 1476 985 τοῦ
1524 938 1717 1004 Πατρὸς

59 1012 106 1037 10
125 996 344 1050 κοινωνός
382 1000 514 1051 ἐστιν
550 1003 574 1052 6
609 1003 738 1063 Υἱὸς,
768 1008 844 1056 καὶ
883 1009 938 1058 δι’
967 1010 1111 1061 αὐτοῦ
1149 1012 1270 1077 πρὸς
1307 1015 1523 1067 Μωυσεα
1561 1020 1710 1070 λελά-

121 1081 267 1140 ληκεν
311 1080 336 1129 6
388 1080 511 1136 Θεὸς
562 1106 638 1135 και
689 1085 873 1153 Πατὴρ,
920 1113 1045 1153 ομως
1097 1096 1198 1146 ταῖς
1248 1095 1431 1147 ἐκείνων
1477 1099 1759 1155 ὑπονοίαιςί)

121 1161 422 1223 οἰκονομικῶς
463 1171 686 1217 συναινεῖ·
742 1169 791 1218 ἐν
830 1168 878 1219 δε
917 1174 983 1239 τῷ
1019 1173 1165 1235 μηδεν
1199 1178 1284 1244 ἀφ’
1326 1176 1479 1229 ἑαυτου
1518 1186 1708 1245 λαλεῖν,

120 1262 146 1289 ο
180 1239 245 1304 μὴ
280 1246 346 1312 τῷ
382 1244 510 1314 νόμῳ
547 1248 684 1311 δοκεῖ,
711 1250 765 1300 06
799 1251 988 1306 πάντως
1024 1253 1110 1318 τὴν
1136 1257 1257 1307 ἰδιαν
1282 1259 1553 1325 ἐπείγεσθαι
1581 1259 1712 1333 δοξαν

119 1324 378 1386 οἰκοδομεῖν
404 1327 644 1393 ὁμολογεῖ,
672 1331 803 1381 ἀλλὰ
829 1332 914 1396 τὴν
940 1339 1006 1403 τῷ
1033 1335 1160 1406 νόμω
1188 1361 1595 1407 χρεωστουμενην.

50 1419 97 1457 15
193 1404 324 1470 Πρὸς
357 1405 412 1457 δε
439 1431 494 1473 γε
527 1410 698 1480 τούτω,
728 1415 912 1465 κάκεῖνο
939 1418 1209 1483 θεωρητεον.
1262 1423 1481 1487 πλαγίως
1515 1424 1609 1491 γὰρ
1643 1426 1710 1477 ἐτι

116 1485 191 1534 καὶ
223 1487 610 1552 ἐπεσκιασμένως
646 1494 936 1559 ὑποπλήττει
972 1497 1079 1552 τοῦς
1105 1500 1371 1566 Ἰουδαίους,
1397 1507 1704 1571 περιπίπτον-

114 1588 198 1620 τας
222 1590 308 1630 μεν
335 1569 402 1624 οἶς
430 1572 719 1637 ἐγκαλοῦσιν
746 1578 1002 1641 ἀμαθῶς,
981 1586 1159 1636 εαυτοῖς
1186 1581 1235 1633 δε
1261 1589 1466 1648 μᾶλλον,
1494 1610 1614 1654 ηπερ
1640 1612 1707 1640 τω

112 1647 304 1700 πάντων
343 1653 555 1722 δεσπότῃ
595 1659 704 1706 Θεῶ
743 1657 828 1722 τὴν
866 1659 1012 1729 δόξαν
1047 1663 1269 1730 ἀρπάξειν
1304 1670 1700 1733 κατειθισμένους,

112 1750 187 1779 και
227 1730 366 1794 ὅπως,
406 1735 509 1800 ε’ρω.
565 1738 897 1794 ἀποκλίνοντες
935 1742 1028 1809 γὰρ
1063 1749 1157 1796 τῶν
1195 1752 1278 1797 τοῦ
1317 1748 1461 1811 νόμου
1502 1753 1743 1818 &army-c

41 1834 91 1860 20
108 1809 286 1875 μάτων,
322 1815 396 1865 ἐπὶ
432 1815 486 1866 τὸ
526 1820 752 1870 δοκοῦν
726 1844 916 1874 εκαστοι
954 1826 1283 1894 κατεφεροντο,
1312 1830 1699 1897 (ἐδιδάσκοντεςῘ
1762 1833 1927 1919 {VJJsg-“h‘

109 1892 232 1943 καθα
262 1894 540 1961 γέγραπται,
574 1904 929 1958 “6c6aoxasxca9
962 1905 1231 1972 ἐνταλματα
1269 1912 1572 1977 ἀνθρώπωνῗ
1625 1917 1701 1968 ἐπὶ

106 1973 258 2044 τούτῳ
296 1976 445 2029 πάλιν
484 1981 667 2049 εὐφυῶς
705 1992 1096 2051 παρανομοῦντας
1134 1989 1319 2059 ελεγχει
1356 1995 1585 2059 Χριστὸς,
1623 2000 1700 2049 καὶ

105 2057 169 2109 εἰς
212 2056 354 2110 αὐτὸν
396 2068 795 2126 πλημμελοῦντας
840 2067 923 2118 τὸν
968 2071 1238 2136 νομοθετην,
1284 2072 1342 2125 δι’
1387 2073 1453 2126 ὠν
1499 2078 1552 2128 οὐ
1603 2084 1700 2134 τοῖς

104 2137 276 2190 ἐκείνου
315 2142 483 2208 διαξῆν
521 2145 751 2210 ὁρισμοῖς,
777 2155 1096 2215 προσκεῖσθαι
1136 2152 1185 2204 δὲ
1222 2159 1415 2218 μᾶλλον
1446 2163 1547 2213 ταῖς·
1585 2163 1695 2227 παρ’

35 2240 83 2279 25
104 2219 258 2271 αὐτῶν
296 2223 628 2280 διδασκαλίαις
666 2226 774 2282 τοὺς
815 2232 1138 2298 ἀκροωμενους
1180 2237 1439 2291 ἀνεπειθον.
1504 2241 1690 2306 οὐκοῦν,

102 2298 190 2350 κᾶν
215 2303 546 2369 ἀδιορίστως’
527 2307 592 2358 ε’τι
626 2331 702 2360 και
737 2312 1104 2378 ἀπολελυμενως
1139 2317 1258 2386 λε’γῃ
1284 2319 1533 2385 Χριστός
1537 2331 1581 2374 O
1608 2328 1693 2393 ἀφ’

102 2381 254 2439 ἑαυτοῦ
291 2398 445 2438 >nomam
479 2413 549 2449 την
583 2386 712 2459 δοξαν
749 2417 817 2452 την
856 2391 971 2447 ἱδιοιν
1006 2397 1132 2466 ζητεῖ,
1166 2401 1250 2463 τῆς
1288 2405 1383 2451 τῶν
1416 2405 1691 2501 Φαρισαίων
1711 2416 1739 2457 d

100 2465 324 2520 ἀπονοίας
362 2468 544 2536 ἐλεγχει
582 2470 669 2535 τὴν
699 2472 859 2537 νόσον,
891 2479 953 2530 ὡς
993 2477 1069 2528 διὰ
1106 2485 1189 2530 τοῦ
1228 2486 1420 2544 μᾶλλον
1451 2507 1510 2535 τα
1549 2489 1690 2538 οἰκεῖα

99 2544 363 2604 βούλεσθαι
392 2555 560 2601 λαλεῖν
585 2551 672 2616 τὴν
698 2561 781 2605 τοῦ
816 2559 1071 2621 νομοθέτου
1108 2562 1399 2617 κλεπτοντας
1426 2565 1585 2634 δόξαν,
1614 2570 1689 2619 καὶ

28 2633 487 2693 3οπεριπλανῶντας
540 2636 602 2687 εἷς
652 2636 841 2692 ἑαυτοὺς
897 2639 956 2690 τὰ
1013 2645 1080 2711 τῷ
1132 2646 1241 2713 Θεῷ
1300 2647 1683 2713 χρεωστούμενα,

144 2816 177 2850 3.
204 2805 332 2842 ἐννοίας
351 2807 393 2841 Β.
560 2824 593 2853 4.
620 2827 656 2846 τε
673 2814 770 2858 prius
789 2824 1013 2862 assumptum
1032 2831 1073 2853 ex
1093 2819 1135 2854 B.
1308 2823 1341 2857 8.
1368 2824 1620 2871 διισχυρίζοντο
1640 2829 1683 2865 Β,

98 2862 152 2896 13.
179 2852 266 2887 ἰδίαν
286 2853 327 2887 Β.
334 2854 378 2888 D.
400 2854 523 2890 οἶκειαν
541 2857 607 2892 Ed.
790 2875 842 2906 14.
869 2866 958 2911 νόμῳ
979 2865 1020 2900 Β.
1040 2866 1203 2911 νομοθετῃ
1222 2868 1290 2904 Ed.
1462 2883 1516 2917 19.
1541 2874 1683 2910 ἀποκλί-

95 2912 209 2934 ναντες
228 2899 269 2934 Β.
489 2913 544 2938 20.
569 2904 712 2942 ἕκαστος
731 2907 773 2942 Β.
990 2923 1046 2947 21.
1071 2913 1294 2951 διδασκαλίας
1312 2915 1355 2952 Β.
1372 2917 1597 2956 διδασκαλίαν
1615 2921 1684 2959 Ed.

95 2955 150 2987 24.
177 2947 406 2991 προσκεῖσθαι
425 2948 520 2984 B.D.
536 2953 737 2995 προκεῖσθαι
756 2954 823 2990 Ed.
