2084 3317
119 133 172 174 vi.
192 144 261 191 53.
355 136 428 178 IN
471 137 513 178 S.
547 136 882 178 JOANNEM.
946 136 1071 176 LIB.
1106 136 1182 176 IV.
1246 135 1378 175 CAP.
1413 134 1474 174 II.
1622 134 1705 172 529

118 243 316 310 μότερον
334 247 522 310 πείθων,
539 246 593 297 τὸ
618 246 857 298 πιστεύειν
878 244 1089 314 διδάξειε.
1126 243 1468 296 πεπιστευκόσι
1495 242 1587 308 γὰρ
1614 242 1702 306 ἥδη
1723 251 1750 292 d

117 327 194 377 καὶ
233 325 287 378 τὸ
324 327 576 390 μανθάνειν
606 328 838 379 δύνασθαι
872 327 1146 393 πρεπόντως
1181 328 1442 377 ἀκολουθεῖ.
1497 327 1593 376 ἐπεὶ
1628 327 1703 375 καὶ

117 409 238 459 οὕτω
265 411 416 476 φησὶν
443 411 467 460 ὁ
495 410 744 479 προφήτης
769 408 979 463 “Ησαῖἀς
997 416 1023 438 “
1041 407 1160 459 Ἐὰν
1187 407 1281 474 γὰρ
1307 407 1372 472 μὴ
1399 407 1704 470 πιστεύσητε,
1766 418 1927 458 Es.vii.9.

118 496 145 519 ‘⁶
171 489 272 541 οὐδ’
299 492 352 542 οὐ
386 491 451 556 μὴ
488 491 700 556 συνῆτε.”
746 493 914 542 οὐκοῦν
940 491 1028 542 ἔδει
1052 489 1449 558 προεῤῥιζωμένης
1475 491 1523 540 ἐν
1549 490 1705 542 αὐτοῖς

75 579 97 618 5
118 574 200 636 τῆς
234 574 454 637 πίστεως,
486 574 702 642 δευτέραν
733 574 1111 640 ἐπεισκρίνεσθαι
1150 571 1237 636 τὴν
1267 573 1340 640 ἐφ’
1370 571 1437 626 οἶς
1476 573 1705 638 ἀγνοοῦσι

118 653 332 714 σύνεσιν,
376 659 452 707 καὶ
503 658 557 707 οὐ
606 655 935 723 πρεσβυτέραν
975 658 1058 719 τῆς
1108 655 1313 709 πίστεως
1364 656 1569 721 ὁρᾶσθαι
1620 654 1707 718 τὴν

118 735 326 802 ζήτησιν.

192 819 288 870 Διά
326 820 500 884 ταύτην
526 818 652 882 οἶμαι
678 819 764 884 τὴν
791 820 942 870 αἰτίαν
967 823 1128 885 παρεὶς
1165 820 1351 873 εἰκότως
1390 821 1414 871 ὁ
1444 819 1618 886 Κύριος
1653 816 1707 869 τὸ

117 900 275 965 λέγειν
327 902 496 964 αὐτοῖς,
547 902 652 952 τίνα
708 901 887 968 τρόπον
937 902 1158 952 ἐπιδώσει
1215 901 1301 965 τὴν
1349 901 1508 967 σάρκα
1565 903 1707 952 αὐτοῦ

50 999 98 1024 10
117 984 301 1050 φαγεῖν,
346 984 420 1034 ἐπὶ
464 982 518 1034 τὸ
564 986 733 1050 χρῆναι
776 983 1013 1035 πιστεύειν
1055 984 1149 1050 πρὸ
1194 987 1277 1048 τῆς
1321 984 1508 1049 ἐρεύνης
1552 987 1702 1034 καλεῖ.
1726 1004 1747 1030 e

115 1067 211 1117 τοῖς
253 1063 347 1130 γὰρ
390 1064 480 1129 ἤδη
524 1063 879 1127 πεπιστευκόσι,
920 1065 1185 1120 διακλάσας
1229 1064 1312 1116 τὸν
1351 1066 1496 1131 ἄρτον
1533 1066 1703 1126 ἐδίδου,

1770 1144 1931 1175 S.Matth.

115 1144 272 1212 λέγων
298 1153 325 1176 “
346 1146 546 1210 Λάβετε,
574 1146 765 1215 φάγετε,
793 1145 932 1198 τοῦτό
964 1149 1066 1198 ἐστι
1103 1147 1158 1198 τὸ
1192 1147 1336 1211 σῶμά
1361 1167 1469 1211 μου·
1475 1148 1498 1163 ”
1538 1146 1708 1210 ὁμοίως
1769 1189 1858 1219 xxvi·
1881 1188 1930 1219 26·

1495 1237 1521 1259 ‘6

117 1226 165 1278 δὲ
191 1230 268 1279 καὶ
292 1232 355 1283 εἷς
387 1228 569 1284 πάντας
602 1229 656 1280 τὸ
691 1229 916 1296 ποτήριον
947 1229 1256 1296 περιενεγκών
1283 1230 1467 1288 Λάβετε
1540 1230 1893 1291 vrlere,”1b.27‚

117 1312 284 1378 φησὶν,
315 1318 341 1340 “
361 1311 416 1380 ἐξ
440 1312 582 1363 αὐτοῦ
606 1311 794 1366 πάντες·
836 1317 976 1363 τοῦτο
1002 1310 1095 1378 γάρ
1126 1314 1231 1363 ἐστι
1265 1311 1319 1364 τὸ
1354 1311 1469 1375 αἷμά
1500 1334 1592 1374 μου
1626 1314 1709 1375 τῆς
1772 1287 1824 1319 28’

49 1403 98 1442 15
118 1398 145 1421 ‘⁶
172 1393 396 1458 διαθήκης
432 1393 487 1444 τὸ
527 1393 641 1461 ὑπὲρ
678 1398 881 1446 πολλῶν
912 1395 1221 1461 ἐκχυνόμενον
1250 1398 1312 1449 εἷς
1348 1395 1524 1463 ἄφεσιν
1551 1394 1705 1459 ἁμαρ-

116 1480 145 1504 “
171 1476 328 1526 τιῶν.”
385 1477 498 1546 ὁρᾷς
547 1476 675 1530 ὅπως
725 1481 821 1530 τοῖς
872 1476 957 1537 μὲν
1002 1477 1360 1541 ἀνοηταίνουσιν
1404 1477 1484 1539 ἔτι,
1528 1478 1605 1527 καὶ
1655 1474 1710 1526 τὸ

115 1556 356 1609 πιστεύειν
383 1559 612 1626 ἀζήτητον
643 1557 992 1628 ἐξωθουμένοις,
1019 1559 1102 1609 οὐκ
1136 1559 1368 1628 ἐξηγεῖται
1402 1564 1486 1610 τοῦ
1520 1581 1705 1623 μυστη-
1726 1579 1748 1603 a
1783 1569 1861 1603 361
1878 1568 1930 1605 A·

115 1637 218 1704 ρίου
268 1639 352 1691 τὸν
402 1640 592 1707 τρόπον,
643 1645 740 1695 τοῖς
790 1639 837 1691 δὲ
888 1640 977 1705 ἤδη
1027 1640 1370 1692 πεπιστευκόσι
1419 1641 1709 1707 σαφέστατα

118 1720 307 1773 διειπὼν
343 1723 639 1789 εὑρίσκεται·
628 1764 640 1785 ,
697 1722 998 1773 ἀκουέτωσαν
1033 1746 1189 1773 τοινυν
1224 1746 1266 1773 οι
1303 1724 1390 1787 τὴν
1425 1745 1590 1774 πιστιν
1622 1722 1709 1786 τὴν

48 1819 98 1845 20
117 1805 180 1856 εἷς
207 1803 424 1901 Χριστὸν
451 1805 508 1874 ἐξ
538 1806 697 1859 ἀνοίας
731 1805 861 1855 οὔπω
895 1803 1306 1873 παραδεξάμενοι’
1315 1804 1403 1856 Εοιν
1428 1829 1489 1869 μη
1525 1804 1708 1873 φαγητε

116 1909 187 1944 Tm!
213 1908 366 1953 σαιρκαα
392 1911 462 1937 TOU
487 1889 573 1938 υἱθυ
597 1913 668 1938 ΤΟυ
647 1884 908 1956 Νάσνθρωπθυ
943 1910 1020 1938 καί
1055 1911 1181 1946 πίητε
1217 1911 1346 1938 αυτοῦ
1382 1912 1427 1938 ΤΟ
1466 1910 1600 1954 αἱμα,
1630 1911 1707 1939 Ουκ

117 1966 241 2029 ἔχετε
280 1966 383 2038 {conv
423 1969 585 2020 αἱωνιον
625 1970 662 2021 ἐν
702 1970 886 2024 ἑαυτοις·
955 1968 1176 2036 ἀμετοχοι
1215 1968 1308 2035 γὰρ
1345 1973 1591 2023 παντελῶς
1631 1992 1707 2020 και

115 2049 340 2115 ἄγευστοι
367 2050 637 2116 διαμένουσι
663 2054 746 2115 τῆς
778 2052 827 2102 ἐν
852 2052 1078 2120 ἁγιασμῷ
1112 2053 1189 2102 καὶ
1222 2052 1531 2118 μακαριότητι
1566 2052 1702 2118 ζωῆς,

115 2134 158 2182 οἱ
183 2130 259 2182 διὰ
284 2134 368 2196 τῆς
393 2136 623 2197 μυστικῆς
649 2133 866 2199 εὐλογίας
892 2133 947 2183 οὐ
977 2132 1356 2202 παραδεξάμενοι
1386 2132 1469 2184 τὸν
1495 2135 1701 2198 Ἰησοῦν.

0 2213 22 2225 “
48 2234 96 2273 25
116 2211 208 2279 ζωὴ
233 2213 318 2277 μὲν
344 2213 438 2282 γὰρ
467 2214 586 2266 κατὰ
613 2214 764 2283 φύσιν
789 2217 906 2278 ἐστὶ,
933 2215 1051 2266 καθὸ
1082 2217 1157 2266 καὶ
1192 2217 1241 2266 ἐκ
1278 2213 1447 2281 ζῶντος
1481 2215 1704 2281 ἐγεννήθη
1724 2226 1750 2266 b

118 2295 322 2362 Πατρός·
362 2296 588 2363 ζωοποιὸν
614 2296 664 2347 δὲ
689 2296 822 2348 οὐδὲν
846 2297 988 2362 ἧττον
1016 2299 1090 2348 καὶ
1116 2296 1170 2348 τὸ
1203 2295 1338 2363 ἅγιον
1365 2299 1507 2348 αὐτοῦ
1541 2301 1702 2360 σῶμα,

115 2378 513 2445 συνενηνεγμένον
557 2378 735 2446 τρόπον
778 2379 883 2430 τινὰ
933 2380 1010 2430 καὶ
1061 2381 1273 2447 ἀῤῥήτως
1324 2379 1494 2430 ἑνωθὲν
1537 2383 1603 2449 τῷ
1646 2378 1706 2430 τὰ

115 2458 271 2511 πάντα
302 2461 609 2527 ζωογονοῦντι
637 2460 798 2532 Λόγῳ·
844 2461 914 2512 διὸ
941 2463 1084 2512 αὐτοῦ
1110 2462 1406 2527 λελόγισται,
1434 2462 1508 2512 καὶ
1545 2463 1608 2515 ὡς
1642 2460 1705 2515 εἷς

117 2546 288 2592 νοεῖται
322 2541 414 2594 σὺν
440 2544 579 2612 αὐτῷ.
636 2545 892 2610 ἀδιαίρετος
929 2543 1024 2610 γὰρ
1058 2542 1176 2606 μετὰ
1209 2543 1296 2606 τὴν
1327 2543 1702 2609 ε’νανθρώπησιν,

48 2645 98 2681 3ο
115 2622 246 2688 πλὴν
273 2623 390 2675 ὅσον
417 2628 480 2678 εἰς
505 2623 559 2675 τὸ
586 2625 750 2676 εἰδέναι
780 2623 864 2677 τὸν
890 2627 939 2676 ἐκ
967 2629 1093 2676 Θεοῦ
1121 2624 1313 2690 Πατρὸς
1344 2625 1517 2689 ἥκοντα
1545 2623 1705 2690 Λόγον

168 2810 221 2846 15.
249 2786 452 2845 ἐκχυνιὶμενον
471 2800 514 2835 Β.
638 2810 690 2846 17.
717 2801 880 2846 ἀζήτητον
899 2802 941 2835 Β.
960 2801 1129 2845 ἀζητήτως
1148 2800 1214 2834 Ed.
1337 2811 1391 2834 20.
1418 2799 1499 2834 Ἐὰν
1518 2801 1559 2835 B.
1579 2801 1618 2835 ἂν
1638 2801 1705 2836 Ed.

119 2859 174 2882 22.
199 2847 332 2881 αἰώνιον
348 2854 572 2892 assumptum
589 2859 630 2881 ex
651 2848 691 2883 B.
712 2850 762 2892 (N)
871 2860 926 2893 23.
954 2848 1150 2892 διαμένουσι
1170 2848 1211 2881 Β.
1229 2847 1369 2891 μένουσι
1389 2847 1454 2881 Ed.
1562 2859 1615 2890 24.
1641 2848 1706 2891 Ἰη-

118 2897 203 2948 σοῦν
223 2894 301 2928 B.D
320 2906 392 2939 mg.
411 2896 483 2946 υἱὸν
503 2895 548 2929 D.
567 2894 633 2929 Ed.
813 2905 867 2941 27.
896 2893 1195 2940 συνενηνεγμένον]
1216 2894 1428 2938 συνημμένον
1447 2893 1553 2928 Cord.
1573 2896 1706 2930 nullam

118 2953 154 2975 ln
173 2953 192 2975 a
209 2953 282 2975 var·
302 2949 431 2975 n0taVl·

178 3008 270 3035 VOL.
295 3008 322 3036 1.
890 3011 912 3051 3
937 3010 959 3035 x
