2084 3317
133 178 158 219 i.
179 193 247 235 32,
266 195 334 237 33.
387 183 459 222 IN
502 182 544 222 S.
578 181 914 222 JOANNEM.
979 181 1102 220 LIB.
1137 181 1195 220 II.
1260 181 1392 221 CAP.
1428 181 1462 220 I.
1642 181 1721 220 177

134 291 259 339 Θεοῦ
304 289 352 340 δὲ
393 289 527 344 ὄντος
571 289 690 341 κατὰ
731 291 882 356 φύσιν
922 295 1005 341 τοῦ
1047 290 1251 355 Πατρὸς,
1293 288 1416 343 Θεός
1458 290 1561 339 ἐστι
1604 287 1723 338 κατὰ

131 369 281 435 φύσιν
320 373 395 421 καὶ
438 373 462 422 ὁ
505 371 632 426 Υἱός.
700 370 832 423 οὐδὲν
877 372 968 438 ἄρα
1013 372 1194 433 διοίσει,
1238 369 1359 421 κατά
1406 393 1459 436 γε
1505 369 1560 420 τὸ
1607 367 1723 419 εἶναι

128 450 319 515 τέλειος,
350 455 412 507 ὡς
449 452 569 520 πρὸς
607 453 690 504 τὸν
721 453 924 520 Πατέρα,
961 456 1045 517 τῆς
1085 452 1210 506 θείας
1251 453 1393 503 αὐτοῦ
1434 453 1508 501 καὶ
1547 457 1721 501 τελειο-

128 530 271 596 τάτης
310 535 474 588 οὐσίας
511 535 798 602 ἐκπεφυκώς·
847 534 874 600 ἢ
913 534 1007 600 γὰρ
1047 535 1130 585 οὑκ
1169 533 1353 600 ἀνάγκη
1392 531 1575 584 τέλειον
1609 530 1765 582 εῖναιῖ)

87 614 317 670 5πάντως
357 615 440 667 τὸν
479 620 529 668 ἐκ
569 619 750 668 τελείου
789 616 1082 683 γεννήτορος,
1124 616 1251 680 ε’ίπερ
1290 617 1423 666 ἐστὶν
1462 615 1605 665 αὑτοῦ
1647 615 1723 663 καὶ

130 696 502 763 ἀπαράλλακτος
527 698 660 750 εἰκὼν
688 706 713 728 “
735 700 811 749 καὶ
837 697 1082 766 χαρακτὴρ
1107 701 1190 762 τῆς
1218 696 1573 758 ὑποστάσεως,”
1602 694 1725 747 καθὰ
1785 715 1948 754 Heb.i.3.

130 779 424 845 γε’γραπταις
461 781 572 831 ἀλλ’
601 779 728 845 οἶμαι
754 785 846 834 πᾶς
872 804 941 834 τις
968 781 1078 844 ἡμῖν
1104 784 1294 844 συνερεῖ
1316 781 1392 829 καὶ
1418 777 1723 841 συνθήσεται.

130 858 159 925 ἢ
205 861 381 926 λεγέτω
425 861 573 913 πάλιν
612 867 674 916 εἷς
719 862 870 924 μέσον
908 862 1079 923 ἐλθὼν,
1125 860 1244 912 κατὰ
1285 861 1389 911 τίνα
1427 858 1604 926 τρόπον
1642 864 1726 909 τοῦ

129 944 308 994 τελείου
345 943 537 1010 Πατρὸς
575 944 949 1011 ἀπαράλλακτος
984 944 1119 995 ε”σται
1155 941 1399 1010 χαρακτὴρ
1437 943 1461 992 ὁ
1487 940 1615 1002 Υἱὸς,
1643 941 1726 991 οὐκ

63 1042 111 1066 10
130 1023 251 1090 ε”χων
276 1025 325 1076 ἐν
351 1027 443 1095 ἰδίᾳ
469 1026 614 1093 φύσει
641 1026 694 1077 τὸ
721 1024 834 1077 εῖναι
861 1026 1053 1088 τέλειος,
1082 1025 1201 1076 κατὰ
1233 1023 1319 1089 τὴν
1345 1028 1485 1075 τινῶν
1513 1025 1722 1084 δυσβου-

131 1106 254 1158 λίαν.
313 1108 468 1172 ε’πειδὴ
508 1109 564 1159 δέ
595 1111 698 1160 ἐστι
738 1112 813 1159 καὶ
853 1107 1097 1176 χαρακτὴρ
1134 1109 1209 1158 καὶ
1245 1105 1391 1168 εἰκών,
1424 1105 1602 1159 τέλειος
1636 1105 1728 1170 ἄρα

132 1191 208 1239 καὶ
240 1189 393 1253 αὐτὸς,
420 1192 482 1244 ὡς
517 1193 686 1245 ἐκεῖνος
722 1191 775 1241 οὗ
810 1193 885 1241 καὶ
919 1190 1052 1241 ε”στιν
1077 1190 1225 1240 εἰκών.
1281 1190 1392 1239 ἀλλ’
1422 1185 1523 1250 εἶδε,
1552 1188 1723 1255 φησὶν,

132 1271 157 1320 ὁ
184 1272 375 1331 Ἰωάννης
410 1273 455 1342 ἐξ
491 1275 659 1341 οὐρανοῦ
695 1274 738 1324 τὶ
767 1275 950 1338 Πνεῦμα
981 1274 1255 1333 καταβαῖνον
1283 1272 1357 1322 ἐπὶ
1384 1269 1467 1321 τὸν
1493 1269 1624 1332 Υὶὸν,
1652 1270 1725 1319 καὶ
1744 1290 1766 1316 ο

131 1352 333 1404 ἐπακτὸν
359 1354 451 1421 ἔχει
476 1355 558 1405 τὸν
579 1354 835 1419 ἁγιασμόν,
856 1355 1037 1422 δέχεται
1065 1353 1158 1420 γὰρ
1186 1356 1246 1407 ὡς
1271 1354 1354 1403 οὐκ
1380 1353 1500 1420 ε”χων
1527 1351 1725 1415 δηλαδή·

67 1450 79 1474 ¹
89 1447 111 1485 5
133 1434 232 1501 ὥρα
258 1436 315 1500 δὴ
343 1437 424 1487 οὖν
451 1436 726 1505 ἀναφανδὸν
750 1438 930 1501 ποιήμα
957 1438 1041 1499 μὲν
1068 1435 1221 1502 λέγειν
1247 1435 1403 1497 αὐτὸν,
1422 1435 1563 1501 ὀλίγῃ
1590 1432 1728 1496 μόλις

133 1518 340 1586 ὑπεροχῇ
367 1519 642 1582 τιμώμενον,
663 1522 711 1570 ἐν
737 1519 820 1587 ’ίσῃ
848 1518 897 1569 δὲ
927 1517 1058 1587 τάξει
1087 1523 1182 1571 τοῖς
1210 1518 1380 1570 ἄλλοις
1407 1514 1729 1579 τελειούμενόν

133 1622 183 1650 τε
219 1603 293 1650 καὶ
332 1601 652 1667 ἁγιαζόμενοι),
686 1604 761 1652 καὶ
801 1601 1048 1665 ἐπίκτητον
1083 1600 1250 1667 ἔχοντα
1290 1598 1376 1663 τὴν
1407 1602 1500 1649 τῶν
1534 1599 1728 1663 ἀγαθῶν

134 1683 377 1748 χορηγίαν.
435 1681 534 1733 εἶτα
559 1688 659 1736 πῶς
687 1684 740 1734 οὐ
777 1682 1086 1751 διαψεύσεται
1123 1683 1278 1745 λέγων
1308 1682 1332 1731 ὁ
1366 1679 1728 1746 Εὐαγγελιστής

135 1762 295 1814 ““Orc
322 1765 371 1815 ἐκ
397 1770 479 1815 τοῖ1
514 1766 835 1831 πληρώματος
871 1766 1013 1815 αὐτοῦ
1049 1765 1177 1828 ἡμεῖς
1212 1762 1384 1816 πάντες
1421 1762 1659 1825 ἐλάβομεν
1683 1760 1724 1822 ;'’
1791 1766 1913 1841 ξὲξῖῠ

66 1865 116 1892 20
134 1850 234 1899 πῶς
268 1845 362 1912 γὰρ
396 1847 530 1897 ε”σται
564 1846 752 1912 πλήρης
788 1849 836 1897 ἐν
863 1848 955 1915 ἰδίᾳ
983 1847 1129 1915 φύσει
1157 1843 1420 1909 λαμβάνων
1448 1842 1587 1897 αὐτὸς
1618 1841 1725 1908 παρ’
1919 1834 1923 1841 ’

134 1927 321 2029 ἑτερου;
368 1927 398 1994 ἢ
437 1933 537 1982 πῶς
578 1929 635 1979 ἂν
674 1928 798 1983 ολως
839 1934 991 1980 νοοῖτο
1029 1927 1187 1994 πατὴρ
1227 1929 1252 1978 ὁ
1289 1926 1423 1989 Θεὸς,
1459 1926 1587 1992 είπερ
1626 1926 1729 1975 ἐστὶ
1749 1932 1775 1972 d

132 2010 313 2074 ποίημα
351 2033 426 2061 και
465 2012 568 2079 οὐχι
607 2015 800 2073 μᾶλλον
827 2010 942 2064 Ὑὶος
982 2012 1006 2061 ὁ
1049 2009 1362 2075 Μονογενής;
1419 2007 1730 2077 ψευδώνυμος

133 2092 240 2158 γὰρ,
280 2092 337 2143 ἂν
376 2094 522 2147 οὕτως
566 2116 663 2161 εχῃ,
703 2097 778 2143 καὶ
829 2093 967 2146 αυτὸς
1019 2116 1154 2143 εσται
1201 2091 1386 2156 Πατὴρ,
1432 2089 1632 2154 ἀλήθεια
1683 2089 1731 2139 δε

134 2175 392 2238 οὐδαμῶς
373 2198 398 2225 ο
424 2175 551 2237 Υἱὸς,
581 2175 764 2226 νόθον’
746 2175 867 2242 ε’χων
893 2176 964 2242 ἐφ’
995 2175 1144 2243 ἑαυτῷ
1176 2172 1230 2224 τὸ
1260 2173 1446 2241 ἀξίωμα
1480 2195 1554 2222 και
1591 2194 1728 2238 μεχρι

67 2276 114 2314 25
134 2261 325 2322 γυμνῶν
362 2255 585 2324 ῥημάτων
623 2256 710 2320 τὴν
749 2257 1093 2323 προσηγορίαν.
1160 2256 1404 2323 οἰχήσεται
1446 2253 1502 2317 δὴ
1547 2254 1628 2304 οὖν
1668 2257 1729 2306 εἱς

136 2337 267 2389 οὐδὲν
293 2337 348 2389 τὸ
376 2339 573 2401 σύμπαν
598 2340 719 2402 ἡμῖν,
748 2340 853 2390 οὕτε
884 2344 968 2389 τοῦ
997 2338 1188 2405 Πατρὸς
1216 2338 1314 2388 κατ’
1343 2335 1569 2401 ἀλήθειαν
1596 2334 1729 2387 ὄντος

0 2455 3 2522 ἱ
43 2454 51 2461 =
135 2418 329 2486 πατρὸς,
359 2422 462 2471 οὔτε
500 2419 595 2485 μὴν
627 2426 710 2472 τοῦ
743 2424 862 2472 Υἱοῦ
895 2426 1034 2471 τοῦτο
1071 2418 1190 2470 κατὰ
1229 2419 1379 2488 φύσιν
1411 2417 1725 2484 ὑπάρχοντος,

136 2501 252 2568 ὅπερ
287 2500 402 2553 εἶναι
437 2503 640 2568 λέγεται·
683 2507 720 2553 εὶ
756 2502 804 2553 δὲ
838 2504 1029 2567 ἀληθῶς
1065 2501 1223 2566 πατήρ
1259 2503 1390 2551 ε’στιν
1418 2501 1441 2550 ὁ
1474 2498 1608 2559 Θεὸς,
1636 2497 1729 2565 ἔχει

135 2583 192 2647 δὴ
218 2584 420 2647 πάντως,
448 2585 502 2635 οὗ
528 2587 603 2635 καὶ
631 2585 735 2636 ε”στι
761 2584 930 2650 πατὴρ,
951 2583 1069 2635 Υὶὸν
1097 2581 1316 2648 δηλονότι
1343 2582 1426 2633 τὸν
1452 2581 1508 2649 ἐξ
1530 2582 1708 2631 ἑαυτοῦ.
1747 2604 1768 2630 e

68 2693 118 2729 30
210 2664 330 2717 Εἶτα
356 2671 456 2718 πῶς
482 2667 510 2731 ἡ
537 2666 655 2718 κατὰ
683 2666 833 2735 φύσιν
860 2667 971 2733 ἁγία
1008 2665 1171 2730 θεότης
1204 2664 1452 2731 ἁγιότητος
1478 2663 1650 2728 ε”ρημον
1674 2660 1729 2712 τὸ

187 2856 220 2879 2.
247 2846 300 2878 καὶ
317 2844 415 2879 οὐδὲν
428 2844 578 2878 Veccus.
684 2845 717 2879 6.
745 2844 986 2901 ὑποστάσεως]
1011 2849 1047 2885 -1-
1068 2845 1171 2878 αὐτοῦ
1192 2843 1233 2877 Β.
1252 2843 1363 2877 invito
1384 2842 1509 2876 Vecco.
1579 2841 1729 2887 καθάπερ

138 2892 289 2926 Veccus.
419 2902 452 2936 9.
479 2892 537 2925 οὐκ
555 2906 642 2936 εχων
660 2892 695 2926 ἐν
712 2892 779 2936 ἰδίᾳ
797 2891 904 2936 φύσει
921 2893 960 2925 τὸ
978 2903 1048 2925 om.
1068 2891 1110 2924 B.
1240 2902 1252 2923 1
1264 2902 1292 2924 1.
1319 2889 1371 2922 καὶ
1391 2888 1486 2933 prius
1505 2894 1729 2932 assumptum

139 2950 181 2972 ex
202 2938 244 2972 B.
265 2938 392 2972 Vecco.
525 2949 577 2982 13.
602 2940 620 2971 ὁ
638 2944 860 2983 assumptum
880 2950 921 2972 ex
943 2938 983 2972 Β.
1003 2938 1033 2970 Υ
1037 2949 1130 2971 ecco.
1257 2947 1309 2980 15,
1333 2935 1385 2970 16.
1410 2935 1471 2980 μὲν
1488 2941 1522 2970 et
1539 2935 1574 2970 δὲ
1593 2946 1663 2970 om.
1685 2934 1727 2970 B.

140 2991 331 3030 utrumque
348 2983 453 3018 habet
472 2984 502 3016 V
506 2995 620 3019 eccus.
765 2996 820 3029 29.
846 2985 966 3019 ἑαυτοῦ
986 2984 1026 3017 ss.
1033 2984 1078 3018 D.
1097 2984 1199 3018 αὐτοῦ
1218 2982 1283 3017 Ed.

199 3054 291 3082 VOL.
314 3054 341 3082 I.
900 3054 924 3080 A
945 3055 967 3081 a
