2084 3317
112 419 124 439 1
140 410 252 441 Thess.

108 464 139 484 v.
159 464 170 483 2
181 463 208 483 1.

108 745 152 774 ΡΒ

107 788 222 818 xxxiii.
237 798 266 828 9.

110 2227 162 2256 Es.
177 2237 205 2256 v.
219 2237 268 2257 20.

331 144 414 183 596
733 143 783 184 Β.
817 143 1091 184 CYRILLI
1132 144 1510 186 ALEXANDR.
1758 143 1828 186 vii.
1851 157 1915 187 12.

331 252 413 301 οὐκ
439 250 725 319 ἀνεχόμενοι,
752 256 836 317 τῆς
871 255 1079 317 ἀληθοῦς
1113 258 1208 304 τῶν
1233 253 1529 319 πραγμάτων
1556 253 1804 317 ποιότητος
1834 254 1918 304 οὐκ

332 330 388 382 ἂν
427 334 661 399 ἐφίκοιντό
700 358 828 398 ποτε,
865 336 1014 386 καίτοι
1052 340 1135 386 τοῦ
1176 334 1376 386 Παύλου
1414 336 1638 399 λέγοντος
1665 342 1691 364 “
1719 335 1918 386 Γίνεσθε

331 421 358 444 “
385 414 566 478 δόκιμοι
593 417 914 482 τραπεζῖται,”
933 418 1009 467 καὶ
1036 415 1195 467 πάντα
1220 415 1268 466 δὲ
1294 416 1555 483 δοκιμάζειν
1581 417 1701 481 ἡμᾶς
1727 416 1918 468 ἀναπεί-

331 499 509 558 θοντος,
549 499 611 550 ὡς
650 497 706 565 ἐξ
741 499 965 564 ἀκριβοῦς
1003 497 1189 564 ἐρεύνης
1227 498 1302 548 ἐπὶ
1339 497 1426 562 τὴν
1464 504 1548 549 τοῦ
1592 497 1918 566 συμφέροντος

286 576 554 645 ὒὲρχεσθαι
597 578 761 645 θήραν.
830 578 1132 630 ἀκουέτωσαν
1170 578 1327 629 τοίνυν
1364 583 1406 630 οἱ
1443 581 1492 630 ἐκ
1531 583 1720 644 πολλῆς
1756 603 1914 646 παρα-
1937 594 1960 633 5

331 659 456 712 νοιάς
483 657 565 710 τὸν
589 660 781 724 Ἰησοῦν
807 661 860 711 οὐ
895 660 1222 725 θαυμάζοντες,
1249 662 1524 727 ἀδιακρίτως
1559 662 1608 712 δὲ
1645 661 1716 712 ὅτι
1748 661 1919 728 πρέποι

330 746 604 808 κατηγορεῖν
636 741 891 807 ἐγνωκότες
929 744 1072 793 αὐτοῦ
1098 750 1125 771 “
1148 742 1398 793 Γεύσασθε
1434 745 1510 793 καὶ
1544 743 1661 794 ἰ’δετε
1698 743 1769 794 ὅτι
1803 766 1919 812 χρη-

330 830 357 850 “
383 822 499 876 στὸς
524 823 549 873 ὃ
579 824 795 890 Κύριος.”
849 824 990 890 ὅνπερ
1026 823 1119 891 γὰρ
1153 824 1331 890 τρόπον
1359 828 1401 876 οἱ
1436 823 1490 876 τὸ
1525 825 1763 893 ἐξαίρετον
1789 826 1837 876 ἐν
1861 828 1920 894 τῇ

329 903 449 955 κατὰ
499 910 667 970 γεῦσιν
710 905 925 970 ποιότητι
975 905 1299 972 δοκιμάζοντες
1349 903 1476 969 με’λι,
1524 908 1599 957 καὶ
1648 907 1706 976 ἐξ
1753 907 1920 972 ὀλίγης

329 990 496 1054 κομιδῇ
529 990 612 1051 τῆς
638 988 846 1053 γεύσεως
874 989 1088 1055 δέχονται
1124 994 1206 1039 τοῦ
1242 987 1522 1054 ζητουμένου
1555 987 1641 1052 τὴν
1678 988 1919 1052 αἴσθησιν,
1942 1007 1991 1033 10

331 1070 478 1123 οὕτως
505 1072 547 1120 οἱ
574 1074 634 1123 εἷς
661 1075 827 1136 πεῖραν
853 1072 928 1121 καὶ
955 1075 1181 1138 βραχεῖαν
1206 1075 1301 1121 τῶν
1327 1076 1410 1121 τοῦ
1438 1070 1750 1136 διασώζοντος
1775 1069 1921 1124 ἰόντες

331 1150 506 1216 λόγων,
553 1152 624 1202 ὅτι
668 1152 878 1219 χρηστὸς
931 1152 1290 1217 ἐπιγνώσονται,
1336 1154 1412 1202 καὶ
1461 1151 1689 1215 μαθόντες
1740 1151 1922 1215 θαυμά-

292 1254 518 1285 οσουσιν.
571 1237 613 1284 οἱ
646 1233 731 1297 μὲν
759 1234 840 1284 οῦν
863 1233 994 1299 παρὰ
1025 1239 1121 1288 τοῖς
1146 1234 1386 1287 Ἰουδαίοις
1421 1234 1729 1299 συνετώτεροι
1764 1256 1916 1284 συνα-

329 1315 582 1380 γορεύουσι
633 1319 700 1384 τῷ
751 1319 965 1384 Χριστῷ,
1014 1317 1089 1366 καὶ
1141 1315 1287 1381 ὀρθὴν
1329 1317 1398 1367 ἐπ’
1445 1317 1570 1385 αὐτῷ
1620 1315 1705 1380 τὴν
1749 1318 1922 1384 ψῆφον

330 1397 597 1464 ἐκφέρουσι,
633 1403 963 1450 συναινοῦντες
998 1399 1060 1451 ὡς
1094 1399 1273 1467 ἀγαθῷ,
1308 1399 1451 1449 ἐκεῖνο
1487 1397 1544 1463 δὴ
1580 1397 1769 1451 πάντως
1803 1395 1922 1449 κατὰ
1944 1422 1990 1461 15

329 1478 384 1529 τὸ
433 1478 552 1533 εἰκὸς
603 1478 947 1543 ἐνθυμούμενοι,
994 1481 1055 1533 ὡς
1102 1480 1184 1529 οὐκ
1231 1480 1289 1529 ἄν
1334 1502 1399 1549 τῳ
1443 1480 1643 1544 προσείη
1690 1478 1923 1530 δύνασθαι

331 1565 605 1627 κατορθοῦν,
643 1559 708 1611 ὧν
746 1560 804 1611 ἀν
843 1560 1043 1627 ἐργάτης
1082 1563 1234 1629 ὁρῷτο
1275 1560 1410 1623 Θεὸς,
1450 1566 1487 1612 εἰ
1530 1561 1596 1626 μὴ
1636 1559 1759 1614 Θεὸς
1803 1559 1924 1612 κατὰ

330 1642 480 1710 φύσιν
509 1641 721 1710 ὑπάρχοι,
751 1642 898 1708 ἤγουν
926 1647 1051 1694 Θεοῦ
1082 1644 1294 1711 μέτοχος,
1322 1646 1398 1694 καὶ
1436 1643 1512 1694 διὰ
1547 1649 1686 1695 τοῦτο
1720 1641 1919 1708 ἀγαθὸς,

331 1723 458 1793 ᾧπερ
492 1723 550 1774 ἀν
580 1723 747 1790 πρέποι
785 1727 860 1776 καὶ
895 1724 949 1776 τὸ
982 1724 1057 1776 διὰ
1091 1724 1283 1777 πάντων
1314 1727 1584 1789 εὐδοκιμεῖν,
1612 1727 1687 1776 καὶ
1727 1723 1803 1775 διὰ
1840 1727 1923 1788 τῆς

332 1807 512 1858 ἄνωθεν
565 1809 889 1868 δυναμοῦσθαι
949 1807 1154 1875 χάριτος,
1205 1812 1243 1858 εἰ
1297 1810 1373 1859 καὶ
1427 1809 1514 1875 οὐχ
1570 1809 1716 1860 οὕτως
1766 1805 1825 1870 ἧν
1874 1807 1922 1857 ἐν
1942 1832 1992 1857 20

288 1892 545 1958 ᾶΧριστῷ·
611 1889 749 1942 αὐτὸς
799 1912 893 1955 γαρ
944 1892 1076 1940 ἐστιν
1127 1892 1151 1941 ὁ
1203 1889 1415 1956 Χριστὸς
1468 1892 1492 1940 ὁ
1543 1895 1638 1940 τῶν
1683 1888 1923 1953 δυνάμεων

334 1970 524 2036 Κύριος·
572 1970 900 2035 ἀλογωτάταις
939 1970 987 2021 δὲ
1026 1973 1136 2022 λίαν
1175 1973 1474 2039 ἐπινήχονται
1514 1972 1687 2041 δόξαις,
1727 1973 1802 2022 καὶ
1840 1974 1922 2035 τῆς

331 2053 551 2116 ἀληθείας
587 2054 830 2120 ἀφεστᾶσι
865 2052 1063 2117 μακρὰν,
1091 2056 1133 2103 οἱ
1164 2053 1344 2104 πλάνον
1373 2055 1631 2104 ἀποκαλεῖν
1658 2054 1741 2104 οὐκ
1777 2052 1917 2117 ὀκνή-

330 2157 502 2187 σαντες
528 2133 610 2185 τὸν
632 2138 692 2187 εἷς
720 2135 910 2197 ἀπλανῆ
938 2137 1019 2198 τῆς
1048 2134 1347 2198 δικαιοσύνης
1374 2135 1717 2186 κατευθύνοντα
1741 2135 1919 2200 τρίβον.

331 2216 533 2267 ἀκουέτω
559 2222 809 2282 τοιγαροῦν
837 2217 861 2266 ὁ
887 2215 1156 2284 παράφρων
1181 2218 1404 2270 Ἰουδαῖος
1433 2225 1460 2246 “
1482 2218 1606 2268 Οὐαὶ
1634 2220 1676 2267 οἶ
1703 2217 1922 2283 λέγοντες
1941 2240 1989 2278 25

332 2305 358 2326 ‘⁶
384 2297 438 2349 τὸ
478 2297 687 2365 πονηρὸν
720 2297 870 2349 καλὸν
904 2301 979 2349 καὶ
1018 2297 1071 2349 τὸ
1112 2298 1260 2349 καλὸν
1290 2299 1512 2365 πονηρὸν,
1545 2302 1587 2350 οἱ
1626 2299 1828 2352 τιθέντες
1868 2297 1922 2350 τὸ

331 2387 359 2409 “
385 2380 558 2434 σκότος
598 2385 699 2449 φῶς
738 2382 813 2431 καὶ
851 2379 905 2431 τὸ
946 2385 1048 2448 φῶς
1087 2379 1300 2434 σκότος.”
1351 2383 1400 2432 ἐν
1431 2381 1514 2449 ’ίσῃ
1553 2380 1646 2447 γὰρ
1684 2380 1818 2450 τάξει
1855 2385 1923 2450 τῷ

330 2468 565 2513 συνειπεῖν
593 2461 858 2530 φαυλότητι
893 2461 946 2513 τὸ
985 2468 1262 2528 κατηγορεῖν
1292 2468 1375 2514 τοῦ
1413 2469 1578 2525 καλοῦ,
1606 2466 1684 2514 καὶ
1717 2467 1812 2514 τῶν
1837 2461 1922 2527 μὲν

331 2548 545 2611 αἰσχρῶν
572 2545 656 2608 τὴν
683 2543 1012 2610 εὐλογωτάτην
1039 2546 1315 2608 ἀποστῆσαι
1344 2545 1649 2612 κατάρῥησιν,
1675 2550 1771 2599 τοῖς
1797 2544 1847 2596 δὲ
1872 2546 1922 2596 ἐν

294 2629 388 2694 6τῇ
428 2632 522 2677 τῶν
559 2628 769 2692 ἀρίστων
805 2627 946 2695 μοίρᾳ
984 2626 1283 2692 τεταγμένοις
1321 2631 1487 2690 μῶμον
1523 2628 1808 2695 ἐπιῤῥίπτειν
1838 2627 1921 2678 τὸν
1939 2645 1990 2682 30

331 2708 590 2772 οὐδαμόθεν
617 2710 772 2762 αὐτοῖς
799 2708 1200 2776 χρεωστούμενον.
1255 2714 1632 2777 προανεφωνεῖτο
1670 2708 1717 2760 δὲ
1751 2710 1827 2760 καὶ
1863 2709 1922 2761 τὰ

377 2864 409 2897 5.
436 2853 635 2899 παρανοίας]
655 2854 828 2898 παροινίας
850 2854 890 2888 Β.
996 2854 1029 2888 6.
1054 2853 1206 2899 Ἰησοῦν]
1228 2855 1299 2888 υἱὸν
1319 2855 1364 2888 D.
1474 2865 1503 2900 7,
1531 2856 1676 2904 χριστὸς
1695 2854 1737 2888 Β.
1758 2853 1842 2898 (106
1859 2853 1919 2897 al.)

335 2910 386 2933 12.
413 2903 556 2944 χριστὸς
578 2901 617 2933 Β.
722 2912 772 2945 15.
802 2903 1034 2936 συνοινοῦντες
1054 2901 1146 2934 Aub.
1167 2902 1299 2934 correxi
1318 2914 1357 2935 ex
1380 2902 1424 2936 D.
1532 2913 1584 2946 19.
1609 2900 1719 2949 ῴπερ]
1739 2902 1856 2945 ὥσπερ
1876 2900 1918 2934 Β.

332 2957 384 2979 21.
414 2949 429 2978 ὁ
450 2950 598 2989 Χριστὸς
617 2955 841 2993 assumptum
861 2961 898 2982 ex
922 2948 961 2982 B.
1111 2959 1163 2991 ²3·
1192 2948 1364 2992 ιῖφιστᾶσι
1386 2948 1425 2982 Β.
