2084 3317
322 157 406 197 330
724 156 773 196 B.
806 152 1079 196 CYRILLI
1122 146 1501 191 ALEXANDR.
1781 150 1907 180 v.21.

323 267 450 316 τουτὶ
485 265 859 331 σκανδαλίζεσθε
894 267 1050 325 σῶμα,
1078 262 1332 325 ἀναγκαῖον
1359 258 1475 317 ὑμᾶς
1511 254 1739 314 ἐκμαθεῖν,
1766 249 1827 300 ὡς
1859 245 1912 295 οὐ

326 346 461 415 μέχρι
486 347 664 398 τούτων
689 346 748 397 τὰ
774 348 857 408 τῆς
883 346 994 408 ἐμῆς
1029 342 1249 410 ἐξουσίας
1283 362 1331 390 τε
1369 339 1444 388 καὶ
1471 334 1636 402 ἰσχύος
1661 329 1911 394 στήσεται·

328 430 536 498 μειζόνων
569 428 662 495 γὰρ
697 428 867 478 ε”σεσθε
903 422 1202 491 παραδόξων,
1230 419 1318 472 κᾶν
1349 417 1413 482 μὴ
1447 417 1704 480 βούλησθε,
1739 410 1916 476 θεωροὶ,

329 513 412 573 τῆς
462 515 556 560 τῶν
601 513 774 575 νεκρῶν
819 505 1130 557 ἀναστάσεως
1181 500 1377 566 δηλαδὴ,
1420 500 1495 550 καὶ
1545 497 1648 548 τότε
1699 492 1918 559 μειζόνως

332 590 780 656 καταπλαγήσεσθε,
826 588 913 652 τὴν
957 592 1024 655 τῷ
1072 589 1180 653 Θεῷ
1229 583 1508 649 πρέπουσαν
1552 577 1693 645 ἰσχύν
1743 597 1793 625 τε
1842 571 1918 623 καὶ
1938 585 1960 623 5

333 672 479 742 δόξαν
517 675 564 723 ἐν
603 675 702 736 ἐμοὶ
750 669 960 734 κειμένην
1000 670 1211 734 ὁρῶντες,
1252 664 1305 715 ὃν
1344 661 1618 732 δυσφημίας
1659 654 1921 723 ἐγκλήματι

333 754 644 822 περιβάλλετε
680 759 774 815 νῦν,
803 754 877 803 καὶ
913 750 1092 801 διώκειν
1128 750 1210 799 οὐκ
1245 744 1546 813 αἰσχύνεσθε,
1580 739 1656 792 διὰ
1688 737 1742 790 τὸ
1777 735 1922 802 μόνον

115 835 208 867 Infra
224 845 256 865 x.
297 856 318 882 e
335 841 487 899 εἰπεῖν,
514 836 585 887 ὅτι
612 843 638 866 “
657 834 771 889 Υἱὸς
798 838 923 885 Θεοῦ
949 831 1081 895 εἰμι.”

117 880 167 919 36.
574 918 584 933 Ι
699 916 709 933 ἱ
752 916 773 934 (Ι
924 915 934 929 t
1055 912 1068 927 X
1202 912 1215 929 ς
1375 907 1388 923 Χ
1503 905 1516 922 Χ
1568 905 1590 922 ,Ι
1757 904 1777 915 Λ
1860 901 1909 914 ‘⁶

412 923 624 969 Δεικνυει
662 921 711 968 δε
750 938 877 969 οπως
916 937 940 965 ο
981 917 1103 966 Θεος
1142 935 1218 962 και
1254 913 1425 975 Πατηρ
1463 930 1522 958 τα
1561 926 1675 972 εργα
1713 924 1780 971 τῳ
1809 903 1926 968 Υιῳ,

117 1001 226 1073 {2¹}
337 1000 663 1067 προλαβόντες
689 999 777 1064 ἤδη
805 996 880 1049 διὰ
905 999 1104 1047 πολλῶν
1132 991 1394 1059 εἰρήκαμεν.
1950 998 1999 1025 10

276 1155 506 1211 2¹“Qorrep
546 1155 622 1210 τὰρ
661 1155 682 1195 ὁ
716 1152 865 1209 Πατιὶιρ
903 1150 1056 1206 &st-:ipa
1093 1150 1191 1191 τοὺς
1231 1146 1406 1203 νεκροὺς
1442 1144 1511 1185 καὶ
1544 1135 1756 1199 ζωοποιεῖ,
1790 1138 1928 1178 οὕτως

749 1236 817 1276 καὶ
855 1236 877 1277 ὁ
914 1232 1014 1276 Υἱὸς
1051 1234 1124 1274 οὓς
1163 1232 1275 1273 θέλει
1313 1224 1525 1287 ζωοποιεῖ.

418 1347 519 1398 Θεά
558 1345 614 1410 δὴ
653 1344 802 1396 πάλιν
834 1345 881 1394 ἐν
917 1342 1099 1395 τούτοις
1136 1341 1275 1406 σαφῆ
1315 1340 1397 1402 τῆς
1437 1332 1654 1398 ἰσότητος
1688 1330 1774 1394 τὴν
1807 1325 1927 1379 ἀπό-

346 1430 501 1498 δειξιν.
556 1430 580 1479 ὁ
613 1427 706 1494 γὰρ
738 1426 854 1480 ’ίσως
881 1424 1066 1491 ἐνεργὸς
1092 1423 1198 1488 περὶ
1225 1420 1311 1485 τὴν
1335 1424 1430 1470 τῶν
1457 1420 1631 1483 νεκρῶν
1657 1412 1934 1474 ἀναβίωσιν,

124 1533 271 1569 224A.
308 1516 446 1565 a7rcsss·
481 1511 537 1561 ἂν
573 1510 671 1577 ε”χοι
706 1507 826 1560 κατά
863 1530 908 1558 τι
945 1505 1000 1557 τὸ
1040 1504 1274 1565 ἐ’λαττον,
1318 1500 1346 1566 ἢ
1381 1505 1481 1554 πῶς
1516 1499 1573 1549 ἂν
1598 1497 1665 1561 ε’ίη
1700 1493 1818 1562 πρὸς
1853 1491 1935 1544 τὸν
1958 1513 2005 1552 15

350 1593 543 1659 Πατέρα
588 1591 758 1642 λοιπὸν
804 1587 1058 1658 ἑτεροφυής
1099 1610 1147 1637 τε
1190 1587 1267 1636 καὶ
1312 1584 1517 1651 ἕκφυλος
1566 1582 1591 1631 ὁ
1635 1583 1731 1632 τοῖς
1782 1577 1937 1641 αὐτοῖς

349 1674 632 1738 διαλάμπων
672 1672 952 1736 ἰδιώμασιν,
1008 1670 1125 1720 ’ίδιον
1164 1667 1211 1718 δὲ
1254 1669 1335 1731 τῆς
1377 1666 1500 1717 θείας
1541 1663 1718 1724 οὐσίας,
1756 1658 1811 1711 τὸ
1852 1656 1933 1709 δυ’-

352 1762 527 1809 νασθαι
561 1756 818 1823 ζωογονεῖν,
846 1754 960 1819 ὅπερ
994 1753 1125 1803 ἐστὶν
1160 1751 1327 1813 ὁμοίως
1363 1750 1411 1799 ἐν
1438 1748 1593 1812 Πατρῖ
1630 1745 1704 1795 καὶ
1743 1743 1790 1793 ἐν
1817 1743 1936 1808 Υἱῷ.

353 1841 573 1907 ζωογονεῖ
596 1838 643 1889 δὲ
669 1837 817 1889 πάλιν
844 1837 926 1887 οὐκ
954 1836 1077 1888 ἰδίως
1103 1833 1187 1897 μὲν
1212 1830 1360 1884 πάλιν
1385 1828 1513 1883 τινὰς
1540 1829 1614 1878 καὶ
1643 1825 1748 1877 καθ’
1777 1822 1942 1874 ἑαυτὸν

357 1925 382 1974 ὁ
410 1920 593 1987 Πατὴρ,
621 1921 746 1972 ἰδίως
773 1919 826 1969 δέ
847 1940 975 1970 τινας
1003 1918 1077 1967 καὶ
1102 1911 1459 1982 κεχωρισμένως
1485 1911 1509 1961 ὁ
1536 1907 1663 1962 Υἱός·
1704 1907 1824 1975 ἔχων
1849 1903 1943 1971 γὰρ
1964 1930 2014 1954 20

357 2006 405 2055 ἐν
444 2006 592 2072 ἑαυτῷ
638 2004 854 2069 φυσικῶς
899 1997 982 2050 τὸν
1024 1997 1230 2062 Πατερα,
1270 1993 1330 2046 τὰ
1375 1992 1531 2045 πάντα
1575 1987 1828 2057 ἐργάζεται,
1869 1989 1945 2038 καὶ

357 2088 535 2152 ἐνεργεῖ
564 2084 622 2135 τὰ
659 2083 817 2136 πάντα
855 2083 909 2132 δι’
943 2084 1061 2131 Υὶοῦ
1101 2079 1126 2129 ὃ
1163 2075 1346 2142 Πατήρ.
1403 2074 1514 2125 ἀλλ’
1542 2073 1730 2138 ἐπείπερ
1765 2070 1858 2137 ἔχει
1891 2068 1946 2120 τὸ

361 2167 594 2218 δύνασθαι
626 2166 869 2232 ζωογονεῖν
896 2164 920 2213 ὁ
949 2160 1120 2227 Πατὴρ
1146 2162 1193 2211 ἐν
1220 2162 1278 2226 τῇ
1312 2158 1404 2226 ἰδίᾳ
1439 2155 1596 2225 φύσει,
1624 2152 1834 2219 καθάπερ
1866 2151 1948 2202 οὖν

318 2261 345 2301 b
364 2252 438 2302 καὶ
477 2247 630 2311 αὐτὸς,
669 2250 730 2301 ὡς
770 2247 845 2297 καὶ
883 2244 1010 2297 ἰδίως
1048 2240 1248 2311 ἑκατέρῳ
1286 2237 1474 2305 προσὸν
1512 2235 1732 2300 ἀπονεᾷιει
1769 2233 1824 2285 τὸ
1863 2232 1944 2284 δύ-

365 2336 538 2384 νασθαι
576 2329 821 2396 ζωογονεῖν
859 2325 965 2380 τοὺς
1004 2323 1206 2391 νεκρούς.
1973 2336 2022 2375 25

414 2495 446 2529 3.
477 2482 536 2516 κᾶν
560 2479 666 2514 habet
691 2477 798 2512 Cord.
825 2476 925 2522 cujus
950 2476 1028 2509 loco
1054 2474 1082 2508 εἰ
1107 2474 1159 2507 καὶ
1186 2473 1254 2506 ab.
1397 2468 1618 2514 Βουλὴσεσθε
1646 2467 1687 2502 Β.
1713 2465 1832 2500 invitis
1859 2463 1953 2499 Catt.

371 2541 424 2575 13.
451 2530 508 2573 τῆς
526 2528 683 2571 ἰσότητος
700 2525 759 2569 τὴν
776 2523 843 2558 hoc
859 2522 982 2557 ordine
1001 2521 1076 2555 Ra.
1095 2520 1154 2564 τὴν
1170 2521 1228 2563 τῆς
1246 2519 1403 2562 ἰσότητος
1422 2517 1488 2551 Ed.
1683 2525 1734 2556 14.
1762 2513 1906 2557 ἐνεργῶν
1922 2522 1954 2545 a.

367 2576 444 2612 ἰ’σος
462 2576 496 2609 ἐν
513 2576 624 2619 ἔργοις
642 2573 693 2606 καὶ
712 2570 879 2605 mendose
897 2568 1004 2603 Cord.
1128 2566 1180 2601 16.
1206 2565 1394 2610 ἑτεροφυὴς
1410 2564 1541 2598 habent
1558 2561 1627 2596 a.b.
1644 2561 1856 2606 ἑτερόφυλος
1873 2558 1954 2602 (Sic)

371 2622 492 2663 Cot-d„
510 2636 545 2656 τε
564 2621 617 2654 καὶ
634 2620 784 2664 ἕκφυλος
801 2615 1044 2651 omittentibus
1059 2613 1148 2648 Catt.
1204 2612 1328 2646 Statim
1347 2626 1380 2645 τε
1400 2615 1623 2654 assumptum
1641 2620 1682 2642 ex
1701 2607 1740 2641 13.
1849 2605 1903 2640 18.
1921 2604 1957 2639 ἐν

372 2671 430 2704 alt.
449 2673 671 2712 assumptum
689 2677 730 2700 ex
750 2664 792 2698 B.
844 2663 953 2697 Deest
969 2662 1004 2696 in
1023 2660 1177 2695 Catenis.
1350 2670 1402 2703 19.
1430 2657 1625 2701 Assumpta
1641 2656 1745 2689 πάλιν
1761 2653 1822 2688 alt.
1840 2664 1882 2686 ex
1901 2650 1956 2692 B.,

373 2717 426 2750 καὶ
443 2728 483 2749 ex
505 2715 579 2748 ss.a.
724 2723 779 2746 20.
806 2711 859 2745 καὶ
877 2709 968 2745 ἰδίως
984 2719 1047 2753 pro
1064 2707 1155 2742 ἰδίως
1173 2706 1208 2740 δέ
1242 2717 1272 2740 a.
1351 2705 1403 2739 καὶ
1422 2709 1644 2748 assumptum
1662 2713 1704 2736 ex
1722 2712 1752 2735 a.
1772 2712 1956 2745 καιχωρισ-

371 2763 477 2806 μένως
497 2760 577 2805 (sic)
600 2760 640 2794 B.
767 2769 822 2792 22.
847 2757 887 2791 τὰ
904 2756 1011 2790 πάντα
1030 2754 1069 2788 δι’
1089 2755 1170 2787 Υἶοῦ
1188 2753 1254 2788 hoc
1273 2751 1394 2786 ordine
1413 2763 1443 2785 a.
