2084 3317
330 193 415 233 326
735 195 783 235 Β.
818 193 1092 235 CYRILLI
1135 191 1514 234 ALEXANDR.
1793 204 1832 230 v.
1856 203 1919 244 ¹9·

291 320 312 346 e
333 325 371 352 τι
399 301 554 377 βλέπῃ
587 304 652 354 τὶν
682 303 863 372 Πατέρα
898 306 1113 355 ποιοῦντα.
1165 302 1229 365 μὴ
1257 304 1494 362 ἐπιτιμᾶτε
1529 298 1636 366 γὰρ,
1665 299 1801 366 φησὶ,
1827 301 1923 351 τοῖς

331 383 484 449 ἔργοις
518 390 602 435 τοῦ
635 387 767 436 Υἱοῦ·
811 384 897 449 τὴν
932 384 1026 451 γὰρ
1059 390 1142 435 τοῦ
1177 384 1392 436 τεκόντος
1429 380 1571 433 αὐτὸν
1610 383 1672 434 ὡς
1706 383 1754 432 ἐν
1789 381 1923 432 ἰδίαις

331 466 523 519 ἐννοίαις
558 467 660 531 ἤτοι
700 471 918 536 φυσικοῖς
959 465 1212 531 κινήμασιν
1251 466 1530 530 ἀναθεωρῶν
1561 464 1741 525 οὐσίαν,
1769 459 1924 527 ὧνπερ

332 546 390 597 ἂν
431 547 519 598 ’ίδοι
563 548 838 615 πρεπόντως
881 547 1070 615 ἐργάτιν
1113 547 1271 611 αὐτὴν,
1313 552 1461 597 ταῦτα
1500 545 1557 609 δὴ
1597 545 1805 611 πράττει,
1848 546 1924 595 καὶ

331 628 488 694 ἕτερον
526 630 673 694 οὐδὲν,
698 634 864 681 παθεῖν
901 653 946 681 τι
983 634 1079 681 τῶν
1116 628 1246 695 παρὰ
1286 627 1438 693 φύσιν
1476 626 1552 679 διὰ
1592 627 1646 679 τὸ
1688 627 1744 696 ἐξ
1783 627 1967 691 αὐτῆςὸ

332 710 558 779 ὑπάρχειν
600 713 653 763 οὐ
691 710 960 776 δυνάμενος·
1016 710 1129 774 οἷον,
1171 710 1264 778 ἔχει
1303 708 1357 761 τὸ
1397 709 1552 761 θέλειν
1590 711 1733 760 ἐλεεῖν
1774 708 1801 772 ἡ
1840 713 1924 759 τοῦ

335 792 527 860 Πατρὸς
579 794 740 862 φύσις·
795 799 932 845 τοῦτο
979 793 1036 857 δὴ
1087 797 1164 844 καὶ
1207 790 1471 860 ἐνυπάρχον
1514 792 1632 859 αὐτῇ
1674 795 1862 856 θεωρῶν
1899 791 1925 840 ὁ

334 875 462 939 Υἱὸς,
498 877 559 929 ὡς
600 875 658 945 ἐξ
694 877 836 927 αὐτοῦ
879 880 1107 945 φυσικῶς,
1147 875 1357 940 ἐλεήμων
1395 875 1540 936 ἐστὶν,
1582 874 1635 924 οὐ
1674 871 1926 936 δυνάμενος

115 968 193 1003 221
210 966 263 1001 A·
295 957 491 1025 ἱῑὲτερόν
533 981 577 1009 τι
621 959 732 1025 παρ’
778 958 892 1026 ὅπερ
937 960 1068 1010 ἐστὶν
1114 958 1259 1022 ἐκείνη
1311 957 1549 1022 γενέσθαι.
1605 955 1698 1023 ε”χει
1738 953 1832 1020 γὰρ
1876 956 1927 1005 ἐκ

337 1040 540 1107 Πατρὸς,
569 1040 733 1108 ὥσπερ
759 1041 844 1106 τὴν
870 1042 1051 1102 οὐσίαν,
1077 1042 1198 1092 οὕτω
1234 1042 1308 1090 καὶ
1343 1038 1402 1090 τὰ
1435 1041 1517 1102 τῆς
1553 1037 1717 1091 οὐσίας
1748 1036 1922 1102 ἀγαθά·
1951 1057 1998 1082 10

334 1124 501 1177 ἁπλῶς
536 1122 585 1174 δὲ
623 1127 770 1188 δῆλον
799 1123 869 1175 ὅτι
908 1125 984 1175 καὶ
1025 1122 1293 1175 ἀσυνθέτως
1332 1123 1392 1174 ὡς
1421 1119 1557 1174 Θεός·
1603 1119 1750 1171 διάτοι
1789 1125 1927 1170 τοῦτο

333 1211 428 1259 τοῖς
467 1206 669 1273 πρώτοις
708 1205 914 1271 ἐπιλέγει
952 1209 1122 1274 σοφῶς
1149 1203 1210 1255 “A
1239 1203 1329 1272 ’γαρ
1367 1202 1418 1254 ὀὲν
1454 1204 1606 1257 ἐκεῖνος
1643 1208 1754 1273 ποιῇ,
1781 1203 1928 1253 ταῦτα

336 1293 412 1338 καὶ
452 1287 594 1342 ὁΥἱές
630 1289 786 1357 ὁμοίως
824 1291 950 1340 ποιεῖ·
992 1287 1124 1351 ὅλην,
1153 1289 1213 1340 ὡς
1250 1286 1360 1338 ε”πος
1394 1289 1548 1347 εἰπεῖν,
1574 1283 1660 1348 τὴν
1691 1284 1928 1349 περίνοιαν

332 1375 414 1421 τοῦ
450 1369 514 1434 μὴ
542 1368 762 1422 δύνασθαι
796 1373 931 1421 ποιεῖν
957 1373 1041 1439 αφ’
1070 1370 1220 1422 ἑαυτοῦ
1252 1366 1396 1432 μηδὲν
1423 1367 1494 1418 {Bw
1519 1368 1581 1435 μή
1611 1391 1652 1417 τι
1680 1365 1834 1439 βλέπῃ
1862 1366 1928 1416 τὶν

334 1452 518 1518 Πατέρα
563 1454 781 1515 ποιεῦντα,
828 1451 1052 1517 συνάγων
1101 1453 1150 1502 ἐν
1192 1450 1388 1504 τούτοις.
1444 1447 1834 1515 ἀναλογιζόμενος
1879 1446 1928 1498 δὲ
1953 1464 1999 1504 15

332 1534 418 1600 τὴν
459 1535 623 1597 αἰτίαν,
658 1535 730 1602 ἐφ’
767 1533 797 1603 ᾗ
840 1533 899 1585 τὰ
940 1532 1132 1585 τοιαῦτά
1175 1537 1327 1602 φησιν
1368 1533 1393 1583 ὁ
1428 1531 1556 1593 Υἱὸς,
1594 1530 1928 1597 ἀκριβέστερον

333 1622 430 1671 τοῖς
456 1617 566 1683 παρ’
597 1618 728 1681 ἡμῶν
756 1617 1009 1684 εἰρημένοις
1035 1614 1309 1680 ἐπιστήσεις
1335 1613 1418 1665 τὸν
1447 1619 1572 1665 νοῦν.

289 1716 315 1755 b
410 1700 600 1751 Οὐκοῦν
644 1700 889 1765 ἐπειδήπερ
933 1701 981 1750 ἐν
1023 1698 1173 1766 ἡμέρᾳ
1224 1695 1479 1759 σαββάτου
1524 1694 1607 1747 τὸν
1652 1694 1931 1761 παράλυτον

334 1781 475 1846 ἠλέει,
521 1781 700 1833 διώκειν
745 1781 888 1833 αὐτὸν
933 1781 1200 1848 ἐπεχείρουν
1246 1783 1289 1830 οἱ
1332 1777 1564 1830 Ἰουδαῖοι·
1622 1780 1836 1829 δυσωπεῖ
1882 1777 1930 1827 δὲ

335 1863 500 1917 αὐτοὺς
540 1865 565 1914 ὁ
600 1864 830 1931 Χριστὸς,
866 1864 1088 1914 ἐλεοῦντα
1127 1860 1304 1915 δεικνὺς
1342 1859 1425 1912 τὸν
1460 1859 1586 1911 Θεὸν
1621 1862 1697 1912 καὶ
1735 1859 1928 1926 Πατέρα
1951 1884 2002 1911 20

335 1945 454 1997 κατὰ
489 1945 543 1997 τὸ
578 1946 844 2007 σάββατον.
898 1946 951 1996 οὐ
983 1944 1077 2011 γὰρ
1108 1943 1237 2014 ᾠήθη
1264 1947 1358 1994 δεῖν
1384 1942 1702 1994 ἀποκωλῦσαί
1728 1965 1842 1993 ποτε
1869 1941 1929 1992 τὰ

336 2027 429 2079 ὅσα
464 2029 551 2094 πέρ
586 2030 717 2079 ε’στιν
743 2033 805 2082 εἷς
840 2028 1080 2093 σωτηρίαν
1114 2024 1199 2090 τὴν
1234 2025 1461 2091 ἡμετέραν
1490 2025 1811 2075 συντείνοντα·
1854 2026 1929 2075 καὶ

110 2124 216 2185 Supra
336 2110 392 2175 δὴ
414 2112 488 2161 καὶ
509 2110 718 2178 ε”φασκεν
738 2112 786 2161 ἐν
806 2112 972 2177 ἀρχαῖς
992 2117 1019 2139 “
1037 2111 1099 2160 ‘O
1124 2107 1293 2173 Πατήρ
1320 2130 1411 2170 μου
1437 2107 1521 2161 ἕως
1547 2107 1652 2172 ἄρτι
1677 2105 1928 2172 ἐργάζεται,

112 2174 244 2208 vel'w'
336 2199 364 2224 ‘⁶
390 2192 522 2259 κάγὼ
547 2193 840 2260 ἐργάζομαι.”
881 2191 1036 2256 ἐπειδὴ
1072 2191 1120 2242 δὲ
1155 2192 1231 2242 καὶ
1263 2190 1595 2258 ἀσχάλλοντες
1629 2188 1748 2256 πρὸς
1782 2195 1931 2240 ταῦτα

336 2274 412 2327 διὰ
443 2274 634 2340 πολλὴν
660 2275 908 2345 ἐφαίνοντο
942 2273 1254 2336 δυσβουλίαν,
1281 2271 1481 2338 ἐπιλέγει
1517 2270 1665 2323 πάλιν
1692 2275 1762 2323 Οὐ
1801 2268 1929 2322 ἀύνα-
1950 2290 2000 2330 25

295 2381 317 2408 e
335 2382 411 2410 ται
439 2364 456 2410 o‘
483 2358 584 2413 Tibq
609 2361 744 2410 ποιεῖν
771 2361 854 2426 αφ’
884 2358 1033 2409 ἑαυτοῦ
1061 2352 1172 2408 οὐδὲν
1198 2354 1269 2407 εἀν
1296 2357 1356 2422 μή
1393 2379 1431 2406 τι
1466 2354 1618 2429 βλέπῃ
1649 2354 1716 2405 τὶν
1744 2354 1930 2420 Πατέρα

334 2443 555 2493 ποιοῦντα·
611 2439 644 2493 οἳ
685 2439 775 2509 γαρ
820 2439 872 2492 ἂν
914 2441 1067 2494 ἐκεῖνος
1110 2444 1223 2512 ποιῇ,
1264 2439 1410 2489 ταῦτα
1455 2442 1533 2489 καὶ
1576 2444 1593 2488 o‘
1631 2436 1730 2492 Tibg
1772 2442 1929 2504 ὁμοίως

334 2527 462 2576 ποιεῖ.
517 2522 671 2587 ἐπειδὴ
709 2522 804 2589 γὰρ
839 2523 891 2573 οὐ
924 2525 1229 2588 παραιτεῖται,
1258 2522 1422 2588 φησὶν,
1449 2520 1474 2570 ὁ
1503 2517 1671 2585 Πατὴρ
1697 2519 1842 2569 ἐλεεῖν
1877 2520 1927 2569 ἐν

333 2605 585 2674 σαββάτῳ,
611 2606 807 2667 βλέπων
833 2603 947 2656 ὅντα
980 2602 1056 2655 διὰ
1087 2601 1265 2656 παντὸς
1300 2602 1680 2671 φιλοικτίρμονα,
1707 2599 1928 2669 ταύτῃτοι

333 2688 464 2754 κάγὼ
503 2687 579 2740 διὰ
616 2687 792 2742 παντὸς
830 2688 962 2749 ἐλεῶ,
990 2685 1332 2749 καινοτομῆσαί
1365 2708 1466 2739 πως
1500 2690 1584 2735 τοῦ
1618 2682 1807 2749 [Iambe
1842 2682 1928 2748 τὴν
1949 2698 2000 2733 30

386 2834 416 2857 ῐ.
442 2823 552 2868 φησὶν
569 2830 649 2868 post
665 2823 739 2857 υἱοῦ
756 2829 800 2857 tr.
821 2822 863 2857 Β.
1007 2832 1040 2863 4.
1067 2819 1226 2865 πράττειν
1247 2819 1288 2853 Β.
1446 2829 1477 2863 7.
1505 2820 1523 2852 ὁ
1542 2819 1620 2853 Υἱὸς
1637 2817 1772 2862 θεωρῶν
1789 2816 1930 2851 inverso

335 2870 456 2904 ordine
477 2870 518 2904 Β.
723 2870 756 2904 8.
782 2871 902 2903 ἑαυτοῦ
921 2868 964 2902 Β.
1175 2878 1208 2911 9,
1225 2877 1276 2900 10.
1304 2867 1375 2911 ἔχει
1392 2865 1618 2911 γὰρ-ἀγαθά
1637 2865 1719 2898 citat
1737 2863 1872 2897 Veccus
1892 2864 1928 2897 in

335 2917 456 2961 Epigr.
475 2917 521 2951 xi.
684 2927 737 2951 ΙΙ.
763 2917 818 2950 διὰ
836 2918 936 2950 τοῦτο
955 2914 990 2949 δὲ
1012 2914 1054 2948 Β.
1225 2924 1275 2957 13.
1303 2912 1403 2958 ὅλην]
1423 2912 1546 2957 ταύτην
1566 2912 1606 2945 Β.
1627 2910 1685 2945 Sed
1705 2910 1788 2954 ὅλην
1808 2910 1835 2943 Β
1855 2922 1928 2954 mg.

338 2973 391 3008 17.
419 2963 509 3006 ἡμῶν
529 2964 569 2997 Β.
589 2963 697 2997 αὐτῶν
716 2963 781 2998 Ed.
947 2962 1002 2996 28.
1029 2960 1142 3004 ἐπειδὴ
1163 2959 1204 2994 Β.
1223 2960 1293 2994 ἐπεὶ
1316 2960 1381 2994 Ed.
1551 2970 1606 3003 29.
1632 2956 1788 3002 βλέπων]
1805 2956 1927 2997 βλέπω

334 3011 400 3054 γὰρ
422 3010 461 3044 Β.
558 3022 613 3054 30.
639 3025 710 3046 πως
729 3017 807 3055 post
826 3010 960 3054 Πιιτρὸς
978 3015 1020 3043 tr.
1042 3008 1083 3042 B.
