2084 3317
147 136 174 178 i.
198 151 237 193 9.
369 137 443 178 IN
485 138 527 178 S.
562 135 897 178 JOANNEM.
959 135 1083 176 LIB.
1117 135 1151 175 I.
1213 134 1346 175 CAP.
1379 133 1510 174 VIII.
1650 134 1728 173 105

146 250 174 274 “
199 248 314 314 φῶς,
356 248 431 296 καὶ
470 245 499 309 ἡ
545 244 665 314 δόξα
707 245 886 312 Κυρίου
929 245 1004 296 ἐπὶ
1044 241 1103 294 σὲ
1145 240 1505 293 ἀνατέταλκεν.”
1570 244 1608 291 εἰ
1648 238 1732 303 μὲν

144 326 324 377 οἴκοθεν
354 326 447 394 ἔχει
484 326 539 377 τὸ
577 331 681 394 φῶς
720 327 746 391 ἡ
785 330 880 377 τῶν
913 329 1123 391 γενητῶν
1154 323 1315 391 φύσις,
1342 324 1419 374 καὶ
1456 320 1595 373 τοῦτό
1631 321 1735 371 ἐστι

144 408 310 473 κυρίως
353 407 468 475 ὅπερ
511 406 631 459 εἷναί
666 413 822 477 φαμεν
860 407 943 458 τὸν
984 408 1237 472 Μονογενῆ
1278 404 1398 456 κατά
1435 427 1489 469 γε
1527 402 1582 453 τὸ
1621 400 1735 453 εἶναι

143 487 241 558 φῶς
266 488 469 553 ἀληθινὶν,
495 494 596 543 πῶς
620 489 677 540 ἂν
702 489 863 554 ἐδεήθη
897 494 980 540 τοῦ
1015 487 1297 555 φωτίζοντος
1329 485 1474 549 αὐτὴν
1502 485 1530 549 ἡ
1554 485 1730 551 Ἰερου-

101 584 124 622 5
143 569 341 635 σαλήμ;
385 571 541 635 ἐπειδὴ
577 571 626 622 δὲ
663 573 725 626 ὡς
759 573 808 622 ἐν
834 570 1021 638 χάριτος
1049 569 1174 635 μέρει
1201 567 1255 619 rb
1282 567 1570 637 φωτίζεσθαι
1603 574 1727 631 λαμ·
1749 575 1777 616 b

141 650 289 716 βάνει,
314 651 456 716 μόνος
490 653 582 719 ἄρα
613 653 658 705 τὶ
686 653 785 722 φῶς
808 653 854 704 τὶ
883 650 1076 712 ἀληθινὸν
1103 652 1128 702 ὁ
1154 649 1269 704 Υἱὸς
1296 651 1321 702 ὁ
1348 648 1564 719 φωτίζων
1589 648 1735 713 αὐτὴν

142 735 218 785 καὶ
256 733 371 800 ὅπερ
407 736 490 786 οὐκ
525 735 618 802 ἔχει
653 735 821 789 διδούς.
877 738 915 785 εὶ
950 733 998 784 δὲ
1036 739 1189 796 τοῦτο,
1214 737 1315 786 πῶς
1350 733 1403 783 οὐ
1435 730 1624 785 πάντως
1659 733 1735 782 καὶ

142 814 296 881 ἕτερος
322 815 442 867 κατὰ
468 816 632 885 φύσιν,
659 818 722 871 ὡς
746 814 866 882 πρὸς
892 816 1068 881 αὑτήν,

216 918 349 948 ΑΛΛο.
393 905 420 928 “
446 898 571 950 Ἰδοὺ
613 897 791 949 δέδωκά
835 922 893 950 σε
934 902 996 951 εἰς
1039 896 1268 962 διαθήκην
1309 895 1485 962 γένους,
1527 898 1591 949 εἷς
1630 898 1734 962 φῶς
1794 906 1932 982 {Es-xlii·

142 986 170 1009 “
195 981 387 1031 ἐθνῶν.”
453 985 552 1034 πῶς
591 980 684 1046 γὰρ
724 980 848 1034 ὅλως
887 979 1050 1045 ἐδεήθη
1093 978 1251 1048 φωτὸς
1296 979 1324 1042 ἡ
1369 979 1444 1028 ἐπὶ
1483 979 1570 1042 γῆς
1611 976 1735 1026 οὖσα
1817 974 1825 982 ”

141 1060 312 1128 λογικὴ
340 1063 507 1125 κτίσις,
526 1063 652 1129 ε’ίπερ
677 1062 858 1113 ἔνεστιν
876 1063 994 1130 αὐτῇ
1020 1060 1141 1113 κατὰ
1168 1059 1318 1123 φύσιν
1338 1058 1392 1110 τὸ
1419 1056 1533 1109 εἶναι
1561 1057 1660 1126 φῶς
1686 1058 1731 1109 τὶ

140 1143 360 1206 ἀληθινᾶνς
402 1147 464 1198 ὡς
486 1144 579 1212 γὰρ
606 1146 689 1196 οὐκ
715 1143 892 1213 ἐχούσῃ
917 1144 1006 1209 ἤδη
1034 1144 1228 1194 δίδωσιν
1253 1142 1278 1193 ὁ
1306 1140 1428 1195 Θεὸς
1459 1141 1535 1191 καὶ
1563 1138 1733 1206 Πατὴρ

140 1225 223 1277 τὸν
254 1226 370 1278 ἰ’διον
395 1226 528 1279 Υὶόν·
585 1228 613 1291 ἡ
653 1226 701 1278 δὲ
739 1228 860 1278 οὕτω
901 1231 1127 1287 λαβοῦσα
1165 1226 1220 1276 δι’
1261 1225 1404 1276 αὐτοῦ
1441 1221 1612 1287 βοήσει
1649 1228 1772 1273 rofio

140 1307 432 1374 πράγματος,
477 1312 552 1360 καὶ
595 1312 677 1374 τῆς
721 1310 890 1362 οἰκείας
940 1308 1131 1377 φύσεως
1180 1306 1267 1372 τὴν
1309 1306 1474 1358 πενίαν
1525 1307 1599 1357 καὶ
1650 1310 1734 1356 τοῦ

74 1406 122 1445 15
142 1390 426 1458 φωτίζοντος
452 1391 614 1457 Λόγου
651 1390 706 1442 rb
745 1389 982 1443 πλούσιον
1013 1389 1214 1458 ἀξίωμα.

215 1492 349 1522 ΑΛΛΟ.
389 1479 416 1502 “
445 1475 539 1524 Καὶ
578 1478 660 1524 νῦν
699 1474 724 1524 ὁ
763 1470 886 1526 οἶκος
925 1477 1009 1523 τοῦ
1041 1469 1231 1533 Ἰακὼβ,
1266 1472 1395 1520 δεῦτε
1432 1471 1733 1534 πορευθῶμεν
1793 1486 1944 1528 Ib.ii.5.

145 1560 171 1584 “
198 1557 264 1624 τῷ
316 1556 439 1623 φωτὶ
491 1555 682 1621 Κυρίου.
780 1555 905 1606 διατί
952 1554 1079 1605 οὗτοι
1130 1558 1320 1615 μᾶλλον
1363 1549 1428 1615 μὴ
1471 1553 1538 1619 τῷ
1583 1549 1732 1619 οἰκείῳ
1775 1596 1779 1599 .

142 1635 420 1702 πορεύονται
456 1639 592 1706 φωτὶ,
630 1639 851 1706 δᾳδουχεῖ
880 1635 928 1687 δὲ
964 1637 1120 1690 αὐτοῖς
1153 1636 1179 1686 ὁ
1216 1631 1493 1699 Μονογενὴς
1526 1629 1581 1682 rb
1616 1631 1733 1682 ἰ’διον

685 1556 709 1572 Η

143 1718 286 1769 αὐτοῦ
311 1721 395 1782 τῆς
425 1719 588 1772 οὐσίας
620 1720 808 1772 ἐντιθεὶς
839 1717 1054 1783 ἀγαθόν;
1098 1717 1208 1768 ἀλλ’
1237 1716 1290 1766 οὐ
1325 1718 1392 1783 τῷ
1425 1713 1576 1782 οἰκείῳ
1611 1713 1729 1778 θαρ-

73 1827 123 1852 20
140 1799 371 1867 ῥήσαντες
410 1800 690 1868 δανείζονται
728 1800 783 1851 τὸ
822 1798 1096 1866 ἀλλότριον·
1170 1799 1232 1851 ὡς
1274 1797 1357 1848 οὐκ
1399 1795 1585 1863 ἔχοντες
1626 1794 1730 1860 ἄρα,

140 1888 280 1934 τοῦτο
312 1888 460 1934 ποιεῖν
491 1882 766 1948 ἐγνώκασιν.

215 1985 348 2015 AAAO.
386 1965 449 2016 O
477 1963 645 2031 Σωτήρ
671 1972 697 1993 “
717 1963 849 2061 Ἐγώ
876 1967 967 2028 εἶμι
997 1962 1052 2014 τὸ
1083 1967 1186 2031 φῶς
1217 1966 1301 2013 τοῦ
1332 1958 1531 2024 κόσμου,
1558 1960 1726 2027 φησιν,
1748 1960 1914 2043 (1ξὲξῖῗῖ

141 2052 169 2076 “
204 2047 215 2063 ‘
195 2049 528 2098 οάκολουθῶν
559 2048 658 2110 ἐμοὶ
698 2047 752 2097 οὐ
790 2045 854 2110 μὴ
892 2044 1196 2112 περιπατήσῃ
1234 2045 1283 2094 ἐν
1313 2046 1371 2110 τῇ
1401 2064 1585 2110 σκοτια,
1616 2041 1727 2091 ἀλλ’

141 2136 169 2160 “
193 2129 285 2199 ἕξει
322 2127 377 2181 τὸ
416 2133 519 2199 φῶς
557 2131 640 2193 τῆς
678 2127 843 2195 scafis-’⁵
913 2125 1234 2191 ἀποτολμάτω
1274 2147 1350 2176 και
1388 2125 1415 2188 ἡ
1455 2146 1607 2177 κτισις
1645 2121 1732 2187 τὴν

73 2228 122 2267 25
141 2209 359 2274 τοιαύτην
390 2208 789 2278 ἀναφθέγξασθαι
824 2207 1001 2278 φωνὴν,
1035 2207 1161 2273 εἴπερ
1200 2207 1303 2257 ἐστὶ
1341 2206 1417 2256 καὶ
1456 2203 1573 2268 αὐτὴ
1612 2202 1731 2253 κατὰ

141 2291 368 2355 ἀλήθειαν
406 2295 526 2361 φῶς·
575 2295 613 2342 εἰ
650 2289 700 2342 δὲ
738 2291 1017 2359 ἀποφρίττει
1053 2287 1108 2341 rb
1145 2290 1286 2356 ῥῆμα,
1326 2289 1402 2338 καὶ
1439 2286 1494 2338 rb
1531 2290 1731 2351 πρᾶγμα

142 2372 377 2442 φεύξεται,
403 2373 448 2425 τὶ
477 2372 668 2434 ἀληθινὶν
695 2371 1048 2438 ὁμολογήσασα
1074 2370 1185 2441 φῶς,
1211 2369 1428 2421 τουτέστι
1455 2367 1537 2419 τὸν
1562 2366 1692 2419 Υἱόν.

215 2476 347 2505 ΑΛΛΟ.
385 2455 448 2507 ‘O
485 2456 657 2522 Κύριος
683 2453 859 2508 “”Έως
891 2453 946 2505 rb
985 2458 1089 2521 φῶς
1127 2451 1267 2520 ἔχετε,
1293 2450 1539 2503 πιστεύετε
1577 2453 1640 2502 εἷς
1677 2446 1770 2500 rbe
1789 2455 1842 2539 {g
1860 2455 1918 2486 ³1¹1-

143 2543 171 2567 66
251 2541 271 2551 a
345 2537 366 2556 et
490 2540 499 2554 e
530 2541 542 2552 x
696 2535 710 2551 x
830 2536 844 2554 t
993 2537 1017 2552 υ
1070 2540 1075 2545 ·
1166 2536 1176 2553 ι
1277 2531 1296 2553 ς
1441 2531 1453 2548 x
1535 2531 1558 2549 ν

197 2540 313 2606 φως,
347 2561 421 2588 ινα
459 2560 546 2589 υιοι
585 2541 744 2606 φωτος
782 2541 986 2603 γενησθε
1047 2547 1212 2604 φησιν.
1268 2556 1359 2600 αρα
1397 2554 1490 2598 γαρ
1528 2537 1733 2595 εμελλον

190 2721 222 2752 4.
249 2709 366 2754 ἐδεήθη
385 2710 428 2744 Β.
447 2709 548 2755 δεηθῇ
567 2710 635 2745 Ed.
700 2709 803 2754 αὐτὴν
821 2709 864 2745 Β.
867 2709 914 2744 D.
918 2709 960 2744 E.
979 2708 1046 2743 Ed.
1065 2720 1126 2753 mg
1129 2707 1256 2743 ,αὐτὸν
1274 2705 1341 2740 Ed.
1567 2703 1601 2737 8.
1627 2702 1731 2746 αὐτήν

143 2756 285 2791 Β.1).Ε.
304 2757 405 2791 αὐτόν
423 2756 490 2792 Ed.
671 2768 724 2791 11.
750 2758 882 2792 ἔνεστιν
901 2757 943 2791 Β.
962 2756 1037 2791 ἐστὶ
1057 2720 1126 2790 Εᾶὲ.Γ
1190 2753 1316 2788 Statim
1334 2752 1417 2795 αὐτῇ
1436 2751 1518 2785 κατὰ
1535 2749 1645 2795 φύσιν
1661 2749 1730 2784 hoc

143 2803 266 2837 ordine
285 2803 327 2837 B.
501 2814 554 2838 12.
579 2802 708 2849 ἐχουσῃ
725 2804 787 2848 ηδη
811 2804 853 2838 Β.
870 2804 1011 2850 ἔχουσιν
1029 2802 1096 2836 Ed.
1276 2808 1328 2857 17.
1355 2797 1448 2832 οὑτοι
1463 2799 1598 2842 μᾶλλον
1616 2797 1658 2831 Β.
1677 2797 1731 2830 καὶ

143 2849 235 2884 οὗτοι
254 2849 321 2884 Ed.
467 2850 520 2884 18.
545 2850 770 2894 πορεύσονται
788 2850 830 2884 Β.
978 2861 1030 2894 19.
1057 2850 1115 2891 τῆς
1133 2847 1252 2881 οὐσίας
1269 2846 1371 2880 αὐτοῦ
1390 2846 1528 2880 inverso
1545 2843 1668 2878 ordine
1687 2843 1730 2878 B.

145 2908 201 2931 22.
225 2897 337 2941 φησὶν
353 2908 423 2931 om.
442 2895 485 2930 B.
685 2906 741 2942 27.
767 2897 929 2943 φεύξεται
948 2896 989 2931 Β.
1007 2896 1193 2941 φθεγξεται
1213 2893 1279 2927 Ed.
1481 2891 1536 2926 28.
1561 2890 1600 2924 ‘O
1618 2889 1733 2935 κύριος

143 2954 213 2978 om.
234 2944 277 2978 B.
420 2954 474 2987 29.
501 2943 610 2988 φησίν
627 2955 696 2979 om
717 2944 759 2978 B.

201 3010 292 3039 VOL.
316 3010 345 3038 1.
922 3010 944 3036 P
