2084 3317
350 161 434 201 572
511 214 514 216 v
752 161 802 201 B.
835 161 1109 202 CYRILLI
1150 161 1530 203 ALEXANDR.
1796 161 1852 203 vi.
1872 161 1940 202 68.

348 268 517 335 μέρους
541 274 636 320 τῶν
662 270 717 338 ἐξ
738 271 941 337 Ἰσραὴλ
978 272 1280 335 σημαίνηται.
1337 271 1568 337 ὠφείλετο
1603 270 1689 334 μὲν
1715 269 1809 335 γὰρ
1845 275 1941 324 τοῖς

130 348 227 379 ROB]-
242 349 286 379 xi.
362 351 373 366 2
428 349 439 366 ⁵
578 351 590 366 x
666 354 676 366 τ
876 351 889 366 x
982 355 992 368 c
1057 357 1066 368 e
1207 352 1220 369 Ι
1435 351 1446 368 N
1544 351 1556 366 Χ
1725 352 1737 368 Ι
1818 351 1843 367 9)
1925 353 1940 370 x

132 391 181 423 28.
350 350 408 419 εξ
445 354 629 417 Ισραηλ
657 375 680 402 ο
709 356 937 418 Χριστος,
965 376 1027 406 ως
1056 374 1311 418 ιερωτεροις
1332 360 1359 382 “
1377 355 1452 402 δια
1479 375 1586 406 τους
1612 374 1816 417 πατερας
1866 374 1941 402 και

350 430 433 483 τὸν
466 433 623 496 νόμον,
652 435 762 484 ἀλλ’
793 436 1179 499 ἐπεισδραμοῦσα
1212 433 1390 499 τρόπον
1417 433 1534 496 τινὰ,
1563 434 1711 484 καίτοι
1746 431 1821 484 διὰ
1855 431 1941 496 τὴν

349 513 540 578 πλάνην
564 516 744 581 ἀνίερος
781 517 905 566 οὖσα
940 521 1035 567 τῶν
1071 519 1349 581 ἀλλογενῶν
1385 516 1411 579 ἡ
1447 515 1648 579 πληθὺς,
1676 516 1824 583 ε”φαγε
1858 514 1941 566 τὸν

349 596 492 661 ἄρτον
526 600 609 660 τῆς
648 596 779 662 ζωῆς,
806 597 1140 664 συμπαρόντος·
1180 599 1297 664 αὐτῇ
1336 603 1419 648 τοῦ
1445 599 1632 658 Δαυεὶδ,
1665 599 1741 647 καὶ
1776 595 1940 664 ὥσπερ
1960 609 1984 649 5

348 678 451 727 τινὰ
478 679 627 729 τύπον
653 681 1047 745 ἀποπληροῦντος
1073 685 1167 731 τῶν
1194 678 1611 742 ἀνασεσωσμένων
1637 678 1693 748 ἐξ
1715 677 1936 743 Ἰσραὴλ,

128 769 286 801 E³·x·22·
349 759 463 824 ὅπερ
491 763 565 810 καὶ
593 762 617 810 ὁ
649 760 877 827 μακάριος
901 761 1113 815 Ἠσαίας
1147 760 1360 827 ὀνομάζει
1395 761 1708 824 κατάλειμμα.
1761 761 1941 811 πολλοὶ

310 865 330 890 c·
348 841 440 906 γὰρ
467 842 524 910 ἐξ
547 844 702 892 αὐτῶν
728 844 1077 894 πεπιστεύκασι
1104 847 1170 912 τῷ
1197 846 1416 911 Χριστῷ.

442 926 585 975 Οὕτω
643 923 730 988 μὲν
780 925 861 975 οὖν
913 925 989 976 διὰ
1039 928 1123 989 τῆς
1180 926 1317 991 ἁγίας
1371 924 1600 991 τραπέζης
1657 922 1940 987 νοηθήσεται

348 1007 576 1071 Χριστός.
633 1007 805 1074 λυχνία
841 1006 889 1057 δὲ
923 1006 1084 1070 πάλιν,
1114 1010 1175 1061 ὡς
1211 1007 1302 1075 ὅλῃ
1339 1007 1521 1075 φαίνων
1546 1010 1604 1075 τῇ
1639 1007 1770 1075 οἰκίᾳ,
1796 1028 1936 1056 τουτ-

124 1085 258 1160 {gram
348 1089 451 1139 ε’στι
490 1093 557 1158 τῷ
597 1087 781 1158 κόσμῳ·
842 1096 869 1118 “
895 1088 1024 1155 Ἐγὼ
1070 1089 1162 1156 γάρ
1209 1093 1300 1152 εἶμι
1344 1088 1398 1140 τὸ
1440 1093 1542 1158 φῶς
1585 1094 1668 1139 τοῦ
1712 1087 1938 1150 κόσμου,”

123 1172 241 1247 {Qua-‚⁴
348 1171 512 1237 φησίν·
554 1170 673 1222 ἑπτὰ
700 1169 749 1221 δὲ
776 1170 883 1224 τοὺς
911 1172 1114 1238 λύχνους
1141 1173 1216 1222 καὶ
1244 1173 1330 1238 οὐχ
1357 1171 1436 1221 ἕνα
1464 1171 1713 1234 λαμβάνει’
1751 1168 1939 1239 φωτίζει

347 1251 440 1318 γὰρ
484 1252 801 1318 πολυτρόπως
846 1254 922 1303 καὶ
961 1251 1205 1320 διαφόροις
1244 1254 1630 1318 καταλαμπρύνει
1668 1252 1939 1319 χαρίσμασι

345 1333 428 1386 τὰς
459 1338 553 1384 τῶν
579 1334 901 1385 πιστευόντων
927 1334 1106 1403 ψυχάς·
1150 1336 1361 1401 γίγνεται
1399 1335 1446 1385 δὲ
1481 1334 1630 1386 πάλιν
1654 1336 1704 1385 ἐκ
1737 1334 1939 1402 χρυσίου

121 1429 173 1460 Ib-
192 1440 222 1468 4·
345 1419 565 1481 καθαροῦ,
595 1415 669 1466 διὰ
696 1415 749 1466 τὸ
778 1415 893 1483 ὑπὲρ
927 1415 1110 1470 πάντας
1145 1418 1221 1467 καὶ
1255 1417 1422 1479 τίμιον.
1465 1415 1597 1467 ἀλλὰ
1633 1418 1708 1467 καὶ
1743 1415 1937 1482 στερεὸν

343 1496 435 1564 ἔχει
474 1496 557 1548 τὸν
591 1497 784 1549 καυλόν·
828 1501 1093 1563 γέγραπται
1133 1497 1227 1565 γὰρ
1267 1500 1404 1549 οὕτω·
1455 1498 1665 1550 διάκενον
1690 1497 1797 1564 γὰρ,
1824 1498 1934 1548 ἀλλ’

121 1592 172 1623 Ib·
345 1579 449 1631 οὐδὲ
488 1584 682 1650 κοῦφον,
718 1579 852 1631 οὐδὲν
891 1583 938 1631 ἐν
964 1584 1179 1650 Χριστῷ.
1232 1581 1323 1648 ἔχει
1363 1580 1412 1632 δὲ
1449 1584 1526 1632 καὶ
1564 1581 1698 1647 κρίνα
1737 1579 1813 1631 διὰ
1851 1579 1937 1644 τὴν

120 1668 216 1742 fant-
236 1668 268 1699 ii.
300 1669 326 1709 d
344 1662 539 1713 εὐωδίαν
564 1661 650 1726 τὴν
675 1664 724 1713 ἐν
757 1664 996 1732 ἁγιασμῷ,
1025 1661 1145 1713 κατὰ
1178 1661 1233 1713 τό
1261 1670 1287 1691 “
1306 1661 1437 1728 Ἐγὼ
1469 1663 1611 1716 ἄνθος
1643 1668 1727 1713 τοῦ
1761 1663 1935 1725 πεδίου,

143 1735 150 1743 ’
343 1752 370 1773 “
396 1745 554 1809 κρίνον
580 1749 675 1795 τῶν
703 1743 977 1797 κοιλάδων.”
1017 1747 1092 1796 καὶ
1119 1745 1254 1796 αὗται
1282 1744 1330 1795 δὲ
1354 1743 1502 1796 πάλιν
1528 1748 1574 1795 αἱ
1599 1745 1937 1810 ἐπαρυστρίδες

342 1825 426 1879 τὰς
452 1830 547 1877 τῶν
574 1827 710 1877 θείων
737 1826 1049 1894 χαρισμάτων
1075 1828 1301 1894 χορηγίας
1328 1828 1630 1891 σημαίνουσι.
1677 1826 1760 1878 δύο
1786 1826 1936 1892 γεμὴν

345 1908 546 1962 κλάδους
584 1910 755 1959 ἐλαιῶν
788 1911 992 1975 ὁρᾶσθαι
1026 1911 1132 1976 περὶ
1170 1908 1315 1972 αὐτὴν
1351 1911 1375 1960 ὁ
1408 1907 1659 1977 προφήτης
1695 1910 1936 1976 Ζαχαρίας

344 1991 689 2057 διισχυρίσατο,
717 1990 793 2040 ἵνα
831 1990 914 2041 δύο
953 1993 1062 2057 νοῇς
1096 1988 1203 2043 τοὺς
1240 1990 1524 2054 ἠλεημένους
1560 1989 1719 2053 λαοὺς,
1745 1990 1825 2044 οὓς
1859 1993 1935 2042 καὶ

342 2074 425 2135 τῆς
473 2070 694 2136 πιότητος
746 2071 1041 2123 ἀπεκάλεσεν
1087 2069 1230 2134 υἱοὺς,
1272 2072 1566 2137 παρεστάναι
1606 2095 1655 2123 τε
1698 2071 1825 2137 λέγει
1867 2076 1935 2141 τῷ

347 2154 506 2223 Κυρίῳ
531 2158 694 2217 πᾶσης
717 2156 799 2214 τῆς
825 2156 926 2219 γῆς,
945 2154 1092 2204 καίτοι
1118 2159 1224 2219 περὶ
1251 2153 1337 2217 τὴν
1358 2155 1558 2221 λυχνίαν
1577 2154 1934 2221 τεθεωρημένων

304 2261 325 2288 e
343 2239 437 2285 τῶν
463 2234 668 2298 κλάδων,
697 2234 1048 2301 ἐναργεστάτην
1076 2233 1315 2304 ἀπόδειξιν
1342 2234 1417 2286 διὰ
1442 2234 1609 2286 τούτου
1634 2236 1929 2299 ποιούμενος,

344 2316 505 2382 ὅτιπερ
543 2317 571 2381 ἡ
612 2317 783 2385 λυχνία
822 2316 1050 2384 Χριστὸς,
1090 2318 1144 2367 δι’
1183 2318 1389 2381 ὑπακοῆς
1428 2320 1503 2368 καὶ
1541 2319 1747 2372 πίστεως
1785 2319 1935 2389 ἑαυτῷ

119 2065 218 2098 Zach.
236 2066 279 2097 iv.

123 2118 172 2150 14.

343 2398 664 2464 παραστήσας
709 2397 792 2451 τόν
835 2421 884 2450 τε
928 2399 985 2468 ἐξ
1026 2401 1172 2450 ἐθνῶν
1216 2401 1292 2450 καὶ
1336 2399 1419 2450 τὸν
1464 2400 1514 2451 ἐκ
1558 2404 1653 2452 τῶν
1693 2399 1934 2452 Ἰουδαίων

343 2479 478 2532 λαόν.

418 2561 537 2614 Εἶτα
583 2563 763 2617 τούτοις
807 2563 1011 2630 ἐπιλέγει
1053 2564 1368 2631 πολυτρόπως
1412 2566 1523 2630 ἡμῖν
1565 2565 1931 2629 κατασημαίνων

388 2708 421 2742 6.
448 2709 521 2743 τινὰ
539 2720 609 2743 om.
630 2715 670 2743 ut
687 2708 757 2743 vid.
779 2708 855 2743 Cat.
875 2710 932 2745 cit.
1068 2719 1099 2755 7.
1126 2710 1179 2743 καὶ
1198 2717 1420 2754 assumptum
1439 2722 1481 2745 ex
1501 2709 1577 2745 Cat.
1598 2711 1655 2745 cit.
1786 2710 1818 2744 8.
1845 2709 1929 2756 γὰρ]

345 2760 382 2796 -1-
404 2756 457 2789 καὶ
477 2755 544 2790 Ed.
562 2756 680 2790 invitis
702 2755 742 2791 B.
763 2756 840 2790 Cat.
862 2757 919 2791 cit.
1012 2755 1138 2791 Statim
1157 2756 1194 2800 ἐξ
1213 2769 1280 2790 om.
1302 2758 1378 2791 Cat.
1399 2758 1455 2791 cit.
1727 2767 1759 2801 9.
1788 2756 1932 2791 Οὕτω-

341 2803 491 2846 Χριστός
509 2809 731 2837 accesserunt
749 2815 790 2837 ex
810 2803 852 2838 B.
1012 2815 1065 2838 11.
1090 2804 1156 2849 γάρ
1175 2811 1399 2849 assumptum
1418 2816 1459 2837 ex
1479 2803 1521 2838 B.
1683 2813 1736 2848 15.
1763 2804 1816 2837 καὶ
1833 2804 1931 2849 prius

341 2860 410 2883 om.
433 2849 474 2883 Β.
607 2859 660 2894 17.
687 2850 741 2883 καὶ
759 2857 984 2895 assumptum
1002 2862 1043 2884 ex
1065 2850 1107 2885 B.
1235 2862 1287 2893 19.
1314 2851 1543 2895 παρυστρίδες
1562 2850 1604 2885 Β.
1725 2862 1780 2886 20.
1806 2848 1928 2896 γεμὴν]

338 2913 400 2955 μὲν
416 2894 465 2922 οὖν
484 2912 525 2946 Β.
623 2923 680 2948 22.
707 2912 768 2947 δύο
785 2915 863 2957 νοῇς
882 2913 948 2948 hoc
967 2912 1090 2948 ordine
1110 2912 1151 2948 B.
1260 2924 1314 2959 23.
1341 2915 1399 2958 τῆς
1418 2914 1510 2950 B.D.
1531 2914 1608 2950 τοὺς
1625 2913 1692 2949 Ed.
1791 2923 1846 2958 27.
1872 2914 1931 2948 τὸν

340 2958 375 2992 ἐκ
393 2969 463 2993 om.
485 2958 527 2993 Β.

1962 1024 2012 1050 10

1961 1436 2008 1473 15

1957 1846 2007 1872 20

1955 2259 2005 2299 25
