<?xml version="1.0" encoding="UTF-8"?>
<!DOCTYPE html PUBLIC "-//W3C//DTD XHTML 1.0 Transitional//EN"
    "http://www.w3.org/TR/xhtml1/DTD/xhtml1-transitional.dtd">
<html xmlns="http://www.w3.org/1999/xhtml" xml:lang="en" lang="en">
 <head>
  <title>
</title>
<meta http-equiv="Content-Type" content="text/html;charset=utf-8" />
  <meta name='ocr-system' content='tesseract 3.04.00' />
  <meta name='ocr-capabilities' content='ocr_page ocr_carea ocr_par ocr_line ocrx_word'/>
</head>
<body>
  <div class='ocr_page' id='page_1' title='image "./operacyrilli03cyriuoft_0629.png"; bbox 0 0 2084 3317; ppageno 0'>
   <div class='ocr_carea' id='block_1_1' title="bbox 114 142 1707 198">
    <p class='ocr_par' dir='ltr' id='par_1_1' title="bbox 114 142 1707 198">
     <span class='ocr_line' id='line_1_1' title="bbox 114 142 1707 198; baseline -0.001 -15"><span class='ocrx_word' id='word_1_1' title='bbox 114 143 170 184; x_wconf 89' lang='lat' dir='ltr'>vi.</span> <span class='ocrx_word' id='word_1_2' title='bbox 189 154 255 198; x_wconf 84' lang='lat'>57.</span> <span class='ocrx_word' id='word_1_3' title='bbox 334 143 405 184; x_wconf 92' lang='lat' dir='ltr'>IN</span> <span class='ocrx_word' id='word_1_4' title='bbox 451 143 492 184; x_wconf 87' lang='lat' dir='ltr'>S.</span> <span class='ocrx_word' id='word_1_5' title='bbox 528 143 865 185; x_wconf 74' lang='lat' dir='ltr'>JOANNEM.</span> <span class='ocrx_word' id='word_1_6' title='bbox 930 142 1053 183; x_wconf 89' lang='lat' dir='ltr'>LIB.</span> <span class='ocrx_word' id='word_1_7' title='bbox 1088 142 1166 182; x_wconf 77' lang='lat' dir='ltr'>IV.</span> <span class='ocrx_word' id='word_1_8' title='bbox 1230 142 1363 182; x_wconf 79' lang='lat' dir='ltr'><strong>CAP.</strong></span> <span class='ocrx_word' id='word_1_9' title='bbox 1398 142 1484 183; x_wconf 93' lang='grc' dir='ltr'><strong>ΙΙΙ.</strong></span> <span class='ocrx_word' id='word_1_10' title='bbox 1624 143 1707 182; x_wconf 80' lang='lat'>543</span> 
     </span>
    </p>
   </div>
   <div class='ocr_carea' id='block_1_2' title="bbox 44 251 1900 2125">
    <p class='ocr_par' dir='ltr' id='par_1_2' title="bbox 44 251 1900 2125">
     <span class='ocr_line' id='line_1_2' title="bbox 114 251 1701 318; baseline -0.001 -15"><span class='ocrx_word' id='word_1_11' title='bbox 114 251 173 303; x_wconf 79' lang='grc' dir='ltr'>ἀν</span> <span class='ocrx_word' id='word_1_12' title='bbox 196 253 384 308; x_wconf 75' lang='grc' dir='ltr'>εἰκότως</span> <span class='ocrx_word' id='word_1_13' title='bbox 419 254 509 318; x_wconf 73' lang='grc' dir='ltr'>ἤδη</span> <span class='ocrx_word' id='word_1_14' title='bbox 545 254 728 318; x_wconf 81' lang='grc' dir='ltr'>λοιπὸν,</span> <span class='ocrx_word' id='word_1_15' title='bbox 755 256 898 305; x_wconf 81' lang='grc' dir='ltr'>ἐκεῖνο</span> <span class='ocrx_word' id='word_1_16' title='bbox 934 253 1189 317; x_wconf 81' lang='grc' dir='ltr'>μανθάνειν</span> <span class='ocrx_word' id='word_1_17' title='bbox 1215 254 1468 314; x_wconf 81' lang='grc' dir='ltr'>ἐπιθυμῶν,</span> <span class='ocrx_word' id='word_1_18' title='bbox 1496 251 1544 302; x_wconf 82' lang='grc' dir='ltr'>τί</span> <span class='ocrx_word' id='word_1_19' title='bbox 1571 253 1701 316; x_wconf 86' lang='grc' dir='ltr'>ἐνερ-</span> 
     </span>
     <span class='ocr_line' id='line_1_3' title="bbox 114 331 1752 403; baseline -0.002 -18"><span class='ocrx_word' id='word_1_20' title='bbox 114 333 254 399; x_wconf 83' lang='grc' dir='ltr'>γήσει</span> <span class='ocrx_word' id='word_1_21' title='bbox 297 337 404 402; x_wconf 82' lang='grc' dir='ltr'>περὶ</span> <span class='ocrx_word' id='word_1_22' title='bbox 448 335 530 387; x_wconf 82' lang='grc' dir='ltr'>τὸν</span> <span class='ocrx_word' id='word_1_23' title='bbox 570 336 701 399; x_wconf 83' lang='grc' dir='ltr'>Υἱὸν,</span> <span class='ocrx_word' id='word_1_24' title='bbox 742 336 968 403; x_wconf 83' lang='grc' dir='ltr'>ὑπάρχων</span> <span class='ocrx_word' id='word_1_25' title='bbox 1005 336 1052 386; x_wconf 88' lang='grc' dir='ltr'>ἐν</span> <span class='ocrx_word' id='word_1_26' title='bbox 1093 335 1251 403; x_wconf 69' lang='grc' dir='ltr'>αὐτ-ᾡς</span> <span class='ocrx_word' id='word_1_27' title='bbox 1311 331 1404 399; x_wconf 77' lang='grc' dir='ltr'>ἀρα</span> <span class='ocrx_word' id='word_1_28' title='bbox 1443 333 1708 395; x_wconf 84' lang='grc' dir='ltr'>μεταδώσει</span> <span class='ocrx_word' id='word_1_29' title='bbox 1726 340 1752 381; x_wconf 89' lang='lat' dir='ltr'><strong>b</strong></span> 
     </span>
     <span class='ocr_line' id='line_1_4' title="bbox 112 413 1707 487; baseline -0.001 -22"><span class='ocrx_word' id='word_1_30' title='bbox 112 417 195 478; x_wconf 81' lang='grc' dir='ltr'>τῆς</span> <span class='ocrx_word' id='word_1_31' title='bbox 233 416 398 468; x_wconf 84' lang='grc' dir='ltr'>ἑαυτοῦ</span> <span class='ocrx_word' id='word_1_32' title='bbox 436 417 554 484; x_wconf 84' lang='grc' dir='ltr'>ζωῆς</span> <span class='ocrx_word' id='word_1_33' title='bbox 591 422 658 487; x_wconf 73' lang='grc' dir='ltr'>τῷ</span> <span class='ocrx_word' id='word_1_34' title='bbox 697 418 796 487; x_wconf 77' lang='grc' dir='ltr'>ἰδίῳ</span> <span class='ocrx_word' id='word_1_35' title='bbox 836 416 1105 483; x_wconf 87' lang='grc' dir='ltr'>γεννήματι,</span> <span class='ocrx_word' id='word_1_36' title='bbox 1138 415 1353 481; x_wconf 88' lang='grc' dir='ltr'>καθάπερ</span> <span class='ocrx_word' id='word_1_37' title='bbox 1387 413 1593 483; x_wconf 74' lang='grc' dir='ltr'>δεομένῳ</span> <span class='ocrx_word' id='word_1_38' title='bbox 1631 415 1707 463; x_wconf 82' lang='grc' dir='ltr'>καὶ</span> 
     </span>
     <span class='ocr_line' id='line_1_5' title="bbox 113 495 1710 569; baseline -0.001 -22"><span class='ocrx_word' id='word_1_39' title='bbox 113 497 202 565; x_wconf 81' lang='grc' dir='ltr'>οὐχ</span> <span class='ocrx_word' id='word_1_40' title='bbox 227 497 382 565; x_wconf 76' lang='grc' dir='ltr'>ἔχοντι</span> <span class='ocrx_word' id='word_1_41' title='bbox 407 498 494 563; x_wconf 88' lang='grc' dir='ltr'>τὴν</span> <span class='ocrx_word' id='word_1_42' title='bbox 521 499 642 566; x_wconf 83' lang='grc' dir='ltr'>ζωὴν</span> <span class='ocrx_word' id='word_1_43' title='bbox 668 500 725 569; x_wconf 77' lang='grc' dir='ltr'>ἐξ</span> <span class='ocrx_word' id='word_1_44' title='bbox 747 500 913 550; x_wconf 87' lang='grc' dir='ltr'>ἑαυτοῦ</span> <span class='ocrx_word' id='word_1_45' title='bbox 930 521 943 562; x_wconf 83' lang='grc'><strong>;</strong></span> <span class='ocrx_word' id='word_1_46' title='bbox 987 500 1062 550; x_wconf 81' lang='grc' dir='ltr'>καὶ</span> <span class='ocrx_word' id='word_1_47' title='bbox 1096 502 1198 551; x_wconf 81' lang='grc' dir='ltr'>πῶς</span> <span class='ocrx_word' id='word_1_48' title='bbox 1233 498 1316 548; x_wconf 84' lang='grc' dir='ltr'>οὐκ</span> <span class='ocrx_word' id='word_1_49' title='bbox 1352 495 1536 563; x_wconf 80' lang='grc' dir='ltr'>ἀνάγκη</span> <span class='ocrx_word' id='word_1_50' title='bbox 1571 500 1710 546; x_wconf 84' lang='grc' dir='ltr'>πᾶσα</span> 
     </span>
     <span class='ocr_line' id='line_1_6' title="bbox 71 576 1709 649; baseline -0.004 -17"><span class='ocrx_word' id='word_1_51' title='bbox 71 593 94 632; x_wconf 93' lang='grc'>5</span> <span class='ocrx_word' id='word_1_52' title='bbox 116 584 236 631; x_wconf 86' lang='grc' dir='ltr'>νοεῖν</span> <span class='ocrx_word' id='word_1_53' title='bbox 262 580 434 647; x_wconf 74' lang='grc' dir='ltr'>ἔρημον</span> <span class='ocrx_word' id='word_1_54' title='bbox 459 579 575 632; x_wconf 78' lang='grc' dir='ltr'>εἶναι</span> <span class='ocrx_word' id='word_1_55' title='bbox 611 581 729 649; x_wconf 83' lang='grc' dir='ltr'>ζωῆς</span> <span class='ocrx_word' id='word_1_56' title='bbox 765 580 848 632; x_wconf 81' lang='grc' dir='ltr'>τὸν</span> <span class='ocrx_word' id='word_1_57' title='bbox 872 580 1022 642; x_wconf 76' lang='grc' dir='ltr'>Υἱόνς</span> <span class='ocrx_word' id='word_1_58' title='bbox 1063 578 1117 631; x_wconf 80' lang='grc' dir='ltr'>τὸ</span> <span class='ocrx_word' id='word_1_59' title='bbox 1145 578 1194 631; x_wconf 82' lang='grc' dir='ltr'>δὲ</span> <span class='ocrx_word' id='word_1_60' title='bbox 1219 579 1337 646; x_wconf 82' lang='grc' dir='ltr'>ζωῆς</span> <span class='ocrx_word' id='word_1_61' title='bbox 1364 578 1552 645; x_wconf 70' lang='grc' dir='ltr'>ἔρημον,</span> <span class='ocrx_word' id='word_1_62' title='bbox 1579 576 1629 628; x_wconf 84' lang='grc' dir='ltr'>τί</span> <span class='ocrx_word' id='word_1_63' title='bbox 1650 576 1709 627; x_wconf 81' lang='grc' dir='ltr'>ἂν</span> 
     </span>
     <span class='ocr_line' id='line_1_7' title="bbox 114 659 1710 729; baseline 0.002 -19"><span class='ocrx_word' id='word_1_64' title='bbox 114 659 271 728; x_wconf 78' lang='grc' dir='ltr'>ἕτερον</span> <span class='ocrx_word' id='word_1_65' title='bbox 314 662 383 727; x_wconf 81' lang='grc' dir='ltr'>εἰἠ</span> <span class='ocrx_word' id='word_1_66' title='bbox 429 664 613 726; x_wconf 82' lang='grc' dir='ltr'>λοιπὸν,</span> <span class='ocrx_word' id='word_1_67' title='bbox 660 662 689 728; x_wconf 80' lang='grc' dir='ltr'>ἢ</span> <span class='ocrx_word' id='word_1_68' title='bbox 738 662 989 729; x_wconf 86' lang='grc' dir='ltr'>φθαρτόν;</span> <span class='ocrx_word' id='word_1_69' title='bbox 1052 662 1164 712; x_wconf 87' lang='grc' dir='ltr'>ἀλλ’</span> <span class='ocrx_word' id='word_1_70' title='bbox 1213 661 1267 711; x_wconf 82' lang='grc' dir='ltr'>οὐ</span> <span class='ocrx_word' id='word_1_71' title='bbox 1312 659 1578 724; x_wconf 83' lang='grc' dir='ltr'>μεταδώσει</span> <span class='ocrx_word' id='word_1_72' title='bbox 1625 661 1710 722; x_wconf 83' lang='grc' dir='ltr'>τῆς</span> 
     </span>
     <span class='ocr_line' id='line_1_8' title="bbox 114 741 1709 815; baseline 0 -23"><span class='ocrx_word' id='word_1_73' title='bbox 114 743 280 795; x_wconf 85' lang='grc' dir='ltr'>ἑαυτοῦ</span> <span class='ocrx_word' id='word_1_74' title='bbox 325 744 442 811; x_wconf 87' lang='grc' dir='ltr'>ζωῆς</span> <span class='ocrx_word' id='word_1_75' title='bbox 486 749 553 815; x_wconf 74' lang='grc' dir='ltr'>τῷ</span> <span class='ocrx_word' id='word_1_76' title='bbox 593 743 866 811; x_wconf 82' lang='grc' dir='ltr'>γεννήματι·</span> <span class='ocrx_word' id='word_1_77' title='bbox 928 743 1020 811; x_wconf 86' lang='grc' dir='ltr'>ζωὴ</span> <span class='ocrx_word' id='word_1_78' title='bbox 1066 742 1175 811; x_wconf 82' lang='grc' dir='ltr'>γὰρ,</span> <span class='ocrx_word' id='word_1_79' title='bbox 1214 744 1290 793; x_wconf 79' lang='grc' dir='ltr'>καὶ</span> <span class='ocrx_word' id='word_1_80' title='bbox 1331 746 1369 793; x_wconf 79' lang='grc' dir='ltr'>εἰ</span> <span class='ocrx_word' id='word_1_81' title='bbox 1414 742 1479 807; x_wconf 86' lang='grc' dir='ltr'>μὴ</span> <span class='ocrx_word' id='word_1_82' title='bbox 1525 741 1709 809; x_wconf 79' lang='grc' dir='ltr'>δέχοιτο</span> 
     </span>
     <span class='ocr_line' id='line_1_9' title="bbox 113 826 419 891; baseline 0.007 -15"><span class='ocrx_word' id='word_1_83' title='bbox 113 826 224 891; x_wconf 91' lang='grc' dir='ltr'>παρ’</span> <span class='ocrx_word' id='word_1_84' title='bbox 258 827 419 878; x_wconf 85' lang='grc' dir='ltr'>αὑτοῦ.</span> 
     </span>
     <span class='ocr_line' id='line_1_10' title="bbox 189 908 1703 979; baseline 0 -21"><span class='ocrx_word' id='word_1_85' title='bbox 189 910 303 961; x_wconf 81' lang='grc' dir='ltr'>Πῶς</span> <span class='ocrx_word' id='word_1_86' title='bbox 328 909 410 959; x_wconf 78' lang='grc' dir='ltr'>οὖν</span> <span class='ocrx_word' id='word_1_87' title='bbox 437 909 503 960; x_wconf 75' lang='grc' dir='ltr'>ε”τι</span> <span class='ocrx_word' id='word_1_88' title='bbox 529 909 894 979; x_wconf 84' lang='grc' dir='ltr'>συκοφαντοῦσί</span> <span class='ocrx_word' id='word_1_89' title='bbox 917 932 1036 963; x_wconf 85' lang='grc' dir='ltr'>τινες</span> <span class='ocrx_word' id='word_1_90' title='bbox 1068 911 1543 976; x_wconf 84' lang='grc' dir='ltr'>ἀθυρογλωττοῦντες</span> <span class='ocrx_word' id='word_1_91' title='bbox 1576 908 1703 976; x_wconf 88' lang='grc' dir='ltr'>ἀφυ-</span> 
     </span>
     <span class='ocr_line' id='line_1_11' title="bbox 44 986 1709 1057; baseline 0.001 -20"><span class='ocrx_word' id='word_1_92' title='bbox 44 1007 93 1033; x_wconf 92' lang='lat'>10</span> <span class='ocrx_word' id='word_1_93' title='bbox 113 986 311 1051; x_wconf 83' lang='grc' dir='ltr'>λάκτως,</span> <span class='ocrx_word' id='word_1_94' title='bbox 338 993 414 1041; x_wconf 82' lang='grc' dir='ltr'>καὶ</span> <span class='ocrx_word' id='word_1_95' title='bbox 453 990 529 1041; x_wconf 79' lang='grc' dir='ltr'>διὰ</span> <span class='ocrx_word' id='word_1_96' title='bbox 569 996 709 1042; x_wconf 86' lang='grc' dir='ltr'>τοῦτο</span> <span class='ocrx_word' id='word_1_97' title='bbox 748 991 948 1057; x_wconf 86' lang='grc' dir='ltr'>λέγουσι</span> <span class='ocrx_word' id='word_1_98' title='bbox 987 991 1076 1057; x_wconf 82' lang='grc' dir='ltr'>ζῆν</span> <span class='ocrx_word' id='word_1_99' title='bbox 1110 991 1194 1042; x_wconf 83' lang='grc' dir='ltr'>τὸν</span> <span class='ocrx_word' id='word_1_100' title='bbox 1219 990 1354 1049; x_wconf 81' lang='grc' dir='ltr'>Υὶὸν,</span> <span class='ocrx_word' id='word_1_101' title='bbox 1384 990 1575 1056; x_wconf 85' lang='grc' dir='ltr'>ἐπείπερ</span> <span class='ocrx_word' id='word_1_102' title='bbox 1614 990 1709 1056; x_wconf 79' lang='grc' dir='ltr'>ε”χει</span> 
     </span>
     <span class='ocr_line' id='line_1_12' title="bbox 112 1068 1749 1142; baseline 0.002 -22"><span class='ocrx_word' id='word_1_103' title='bbox 112 1068 232 1135; x_wconf 87' lang='grc' dir='ltr'>ζωὴν</span> <span class='ocrx_word' id='word_1_104' title='bbox 259 1071 373 1123; x_wconf 80' lang='grc' dir='ltr'>ὅντα</span> <span class='ocrx_word' id='word_1_105' title='bbox 399 1072 519 1124; x_wconf 78' lang='grc' dir='ltr'>κατὰ</span> <span class='ocrx_word' id='word_1_106' title='bbox 546 1073 696 1142; x_wconf 83' lang='grc' dir='ltr'>φύσιν</span> <span class='ocrx_word' id='word_1_107' title='bbox 722 1075 770 1124; x_wconf 88' lang='grc' dir='ltr'>ἐν</span> <span class='ocrx_word' id='word_1_108' title='bbox 797 1074 946 1142; x_wconf 71' lang='grc' dir='ltr'>ἑαυτῷ</span> <span class='ocrx_word' id='word_1_109' title='bbox 972 1072 1055 1124; x_wconf 81' lang='grc' dir='ltr'>τὸν</span> <span class='ocrx_word' id='word_1_110' title='bbox 1084 1072 1278 1139; x_wconf 90' lang='grc' dir='ltr'>Πατέρα</span> <span class='ocrx_word' id='word_1_111' title='bbox 1300 1094 1310 1133; x_wconf 89' lang='grc'>;</span> <span class='ocrx_word' id='word_1_112' title='bbox 1348 1076 1386 1123; x_wconf 82' lang='grc' dir='ltr'>εὶ</span> <span class='ocrx_word' id='word_1_113' title='bbox 1417 1071 1503 1136; x_wconf 78' lang='grc' dir='ltr'>μὲν</span> <span class='ocrx_word' id='word_1_114' title='bbox 1529 1070 1623 1137; x_wconf 78' lang='grc' dir='ltr'>γὰρ</span> <span class='ocrx_word' id='word_1_115' title='bbox 1648 1071 1708 1139; x_wconf 85' lang='grc' dir='ltr'>ζῇ</span> <span class='ocrx_word' id='word_1_116' title='bbox 1727 1097 1749 1124; x_wconf 86' lang='lat' dir='ltr'>c</span> 
     </span>
     <span class='ocr_line' id='line_1_13' title="bbox 113 1152 1706 1223; baseline 0 -20"><span class='ocrx_word' id='word_1_117' title='bbox 113 1153 190 1203; x_wconf 85' lang='grc' dir='ltr'>καὶ</span> <span class='ocrx_word' id='word_1_118' title='bbox 225 1154 334 1221; x_wconf 86' lang='grc' dir='ltr'>δίχα</span> <span class='ocrx_word' id='word_1_119' title='bbox 366 1161 451 1205; x_wconf 84' lang='grc' dir='ltr'>τοῦ</span> <span class='ocrx_word' id='word_1_120' title='bbox 490 1153 697 1222; x_wconf 76' lang='grc' dir='ltr'>Πατρὸς,</span> <span class='ocrx_word' id='word_1_121' title='bbox 723 1157 786 1209; x_wconf 85' lang='grc' dir='ltr'>ὡς</span> <span class='ocrx_word' id='word_1_122' title='bbox 822 1154 1049 1223; x_wconf 81' lang='grc' dir='ltr'>ὑπάρχων</span> <span class='ocrx_word' id='word_1_123' title='bbox 1086 1156 1328 1208; x_wconf 81' lang='grc' dir='ltr'>οὐσιωδῶς</span> <span class='ocrx_word' id='word_1_124' title='bbox 1365 1156 1441 1204; x_wconf 77' lang='grc' dir='ltr'>καὶ</span> <span class='ocrx_word' id='word_1_125' title='bbox 1481 1152 1706 1219; x_wconf 82' lang='grc' dir='ltr'>αὑτοζωὴ,</span> 
     </span>
     <span class='ocr_line' id='line_1_14' title="bbox 114 1233 1709 1306; baseline 0.001 -22"><span class='ocrx_word' id='word_1_126' title='bbox 114 1234 264 1286; x_wconf 81' lang='grc' dir='ltr'>οὐκέτι</span> <span class='ocrx_word' id='word_1_127' title='bbox 291 1234 349 1304; x_wconf 81' lang='grc' dir='ltr'>ζῇ</span> <span class='ocrx_word' id='word_1_128' title='bbox 378 1233 454 1288; x_wconf 59' lang='grc' dir='ltr'>ὃιέι</span> <span class='ocrx_word' id='word_1_129' title='bbox 481 1238 548 1289; x_wconf 66' lang='grc' dir='ltr'>τὶν</span> <span class='ocrx_word' id='word_1_130' title='bbox 573 1236 771 1306; x_wconf 70' lang='grc' dir='ltr'>Πατέρα,</span> <span class='ocrx_word' id='word_1_131' title='bbox 795 1237 1026 1301; x_wconf 79' lang='grc' dir='ltr'>τουτέστι,</span> <span class='ocrx_word' id='word_1_132' title='bbox 1049 1236 1126 1288; x_wconf 81' lang='grc' dir='ltr'>διὰ</span> <span class='ocrx_word' id='word_1_133' title='bbox 1151 1236 1237 1301; x_wconf 88' lang='grc' dir='ltr'>τὴν</span> <span class='ocrx_word' id='word_1_134' title='bbox 1262 1238 1312 1287; x_wconf 86' lang='grc' dir='ltr'>ἐκ</span> <span class='ocrx_word' id='word_1_135' title='bbox 1344 1234 1538 1302; x_wconf 81' lang='grc' dir='ltr'>Πατρὸς</span> <span class='ocrx_word' id='word_1_136' title='bbox 1563 1233 1709 1299; x_wconf 88' lang='grc' dir='ltr'>μετά-</span> 
     </span>
     <span class='ocr_line' id='line_1_15' title="bbox 114 1315 1710 1387; baseline 0 -20"><span class='ocrx_word' id='word_1_137' title='bbox 114 1320 282 1385; x_wconf 79' lang='grc' dir='ltr'>ληψιν.</span> <span class='ocrx_word' id='word_1_138' title='bbox 335 1322 372 1369; x_wconf 83' lang='grc' dir='ltr'>εὶ</span> <span class='ocrx_word' id='word_1_139' title='bbox 398 1317 447 1369; x_wconf 80' lang='grc' dir='ltr'>δὲ</span> <span class='ocrx_word' id='word_1_140' title='bbox 474 1318 684 1387; x_wconf 80' lang='grc' dir='ltr'>χορηγὸν</span> <span class='ocrx_word' id='word_1_141' title='bbox 709 1322 792 1384; x_wconf 87' lang='grc' dir='ltr'>τῆς</span> <span class='ocrx_word' id='word_1_142' title='bbox 818 1319 935 1373; x_wconf 81' lang='grc' dir='ltr'>ἰδίας</span> <span class='ocrx_word' id='word_1_143' title='bbox 962 1318 1079 1385; x_wconf 83' lang='grc' dir='ltr'>ζωῆς</span> <span class='ocrx_word' id='word_1_144' title='bbox 1111 1319 1204 1387; x_wconf 73' lang='grc' dir='ltr'>ἔχει</span> <span class='ocrx_word' id='word_1_145' title='bbox 1237 1318 1321 1369; x_wconf 87' lang='grc' dir='ltr'>τὸν</span> <span class='ocrx_word' id='word_1_146' title='bbox 1349 1317 1560 1384; x_wconf 78' lang='grc' dir='ltr'>Πατέρα,</span> <span class='ocrx_word' id='word_1_147' title='bbox 1587 1315 1710 1382; x_wconf 83' lang='grc' dir='ltr'>ζωὴν</span> 
     </span>
     <span class='ocr_line' id='line_1_16' title="bbox 45 1397 1711 1469; baseline 0.001 -21"><span class='ocrx_word' id='word_1_148' title='bbox 45 1411 92 1449; x_wconf 92' lang='lat'>15</span> <span class='ocrx_word' id='word_1_149' title='bbox 115 1398 236 1450; x_wconf 84' lang='grc' dir='ltr'>ἰδίαν</span> <span class='ocrx_word' id='word_1_150' title='bbox 273 1399 425 1450; x_wconf 82' lang='grc' dir='ltr'>οὐκ</span> <span class='ocrx_word' id='word_1_151' title='bbox 395 1424 515 1468; x_wconf 88' lang='grc' dir='ltr'>εχων</span> <span class='ocrx_word' id='word_1_152' title='bbox 553 1401 692 1455; x_wconf 80' lang='grc' dir='ltr'>αὐτὸς</span> <span class='ocrx_word' id='word_1_153' title='bbox 730 1401 1141 1469; x_wconf 84' lang='grc' dir='ltr'>ἀναδειχθήσεται·</span> <span class='ocrx_word' id='word_1_154' title='bbox 1190 1400 1458 1466; x_wconf 84' lang='grc' dir='ltr'>διανείζεται</span> <span class='ocrx_word' id='word_1_155' title='bbox 1496 1398 1590 1465; x_wconf 80' lang='grc' dir='ltr'>γὰρ</span> <span class='ocrx_word' id='word_1_156' title='bbox 1624 1397 1711 1463; x_wconf 86' lang='grc' dir='ltr'>τὴν</span> 
     </span>
     <span class='ocr_line' id='line_1_17' title="bbox 112 1480 1711 1552; baseline 0.001 -21"><span class='ocrx_word' id='word_1_157' title='bbox 112 1481 222 1547; x_wconf 89' lang='grc' dir='ltr'>παρ’</span> <span class='ocrx_word' id='word_1_158' title='bbox 268 1480 439 1547; x_wconf 86' lang='grc' dir='ltr'>ἑτερου,</span> <span class='ocrx_word' id='word_1_159' title='bbox 489 1506 566 1534; x_wconf 91' lang='grc' dir='ltr'>και</span> <span class='ocrx_word' id='word_1_160' title='bbox 610 1506 726 1550; x_wconf 92' lang='grc' dir='ltr'>οπερ</span> <span class='ocrx_word' id='word_1_161' title='bbox 776 1484 833 1552; x_wconf 76' lang='grc' dir='ltr'>ἐξ</span> <span class='ocrx_word' id='word_1_162' title='bbox 876 1485 1022 1551; x_wconf 83' lang='grc' dir='ltr'>ἀρχῆς</span> <span class='ocrx_word' id='word_1_163' title='bbox 1069 1482 1309 1549; x_wconf 85' lang='grc' dir='ltr'>ἐλέγομεν,</span> <span class='ocrx_word' id='word_1_164' title='bbox 1355 1481 1472 1551; x_wconf 74' lang='grc' dir='ltr'>ζῷον</span> <span class='ocrx_word' id='word_1_165' title='bbox 1518 1481 1711 1545; x_wconf 82' lang='grc' dir='ltr'>μᾶλλόν</span> 
     </span>
     <span class='ocr_line' id='line_1_18' title="bbox 112 1560 1709 1634; baseline 0.001 -21"><span class='ocrx_word' id='word_1_166' title='bbox 112 1563 244 1614; x_wconf 79' lang='grc' dir='ltr'>ἐστιν</span> <span class='ocrx_word' id='word_1_167' title='bbox 281 1561 311 1628; x_wconf 83' lang='grc' dir='ltr'>ἢ</span> <span class='ocrx_word' id='word_1_168' title='bbox 351 1563 456 1631; x_wconf 87' lang='grc' dir='ltr'>ζωὴ,</span> <span class='ocrx_word' id='word_1_169' title='bbox 496 1567 571 1616; x_wconf 80' lang='grc' dir='ltr'>καὶ</span> <span class='ocrx_word' id='word_1_170' title='bbox 613 1567 830 1634; x_wconf 81' lang='grc' dir='ltr'>φθαρτῆς</span> <span class='ocrx_word' id='word_1_171' title='bbox 870 1566 959 1630; x_wconf 86' lang='grc' dir='ltr'>ἠδη</span> <span class='ocrx_word' id='word_1_172' title='bbox 999 1564 1208 1634; x_wconf 83' lang='grc' dir='ltr'>φύσεως.</span> <span class='ocrx_word' id='word_1_173' title='bbox 1276 1568 1378 1618; x_wconf 79' lang='grc' dir='ltr'>πῶς</span> <span class='ocrx_word' id='word_1_174' title='bbox 1421 1564 1503 1615; x_wconf 77' lang='grc' dir='ltr'>οὖν</span> <span class='ocrx_word' id='word_1_175' title='bbox 1543 1560 1709 1614; x_wconf 89' lang='grc' dir='ltr'>ἑαυτον</span> 
     </span>
     <span class='ocr_line' id='line_1_19' title="bbox 113 1644 1709 1716; baseline 0.001 -21"><span class='ocrx_word' id='word_1_176' title='bbox 113 1644 339 1697; x_wconf 80' lang='grc' dir='ltr'>ἀπεκάλει</span> <span class='ocrx_word' id='word_1_177' title='bbox 378 1645 531 1712; x_wconf 86' lang='grc' dir='ltr'>ζωήν·</span> <span class='ocrx_word' id='word_1_178' title='bbox 520 1688 532 1710; x_wconf 89' lang='grc'>,</span> <span class='ocrx_word' id='word_1_179' title='bbox 589 1646 616 1712; x_wconf 80' lang='grc' dir='ltr'>ἢ</span> <span class='ocrx_word' id='word_1_180' title='bbox 656 1647 750 1713; x_wconf 80' lang='grc' dir='ltr'>γὰρ</span> <span class='ocrx_word' id='word_1_181' title='bbox 786 1647 975 1716; x_wconf 76' lang='grc' dir='ltr'>ἐξέσται</span> <span class='ocrx_word' id='word_1_182' title='bbox 1014 1650 1090 1698; x_wconf 87' lang='grc' dir='ltr'>καὶ</span> <span class='ocrx_word' id='word_1_183' title='bbox 1128 1647 1238 1711; x_wconf 83' lang='grc' dir='ltr'>ἡμῖν</span> <span class='ocrx_word' id='word_1_184' title='bbox 1271 1646 1525 1699; x_wconf 80' lang='grc' dir='ltr'>ἀκινδύνως</span> <span class='ocrx_word' id='word_1_185' title='bbox 1564 1649 1709 1696; x_wconf 80' lang='grc' dir='ltr'>εἰπεῖν</span> 
     </span>
     <span class='ocr_line' id='line_1_20' title="bbox 113 1727 1709 1798; baseline 0 -20"><span class='ocrx_word' id='word_1_186' title='bbox 113 1727 245 1793; x_wconf 81' lang='grc' dir='ltr'>Ἐγώ</span> <span class='ocrx_word' id='word_1_187' title='bbox 296 1732 387 1792; x_wconf 81' lang='grc' dir='ltr'>εἶμι</span> <span class='ocrx_word' id='word_1_188' title='bbox 439 1729 631 1796; x_wconf 86' lang='grc' dir='ltr'>ηζωὴ,</span> <span class='ocrx_word' id='word_1_189' title='bbox 674 1729 702 1795; x_wconf 89' lang='grc' dir='ltr'>ὴ</span> <span class='ocrx_word' id='word_1_190' title='bbox 747 1729 876 1796; x_wconf 82' lang='grc' dir='ltr'>εἰπερ</span> <span class='ocrx_word' id='word_1_191' title='bbox 923 1730 1027 1780; x_wconf 84' lang='grc' dir='ltr'>ἐστὶ</span> <span class='ocrx_word' id='word_1_192' title='bbox 1071 1728 1321 1798; x_wconf 88' lang='grc' dir='ltr'>σφαλερος</span> <span class='ocrx_word' id='word_1_193' title='bbox 1366 1729 1391 1779; x_wconf 84' lang='grc' dir='ltr'><em>ὃ</em></span> <span class='ocrx_word' id='word_1_194' title='bbox 1433 1727 1595 1793; x_wconf 86' lang='grc' dir='ltr'>λόγος</span> <span class='ocrx_word' id='word_1_195' title='bbox 1655 1728 1709 1778; x_wconf 85' lang='grc' dir='ltr'>οὐ</span> 
     </span>
     <span class='ocr_line' id='line_1_21' title="bbox 45 1807 1755 1880; baseline -0.001 -20"><span class='ocrx_word' id='word_1_196' title='bbox 45 1828 95 1852; x_wconf 83' lang='grc'>20</span> <span class='ocrx_word' id='word_1_197' title='bbox 115 1807 207 1876; x_wconf 81' lang='grc' dir='ltr'>γὰρ</span> <span class='ocrx_word' id='word_1_198' title='bbox 231 1810 422 1879; x_wconf 78' lang='grc' dir='ltr'>ἐξέσται</span> <span class='ocrx_word' id='word_1_199' title='bbox 448 1811 674 1876; x_wconf 84' lang='grc' dir='ltr'>ποιήματι</span> <span class='ocrx_word' id='word_1_200' title='bbox 700 1817 797 1866; x_wconf 82' lang='grc' dir='ltr'>τοῖς</span> <span class='ocrx_word' id='word_1_201' title='bbox 824 1811 1135 1878; x_wconf 88' lang='grc' dir='ltr'>θεοπρεπέσιν</span> <span class='ocrx_word' id='word_1_202' title='bbox 1161 1810 1432 1880; x_wconf 75' lang='grc' dir='ltr'>ἀξιώμασιν</span> <span class='ocrx_word' id='word_1_203' title='bbox 1457 1811 1704 1874; x_wconf 83' lang='grc' dir='ltr'>ἐπιπηδᾶν·</span> <span class='ocrx_word' id='word_1_204' title='bbox 1728 1824 1755 1865; x_wconf 81' lang='lat' dir='ltr'><strong>d</strong></span> 
     </span>
     <span class='ocr_line' id='line_1_22' title="bbox 113 1890 1709 1962; baseline 0.002 -19"><span class='ocrx_word' id='word_1_205' title='bbox 113 1890 235 1943; x_wconf 75' lang='grc' dir='ltr'>οἶδεν</span> <span class='ocrx_word' id='word_1_206' title='bbox 268 1894 362 1960; x_wconf 78' lang='grc' dir='ltr'>ἄρα</span> <span class='ocrx_word' id='word_1_207' title='bbox 396 1892 517 1961; x_wconf 86' lang='grc' dir='ltr'>ζωὴν</span> <span class='ocrx_word' id='word_1_208' title='bbox 553 1894 668 1945; x_wconf 78' lang='grc' dir='ltr'>ὄντα</span> <span class='ocrx_word' id='word_1_209' title='bbox 707 1893 827 1945; x_wconf 82' lang='grc' dir='ltr'>κατὰ</span> <span class='ocrx_word' id='word_1_210' title='bbox 867 1893 1019 1962; x_wconf 83' lang='grc' dir='ltr'>φύσιν</span> <span class='ocrx_word' id='word_1_211' title='bbox 1050 1892 1216 1945; x_wconf 80' lang='grc' dir='ltr'>ἑαυτὸν</span> <span class='ocrx_word' id='word_1_212' title='bbox 1244 1894 1269 1944; x_wconf 84' lang='grc' dir='ltr'>ὁ</span> <span class='ocrx_word' id='word_1_213' title='bbox 1304 1892 1433 1947; x_wconf 84' lang='grc' dir='ltr'>Υἱός.</span> <span class='ocrx_word' id='word_1_214' title='bbox 1473 1893 1569 1943; x_wconf 82' lang='grc' dir='ltr'>ἐπεὶ</span> <span class='ocrx_word' id='word_1_215' title='bbox 1608 1895 1709 1946; x_wconf 79' lang='grc' dir='ltr'>πῶς</span> 
     </span>
     <span class='ocr_line' id='line_1_23' title="bbox 113 1973 1900 2044; baseline -0.001 -19"><span class='ocrx_word' id='word_1_216' title='bbox 113 1974 248 2026; x_wconf 78' lang='grc' dir='ltr'>ἔσται</span> <span class='ocrx_word' id='word_1_217' title='bbox 274 1983 303 2005; x_wconf 87' lang='grc'><strong>“</strong></span> <span class='ocrx_word' id='word_1_218' title='bbox 322 1975 566 2044; x_wconf 83' lang='grc' dir='ltr'>χαρακτὴρ</span> <span class='ocrx_word' id='word_1_219' title='bbox 591 1979 675 2040; x_wconf 83' lang='grc' dir='ltr'>τῆς</span> <span class='ocrx_word' id='word_1_220' title='bbox 700 1975 1044 2031; x_wconf 85' lang='grc' dir='ltr'>ὑποστάσεως”</span> <span class='ocrx_word' id='word_1_221' title='bbox 1072 1981 1156 2028; x_wconf 88' lang='grc' dir='ltr'>τοῦ</span> <span class='ocrx_word' id='word_1_222' title='bbox 1192 1973 1512 2042; x_wconf 80' lang='grc' dir='ltr'>γεννήσαντος</span> <span class='ocrx_word' id='word_1_223' title='bbox 1547 1973 1705 2036; x_wconf 83' lang='grc' dir='ltr'>αὐτὸν,</span> <span class='ocrx_word' id='word_1_224' title='bbox 1771 1981 1858 2012; x_wconf 82' lang='lat' dir='ltr'>Heb.</span> <span class='ocrx_word' id='word_1_225' title='bbox 1877 1981 1900 2014; x_wconf 71' lang='lat' dir='ltr'>i·</span> 
     </span>
     <span class='ocr_line' id='line_1_24' title="bbox 111 2034 1802 2125; baseline -0.001 -17"><span class='ocrx_word' id='word_1_226' title='bbox 111 2060 214 2111; x_wconf 82' lang='grc' dir='ltr'>πῶς</span> <span class='ocrx_word' id='word_1_227' title='bbox 239 2057 288 2109; x_wconf 77' lang='grc' dir='ltr'>δὲ</span> <span class='ocrx_word' id='word_1_228' title='bbox 315 2058 449 2110; x_wconf 79' lang='grc' dir='ltr'>εἰκὼν</span> <span class='ocrx_word' id='word_1_229' title='bbox 474 2061 551 2110; x_wconf 80' lang='grc' dir='ltr'>καὶ</span> <span class='ocrx_word' id='word_1_230' title='bbox 577 2058 803 2123; x_wconf 86' lang='grc' dir='ltr'>ὁμοίωσις</span> <span class='ocrx_word' id='word_1_231' title='bbox 829 2057 1059 2125; x_wconf 73' lang='grc' dir='ltr'>ἀκριβήςς</span> <span class='ocrx_word' id='word_1_232' title='bbox 1098 2056 1126 2123; x_wconf 77' lang='grc' dir='ltr'>ἢ</span> <span class='ocrx_word' id='word_1_233' title='bbox 1152 2062 1254 2111; x_wconf 82' lang='grc' dir='ltr'>πῶς</span> <span class='ocrx_word' id='word_1_234' title='bbox 1279 2058 1363 2108; x_wconf 83' lang='grc' dir='ltr'>οὐκ</span> <span class='ocrx_word' id='word_1_235' title='bbox 1389 2059 1540 2124; x_wconf 79' lang='grc' dir='ltr'>ὀρθῶς</span> <span class='ocrx_word' id='word_1_236' title='bbox 1567 2056 1709 2108; x_wconf 80' lang='grc' dir='ltr'>ἐποίει</span> <span class='ocrx_word' id='word_1_237' title='bbox 1773 2034 1802 2065; x_wconf 79' lang='lat'>3-</span> 
     </span>
    </p>
   </div>
   <div class='ocr_carea' id='block_1_3' title="bbox 1695 2144 1715 2153">
    <p class='ocr_par' dir='ltr' id='par_1_3' title="bbox 1695 2144 1715 2153">
     <span class='ocr_line' id='line_1_25' title="bbox 1695 2144 1715 2153; baseline 0 0"><span class='ocrx_word' id='word_1_238' title='bbox 1695 2144 1715 2153; x_wconf 62' lang='lat' dir='ltr'>n</span> 
     </span>
    </p>
   </div>
   <div class='ocr_carea' id='block_1_4' title="bbox 112 2138 1864 2209">
    <p class='ocr_par' dir='ltr' id='par_1_4' title="bbox 112 2138 1864 2209">
     <span class='ocr_line' id='line_1_26' title="bbox 112 2138 1864 2209; baseline 0.001 -21"><span class='ocrx_word' id='word_1_239' title='bbox 112 2139 270 2205; x_wconf 85' lang='grc' dir='ltr'>λέγων</span> <span class='ocrx_word' id='word_1_240' title='bbox 312 2142 336 2192; x_wconf 87' lang='grc' dir='ltr'>ὁ</span> <span class='ocrx_word' id='word_1_241' title='bbox 380 2140 622 2194; x_wconf 86' lang='grc' dir='ltr'>Φίλιππος</span> <span class='ocrx_word' id='word_1_242' title='bbox 663 2146 690 2170; x_wconf 87' lang='grc'><strong>“</strong></span> <span class='ocrx_word' id='word_1_243' title='bbox 711 2139 889 2209; x_wconf 73' lang='grc' dir='ltr'>Δεῖξον</span> <span class='ocrx_word' id='word_1_244' title='bbox 929 2140 1041 2204; x_wconf 81' lang='grc' dir='ltr'>ἡμῖν</span> <span class='ocrx_word' id='word_1_245' title='bbox 1080 2138 1164 2191; x_wconf 80' lang='grc' dir='ltr'>τὸν</span> <span class='ocrx_word' id='word_1_246' title='bbox 1206 2139 1414 2207; x_wconf 85' lang='grc' dir='ltr'>Πατέρα,</span> <span class='ocrx_word' id='word_1_247' title='bbox 1460 2141 1535 2190; x_wconf 81' lang='grc' dir='ltr'>καὶ</span> <span class='ocrx_word' id='word_1_248' title='bbox 1579 2140 1709 2206; x_wconf 85' lang='grc' dir='ltr'>ἀρκει</span> <span class='ocrx_word' id='word_1_249' title='bbox 1771 2142 1864 2172; x_wconf 79' lang='lat' dir='ltr'>Infra</span> 
     </span>
    </p>
   </div>
   <div class='ocr_carea' id='block_1_5' title="bbox 46 2186 1888 2289">
    <p class='ocr_par' dir='ltr' id='par_1_5' title="bbox 46 2186 1888 2289">
     <span class='ocr_line' id='line_1_27' title="bbox 1769 2186 1888 2218; baseline 0.008 -1"><span class='ocrx_word' id='word_1_250' title='bbox 1769 2186 1836 2217; x_wconf 79' lang='lat' dir='ltr'>xiv.</span> <span class='ocrx_word' id='word_1_251' title='bbox 1858 2186 1888 2218; x_wconf 85' lang='grc'><strong>8.</strong></span> 
     </span>
     <span class='ocr_line' id='line_1_28' title="bbox 46 2219 1708 2289; baseline -0.001 -17"><span class='ocrx_word' id='word_1_252' title='bbox 46 2234 94 2272; x_wconf 85' lang='lat'>25</span> <span class='ocrx_word' id='word_1_253' title='bbox 114 2228 141 2250; x_wconf 77' lang='lat'>‘⁶</span> <span class='ocrx_word' id='word_1_254' title='bbox 169 2222 276 2285; x_wconf 82' lang='grc' dir='ltr'>ἡμῖν</span> <span class='ocrx_word' id='word_1_255' title='bbox 294 2223 336 2284; x_wconf 85' lang='grc'>;”</span> <span class='ocrx_word' id='word_1_256' title='bbox 378 2221 575 2289; x_wconf 78' lang='grc' dir='ltr'>καὶγὰρ</span> <span class='ocrx_word' id='word_1_257' title='bbox 613 2220 670 2286; x_wconf 87' lang='grc' dir='ltr'>δὴ</span> <span class='ocrx_word' id='word_1_258' title='bbox 706 2222 783 2273; x_wconf 78' lang='grc' dir='ltr'>καὶ</span> <span class='ocrx_word' id='word_1_259' title='bbox 817 2222 964 2275; x_wconf 79' lang='grc' dir='ltr'>ὅντως</span> <span class='ocrx_word' id='word_1_260' title='bbox 999 2223 1219 2286; x_wconf 83' lang='grc' dir='ltr'>ἐννοῆσαι</span> <span class='ocrx_word' id='word_1_261' title='bbox 1254 2221 1501 2289; x_wconf 88' lang='grc' dir='ltr'>προσήκει,</span> <span class='ocrx_word' id='word_1_262' title='bbox 1528 2220 1598 2272; x_wconf 76' lang='grc' dir='ltr'>ὅτι</span> <span class='ocrx_word' id='word_1_263' title='bbox 1625 2219 1708 2271; x_wconf 84' lang='grc' dir='ltr'>τὸν</span> 
     </span>
    </p>
   </div>
   <div class='ocr_carea' id='block_1_6' title="bbox 113 2302 1747 2620">
    <p class='ocr_par' dir='ltr' id='par_1_6' title="bbox 113 2302 1747 2620">
     <span class='ocr_line' id='line_1_29' title="bbox 113 2302 1707 2370; baseline 0 -17"><span class='ocrx_word' id='word_1_264' title='bbox 113 2303 231 2354; x_wconf 80' lang='grc' dir='ltr'>Υὶόν</span> <span class='ocrx_word' id='word_1_265' title='bbox 263 2327 333 2358; x_wconf 89' lang='grc' dir='ltr'>τις</span> <span class='ocrx_word' id='word_1_266' title='bbox 370 2304 660 2368; x_wconf 85' lang='grc' dir='ltr'>τεθεαμένος,</span> <span class='ocrx_word' id='word_1_267' title='bbox 697 2305 828 2355; x_wconf 72' lang='grc' dir='ltr'>οὔπω</span> <span class='ocrx_word' id='word_1_268' title='bbox 866 2304 1124 2370; x_wconf 84' lang='grc' dir='ltr'>τεθεώρηκε</span> <span class='ocrx_word' id='word_1_269' title='bbox 1163 2303 1246 2355; x_wconf 80' lang='grc' dir='ltr'>τὸν</span> <span class='ocrx_word' id='word_1_270' title='bbox 1274 2304 1480 2370; x_wconf 85' lang='grc' dir='ltr'>Πατέρα,</span> <span class='ocrx_word' id='word_1_271' title='bbox 1515 2302 1641 2369; x_wconf 73' lang='grc' dir='ltr'>εἴπερ</span> <span class='ocrx_word' id='word_1_272' title='bbox 1682 2304 1707 2353; x_wconf 85' lang='grc' dir='ltr'>ὁ</span> 
     </span>
     <span class='ocr_line' id='line_1_30' title="bbox 113 2385 1747 2455; baseline -0.002 -18"><span class='ocrx_word' id='word_1_273' title='bbox 113 2385 198 2449; x_wconf 88' lang='grc' dir='ltr'>μέν</span> <span class='ocrx_word' id='word_1_274' title='bbox 224 2387 328 2437; x_wconf 86' lang='grc' dir='ltr'>ἐστι</span> <span class='ocrx_word' id='word_1_275' title='bbox 352 2386 472 2437; x_wconf 83' lang='grc' dir='ltr'>κατὰ</span> <span class='ocrx_word' id='word_1_276' title='bbox 499 2386 649 2455; x_wconf 87' lang='grc' dir='ltr'>φύσιν</span> <span class='ocrx_word' id='word_1_277' title='bbox 676 2385 782 2452; x_wconf 84' lang='grc' dir='ltr'>ζωὴ,</span> <span class='ocrx_word' id='word_1_278' title='bbox 809 2387 834 2438; x_wconf 83' lang='grc' dir='ltr'>ὁ</span> <span class='ocrx_word' id='word_1_279' title='bbox 861 2385 908 2437; x_wconf 79' lang='grc' dir='ltr'>δὲ</span> <span class='ocrx_word' id='word_1_280' title='bbox 935 2385 1052 2452; x_wconf 84' lang='grc' dir='ltr'>ζωῆς</span> <span class='ocrx_word' id='word_1_281' title='bbox 1078 2389 1161 2451; x_wconf 86' lang='grc' dir='ltr'>τῆς</span> <span class='ocrx_word' id='word_1_282' title='bbox 1187 2387 1297 2453; x_wconf 89' lang='grc' dir='ltr'>παρ’</span> <span class='ocrx_word' id='word_1_283' title='bbox 1320 2386 1462 2436; x_wconf 80' lang='grc' dir='ltr'>αὐτοῦ</span> <span class='ocrx_word' id='word_1_284' title='bbox 1487 2385 1702 2451; x_wconf 83' lang='grc' dir='ltr'>μέτοχος.</span> <span class='ocrx_word' id='word_1_285' title='bbox 1725 2401 1747 2428; x_wconf 80' lang='lat' dir='ltr'>e</span> 
     </span>
     <span class='ocr_line' id='line_1_31' title="bbox 114 2463 1704 2538; baseline -0.001 -20"><span class='ocrx_word' id='word_1_286' title='bbox 114 2469 168 2519; x_wconf 84' lang='grc' dir='ltr'>οὐ</span> <span class='ocrx_word' id='word_1_287' title='bbox 201 2467 296 2535; x_wconf 79' lang='grc' dir='ltr'>γὰρ</span> <span class='ocrx_word' id='word_1_288' title='bbox 331 2468 389 2518; x_wconf 79' lang='grc' dir='ltr'>ἄν</span> <span class='ocrx_word' id='word_1_289' title='bbox 415 2491 484 2522; x_wconf 86' lang='grc' dir='ltr'>τις</span> <span class='ocrx_word' id='word_1_290' title='bbox 520 2467 609 2519; x_wconf 81' lang='grc' dir='ltr'>ἰ’δοι</span> <span class='ocrx_word' id='word_1_291' title='bbox 645 2467 700 2519; x_wconf 84' lang='grc' dir='ltr'>τὸ</span> <span class='ocrx_word' id='word_1_292' title='bbox 735 2467 990 2534; x_wconf 85' lang='grc' dir='ltr'>ζωοποιοῦν</span> <span class='ocrx_word' id='word_1_293' title='bbox 1015 2469 1063 2520; x_wconf 88' lang='grc' dir='ltr'>ἐν</span> <span class='ocrx_word' id='word_1_294' title='bbox 1089 2472 1156 2538; x_wconf 77' lang='grc' dir='ltr'>τῷ</span> <span class='ocrx_word' id='word_1_295' title='bbox 1187 2463 1541 2536; x_wconf 76' lang='grc' dir='ltr'>ζωοποιουμένῳ</span> <span class='ocrx_word' id='word_1_296' title='bbox 1567 2465 1704 2529; x_wconf 78' lang='grc' dir='ltr'>ποτὲ,</span> 
     </span>
     <span class='ocr_line' id='line_1_32' title="bbox 113 2548 1708 2620; baseline 0 -21"><span class='ocrx_word' id='word_1_297' title='bbox 113 2551 162 2600; x_wconf 87' lang='grc' dir='ltr'>ἐν</span> <span class='ocrx_word' id='word_1_298' title='bbox 206 2554 273 2620; x_wconf 73' lang='grc' dir='ltr'>τῷ</span> <span class='ocrx_word' id='word_1_299' title='bbox 327 2549 530 2620; x_wconf 74' lang='grc' dir='ltr'>δεομένῳ</span> <span class='ocrx_word' id='word_1_300' title='bbox 582 2548 666 2601; x_wconf 83' lang='grc' dir='ltr'>τὸν</span> <span class='ocrx_word' id='word_1_301' title='bbox 711 2551 972 2617; x_wconf 82' lang='grc' dir='ltr'>ἀπροσδεᾶ.</span> <span class='ocrx_word' id='word_1_302' title='bbox 1042 2550 1212 2601; x_wconf 81' lang='grc' dir='ltr'>οὐκοῦν</span> <span class='ocrx_word' id='word_1_303' title='bbox 1263 2551 1338 2600; x_wconf 78' lang='grc' dir='ltr'>καὶ</span> <span class='ocrx_word' id='word_1_304' title='bbox 1396 2549 1504 2599; x_wconf 85' lang='grc' dir='ltr'>καθ’</span> <span class='ocrx_word' id='word_1_305' title='bbox 1552 2548 1708 2614; x_wconf 72' lang='grc' dir='ltr'>’ἕτερον</span> 
     </span>
    </p>
   </div>
   <div class='ocr_carea' id='block_1_7' title="bbox 115 2709 1708 2979">
    <p class='ocr_par' dir='ltr' id='par_1_7' title="bbox 115 2709 1708 2979">
     <span class='ocr_line' id='line_1_33' title="bbox 164 2709 1706 2757; baseline -0.001 -11"><span class='ocrx_word' id='word_1_306' title='bbox 164 2722 195 2746; x_wconf 89' lang='grc'>2.</span> <span class='ocrx_word' id='word_1_307' title='bbox 221 2711 375 2756; x_wconf 78' lang='grc' dir='ltr'>ὑπάρχον</span> <span class='ocrx_word' id='word_1_308' title='bbox 392 2710 428 2745; x_wconf 84' lang='grc' dir='ltr'>ἐν</span> <span class='ocrx_word' id='word_1_309' title='bbox 445 2712 551 2757; x_wconf 81' lang='grc' dir='ltr'>ἑαυτῷ</span> <span class='ocrx_word' id='word_1_310' title='bbox 571 2710 613 2745; x_wconf 84' lang='grc' dir='ltr'><strong>Β.</strong></span> <span class='ocrx_word' id='word_1_311' title='bbox 703 2711 911 2755; x_wconf 82' lang='grc' dir='ltr'>μεταδίδωσι</span> <span class='ocrx_word' id='word_1_312' title='bbox 930 2712 973 2746; x_wconf 90' lang='grc' dir='ltr'><strong>Β.</strong></span> <span class='ocrx_word' id='word_1_313' title='bbox 1205 2723 1238 2754; x_wconf 79' lang='grc'><strong>4.</strong></span> <span class='ocrx_word' id='word_1_314' title='bbox 1266 2712 1386 2745; x_wconf 83' lang='grc' dir='ltr'>ἑαυτοῦ</span> <span class='ocrx_word' id='word_1_315' title='bbox 1406 2710 1500 2744; x_wconf 83' lang='grc' dir='ltr'><strong>Β.Ῑ).</strong></span> <span class='ocrx_word' id='word_1_316' title='bbox 1518 2710 1621 2744; x_wconf 79' lang='grc' dir='ltr'>αὐτοῦ</span> <span class='ocrx_word' id='word_1_317' title='bbox 1639 2709 1706 2745; x_wconf 87' lang='lat' dir='ltr'>Ed.</span> 
     </span>
     <span class='ocr_line' id='line_1_34' title="bbox 117 2757 1708 2804; baseline -0.001 -12"><span class='ocrx_word' id='word_1_318' title='bbox 117 2766 148 2804; x_wconf 88' lang='lat'>7.</span> <span class='ocrx_word' id='word_1_319' title='bbox 179 2757 261 2803; x_wconf 80' lang='grc' dir='ltr'>ζωὴ]</span> <span class='ocrx_word' id='word_1_320' title='bbox 283 2759 318 2801; x_wconf 77' lang='grc' dir='ltr'>ζῇ</span> <span class='ocrx_word' id='word_1_321' title='bbox 341 2758 383 2792; x_wconf 87' lang='grc' dir='ltr'>Β.</span> <span class='ocrx_word' id='word_1_322' title='bbox 526 2770 559 2803; x_wconf 88' lang='grc'>9.</span> <span class='ocrx_word' id='word_1_323' title='bbox 585 2758 903 2804; x_wconf 73' lang='grc' dir='ltr'>ἔτι-ἀφυλάκτως]</span> <span class='ocrx_word' id='word_1_324' title='bbox 924 2758 1243 2803; x_wconf 76' lang='grc' dir='ltr'>ἕπισυκοφαντοῦσί</span> <span class='ocrx_word' id='word_1_325' title='bbox 1259 2768 1356 2794; x_wconf 85' lang='grc' dir='ltr'>τινες·</span> <span class='ocrx_word' id='word_1_326' title='bbox 1384 2757 1708 2802; x_wconf 83' lang='grc' dir='ltr'>ἀθυρογλωττοῦσίν</span> 
     </span>
     <span class='ocr_line' id='line_1_35' title="bbox 115 2803 1704 2849; baseline -0.001 -10"><span class='ocrx_word' id='word_1_327' title='bbox 115 2819 203 2839; x_wconf 87' lang='grc' dir='ltr'>τινες</span> <span class='ocrx_word' id='word_1_328' title='bbox 219 2805 424 2849; x_wconf 83' lang='grc' dir='ltr'>ἀφυλάκτως</span> <span class='ocrx_word' id='word_1_329' title='bbox 442 2803 485 2838; x_wconf 88' lang='grc' dir='ltr'>Β.</span> <span class='ocrx_word' id='word_1_330' title='bbox 743 2816 797 2840; x_wconf 82' lang='lat'>12.</span> <span class='ocrx_word' id='word_1_331' title='bbox 822 2806 971 2849; x_wconf 81' lang='grc' dir='ltr'>αὐτοζωὴ</span> <span class='ocrx_word' id='word_1_332' title='bbox 992 2806 1033 2839; x_wconf 89' lang='grc' dir='ltr'><strong>Β.</strong></span> <span class='ocrx_word' id='word_1_333' title='bbox 1053 2806 1151 2840; x_wconf 78' lang='grc' dir='ltr'>αὐτὸς</span> <span class='ocrx_word' id='word_1_334' title='bbox 1170 2805 1233 2848; x_wconf 80' lang='grc' dir='ltr'>ζωὴ</span> <span class='ocrx_word' id='word_1_335' title='bbox 1254 2804 1321 2838; x_wconf 87' lang='lat' dir='ltr'>Ed.</span> <span class='ocrx_word' id='word_1_336' title='bbox 1586 2814 1639 2848; x_wconf 83' lang='lat'>13.</span> <span class='ocrx_word' id='word_1_337' title='bbox 1667 2805 1704 2847; x_wconf 77' lang='grc' dir='ltr'>ζῇ</span> 
     </span>
     <span class='ocr_line' id='line_1_36' title="bbox 115 2849 1707 2897; baseline -0.001 -12"><span class='ocrx_word' id='word_1_338' title='bbox 115 2856 199 2896; x_wconf 73' lang='lat' dir='ltr'>post</span> <span class='ocrx_word' id='word_1_339' title='bbox 216 2851 353 2895; x_wconf 79' lang='grc' dir='ltr'>Πατέρα</span> <span class='ocrx_word' id='word_1_340' title='bbox 370 2851 569 2895; x_wconf 82' lang='lat' dir='ltr'>transponit</span> <span class='ocrx_word' id='word_1_341' title='bbox 588 2851 630 2885; x_wconf 90' lang='grc' dir='ltr'>Β.</span> <span class='ocrx_word' id='word_1_342' title='bbox 666 2877 668 2881; x_wconf 86' lang='grc'><strong>-</strong></span> <span class='ocrx_word' id='word_1_343' title='bbox 814 2863 867 2896; x_wconf 89' lang='lat'>15.</span> <span class='ocrx_word' id='word_1_344' title='bbox 893 2852 1163 2897; x_wconf 80' lang='grc' dir='ltr'>ἀναδεχθὴσεται</span> <span class='ocrx_word' id='word_1_345' title='bbox 1182 2851 1224 2885; x_wconf 89' lang='grc' dir='ltr'>Β.</span> <span class='ocrx_word' id='word_1_346' title='bbox 1394 2861 1450 2885; x_wconf 81' lang='grc'><strong>20.</strong></span> <span class='ocrx_word' id='word_1_347' title='bbox 1476 2849 1644 2894; x_wconf 83' lang='grc' dir='ltr'>ποιήμασι</span> <span class='ocrx_word' id='word_1_348' title='bbox 1663 2850 1707 2884; x_wconf 87' lang='grc' dir='ltr'>Β.</span> 
     </span>
     <span class='ocr_line' id='line_1_37' title="bbox 116 2896 1707 2978; baseline 0 -46"><span class='ocrx_word' id='word_1_349' title='bbox 116 2908 173 2943; x_wconf 85' lang='grc'><strong>25.</strong></span> <span class='ocrx_word' id='word_1_350' title='bbox 199 2898 238 2978; x_wconf 55' lang='grc' dir='ltr'>δέ)</span> <span class='ocrx_word' id='word_1_351' title='bbox 258 2898 310 2932; x_wconf 83' lang='grc' dir='ltr'>καὶ</span> <span class='ocrx_word' id='word_1_352' title='bbox 328 2896 447 2942; x_wconf 78' lang='grc' dir='ltr'>ὅντως]</span> <span class='ocrx_word' id='word_1_353' title='bbox 468 2897 594 2933; x_wconf 84' lang='grc' dir='ltr'>δίκαιόν</span> <span class='ocrx_word' id='word_1_354' title='bbox 610 2913 682 2934; x_wconf 86' lang='grc' dir='ltr'>πως</span> <span class='ocrx_word' id='word_1_355' title='bbox 701 2897 742 2932; x_wconf 89' lang='grc' dir='ltr'>Β.</span> <span class='ocrx_word' id='word_1_356' title='bbox 982 2900 1038 2933; x_wconf 85' lang='grc'><strong>26.</strong></span> <span class='ocrx_word' id='word_1_357' title='bbox 1065 2898 1267 2942; x_wconf 85' lang='grc' dir='ltr'>τεθεώρηται</span> <span class='ocrx_word' id='word_1_358' title='bbox 1287 2896 1330 2932; x_wconf 93' lang='grc' dir='ltr'>Β.</span> <span class='ocrx_word' id='word_1_359' title='bbox 1571 2908 1627 2943; x_wconf 91' lang='lat'>29.</span> <span class='ocrx_word' id='word_1_360' title='bbox 1654 2898 1707 2932; x_wconf 77' lang='grc' dir='ltr'>καὶ</span> 
     </span>
     <span class='ocr_line' id='line_1_38' title="bbox 116 2956 249 2979; baseline 0 0"><span class='ocrx_word' id='word_1_361' title='bbox 116 2956 186 2979; x_wconf 81' lang='lat' dir='ltr'>Om·</span> <span class='ocrx_word' id='word_1_362' title='bbox 241 2971 249 2979; x_wconf 82' lang='lat'><strong>·</strong></span> 
     </span>
    </p>
   </div>
  </div>
 </body>
</html>
