2084 3317
119 130 343 187 v1.38,39.
386 132 462 173 IN
504 132 545 175 S.
579 131 915 174 JOANNEM.
977 129 1101 170 ΜΒ.
1134 128 1212 169 IV.
1274 128 1408 169 CAP.
1444 128 1477 167 1.
1619 128 1697 166 ιω

118 237 238 291 εἶναι’
257 241 359 291 ἐστι
383 246 466 292 τοῦ
492 244 622 304 Υἱοῦ,
650 243 724 292 καὶ
756 246 894 291 τοῦτο
928 240 1053 309 αὐτῷ
1089 237 1249 307 φύσις,
1276 237 1439 302 ὥσπερ
1467 237 1701 304 ἀνθρώπῳ

118 319 263 387 τυχὸν
288 322 316 384 ἡ
341 322 661 388 ἀνθρωπότης,
689 321 716 388 ἢ
754 322 978 389 ὑπάρχων
1001 319 1232 387 πρότερον
1257 318 1396 371 αὐτὸς
1431 320 1493 371 ὡς
1527 319 1575 368 ἐν
1603 318 1701 386 ἰδίῳ
1722 337 1742 363 e

118 401 252 471 λόγῳ
290 402 595 455 ὑποτάττεται
634 409 700 474 τῷ
732 406 901 470 Πατρὶ,
936 402 1100 469 ὥσπερ
1139 402 1220 453 οῦν
1257 399 1313 451 ἂν
1349 399 1392 450 εἴ
1425 422 1493 454 τις
1534 398 1703 463 νοήσαι

116 482 261 550 τυχὸν
286 485 354 535 ἐπ’
384 484 595 551 ἀγγέλου
622 489 694 537 καὶ
723 486 882 552 ἑτέρας
907 483 1032 538 τινὸς
1059 481 1297 548 δυνάμεως
1323 484 1535 547 λογικῆς.
1590 480 1704 531 ὅντα

75 581 96 620 5
118 563 212 631 γὰρ
236 571 385 617 ταῦτα
411 568 486 617 καὶ
515 569 784 636 ὑφεστῶτα,
812 566 894 619 τὸν
920 569 1003 631 τῆς
1031 568 1272 631 ὑποταγῆς
1298 565 1479 631 δέχεται
1506 560 1698 629 τρόπον.

193 650 252 697 ΕΖ
286 646 371 711 μὲν
397 648 479 698 οῦν
501 650 550 699 ἐν
575 652 641 718 τῷ
677 648 1023 700 ὑποτάττεσθαι
1060 652 1127 718 τῷ
1156 648 1311 713 Πατρὶ
1345 645 1399 696 τὸ
1434 643 1553 695 εἶναί
1584 653 1704 713 φατε

117 734 201 779 τοῦ
224 732 355 792 Υἱοῦ,
384 729 597 796 ὑποταγὴ
623 735 816 793 μᾶλλον
842 730 977 781 ἔσται
1003 731 1079 780 καὶ
1105 730 1193 797 οὐχ
1220 728 1331 782 υἱός.
1387 725 1486 778 εἶτα
1520 731 1620 781 πῶς
1653 728 1705 777 οῦ

119 811 241 874 λίαν,
277 811 378 862 εἶπέ
409 835 504 876 μοι,
538 818 793 879 ληροῦντες
831 811 1203 881 ἀναφανήσεσθε
1242 808 1443 869 λοιπόν;
1491 807 1706 874 ὑποταγὴ

117 892 211 959 γὰρ
246 892 361 957 αὐτὴ
398 895 504 945 καθ’
533 892 702 958 ἑαυτὴν
727 898 829 948 πῶς
854 892 912 944 ἂν
939 893 1203 960 ὑφεστάναι
1229 897 1381 943 νοοῖτο
1407 890 1472 954 μὴ
1499 891 1703 957 ἐνυπάρ-

51 997 99 1022 10
117 997 275 1042 χουσα
318 978 412 1025 τῶν
457 974 608 1026 ὅντων
651 978 742 1027 τινί
758 997 771 1038 3
828 974 887 1026 τά
929 974 1023 1042 γὰρ
1064 979 1257 1026 τοιαῦτα
1297 972 1753 1039 προϋποκειμε’νων(1

118 1056 384 1121 ἀναγκαίως
409 1062 504 1108 τῶν
524 1059 573 1108 ἐν
593 1056 660 1112 οἷς
685 1057 901 1124 γίνεσθαι
928 1062 1063 1126 φιλεῖ
1083 1056 1365 1120 συμβαίνειν
1386 1055 1501 1116 ἔθος,
1519 1056 1595 1105 καὶ
1622 1055 1709 1121 οὐχ

117 1137 295 1203 ἑτέρως.
351 1142 633 1204 θεωροῦνται
672 1139 720 1190 δὲ
759 1144 953 1204 μᾶλλον
989 1142 1095 1205 περὶ
1134 1137 1217 1192 τὰς
1257 1138 1435 1201 οὐσίας,
1468 1137 1570 1202 ἤτοι
1608 1141 1709 1190 ταῖς

119 1220 301 1274 οὐσίαις
350 1221 691 1285 συμβαίνοντα,
736 1221 885 1287 ἤγουν
932 1222 1188 1289 ὑφεστῶτα
1240 1219 1350 1270 καθ’
1398 1218 1552 1270 ἑαυτά.
1633 1220 1709 1269 καὶ

118 1299 282 1369 ὥσπερ
324 1303 543 1365 ἐπιθυμία
583 1301 739 1371 τυχὸν,
780 1304 807 1368 ἡ
848 1304 928 1354 ἐπί
964 1326 1008 1354 τι
1053 1307 1147 1354 τῶν
1185 1301 1335 1353 ὄντων
1373 1306 1593 1352 καλοῦσα
1634 1302 1710 1351 καὶ

51 1400 98 1439 15
121 1380 350 1453 φέρουσα,
377 1386 460 1435 οὐκ
487 1383 544 1436 ἂν
571 1385 777 1455 ὑπάρξαι
804 1386 912 1437 καθ’
942 1383 1124 1449 ἑαυτὴν,
1150 1386 1402 1435 ἐντίκτεται
1436 1383 1484 1434 δὲ
1519 1386 1710 1445 μᾶλλον

119 1470 186 1536 τῷ
224 1465 448 1534 δέχεσθαι
487 1468 739 1536 πεφυκότι·
786 1468 933 1521 οὕτως
971 1468 997 1531 ἡ
1038 1466 1251 1532 ὑποταγὴ
1291 1465 1570 1530 θελημάτων
1607 1463 1712 1515 τινὰ

119 1547 272 1615 ῥοπὴν
303 1550 668 1618 ὑπεμφαίνουσα
702 1549 822 1617 πρὸς
856 1549 910 1600 τὸ
947 1552 1041 1600 δεῖν
1076 1547 1429 1600 ὑποτάττεσθαί
1460 1570 1600 1610 τισιν,
1628 1547 1711 1598 οὐκ

120 1632 170 1682 ἐν
212 1630 304 1700 ἰδίᾳ
348 1632 492 1701 φύσει
543 1631 842 1698 νοηθήσεται,
887 1633 998 1682 ἀλλ’
1045 1633 1107 1686 ὡς
1151 1631 1303 1685 πάθος
1353 1630 1381 1695 ἦ
1433 1629 1631 1694 θέλησις
1681 1627 1751 1694 ἦε

120 1714 341 1778 ἐπιθυμία
377 1713 522 1781 τυχὸν
556 1713 727 1766 λοιπὸν
762 1714 1018 1783 ἐνυπάρξαι
1057 1718 1249 1778 μᾶλλον
1283 1717 1377 1764 τῶν
1415 1712 1564 1764 ὅντων
1602 1711 1707 1763 τινί.

50 1821 101 1847 20
121 1795 350 1847 ἄλλωστε
389 1795 443 1847 τὸ
482 1799 565 1860 τῆς
604 1798 844 1863 ὑποταγῆς
881 1795 1032 1859 ὄνομά
1062 1818 1111 1847 τε
1145 1797 1220 1846 καὶ
1251 1799 1465 1861 πρᾶγμα,
1498 1792 1597 1845 κατ’
1632 1793 1711 1844 οῦ-

120 1876 249 1931 δενὸς
274 1876 332 1928 ἂν
359 1883 511 1929 νοοῖτο
546 1880 714 1945 κυρίως
749 1878 1026 1945 ἀδιακρίτως
1061 1876 1345 1946 ἐκφωνηθέν,
1372 1877 1483 1927 ἀλλ’
1513 1874 1617 1927 οὐδὲ
1644 1874 1714 1926 ὅτι

121 1959 311 2029 φαῦλόν
337 1962 467 2011 ἐστιν
494 1960 521 2026 ἢ
549 1960 730 2027 ἀγαθόν
755 1984 825 2015 τις
852 1961 1178 2026 διαγνώσεται,
1206 1964 1244 2010 εἰ
1276 1958 1341 2023 μὴ
1372 1958 1715 2025 προσκείμενον

120 2041 218 2109 ε”χοι
256 2041 311 2093 τὸ
350 2042 473 2097 τίνος
512 2044 643 2094 ἐστὶν
675 2042 907 2108 ὑποταγή·
954 2040 1264 2093 ὑποτάττεται
1299 2039 1385 2104 μὲν
1417 2040 1510 2106 γάρ
1544 2062 1614 2093 τις
1648 2042 1715 2107 τῷ

121 2128 244 2193 Θεῷ,
283 2123 416 2176 ἀλλὰ
454 2126 529 2175 καὶ
569 2129 634 2194 τῷ
673 2123 901 2194 διαβόλῳ·
955 2126 1030 2175 καὶ
1071 2122 1237 2190 ὥσπερ
1275 2121 1329 2174 τὸ
1369 2121 1525 2191 σοφὸς
1564 2120 1712 2184 ὄνομα

1775 2197 1871 2229 Hier.
1889 2197 1934 2229 iv.

1778 2250 1792 2271 2
1801 2250 1827 2272 2.

121 2295 149 2318 ‘⁶
175 2289 324 2356 σοφοὶ
350 2287 398 2339 δὲ
425 2286 572 2339 πάλιν
600 2287 1023 2354 κληρονομήσουσι
1049 2287 1237 2357 δόξαν,”
1267 2286 1453 2354 ἔχοντες
1484 2284 1531 2336 δὲ
1566 2287 1714 2349 δῆλον
1776 2283 1934 2368 {mv-ffi-

122 2370 194 2422 ὅτι
233 2369 320 2434 τὴν
358 2371 539 2439 σοφίαν
579 2371 648 2422 ἐπ’
690 2371 902 2436 ἀγαθοῖς·
965 2370 1110 2423 οὕτως
1150 2369 1178 2433 ἡ
1218 2367 1432 2434 ὑποταγὴ
1469 2364 1753 2431 μεσότητάῆ
1787 2377 1869 2411 335
1883 2374 1938 2410 A·

53 2229 100 2268 ²5
120 2206 271 2270 μέσον
309 2230 353 2258 τι
395 2208 512 2257 ἐστί·
556 2214 583 2236 “
606 2209 755 2276 σοφοὶ
792 2205 888 2272 γάρ
929 2209 1022 2256 εἶσι
1060 2211 1144 2257 τοῦ
1183 2203 1538 2268 κακοποιῆσαί”
1578 2225 1712 2263 τινες,

123 2475 227 2504 τινα
251 2456 443 2516 μᾶλλον
469 2452 576 2520 ἔχει,
602 2454 677 2503 καὶ
705 2454 787 2503 οὐκ
820 2451 1046 2517 ἀλήθειαν
1072 2450 1360 2518 ὡρισμένως.
1416 2450 1596 2513 ἄδηλον
1621 2447 1715 2514 γὰρ

123 2535 248 2588 τίνος
283 2534 408 2589 ὅλως
444 2534 659 2601 ὑποταγὴ
695 2535 843 2586 ἔσται.
894 2538 1160 2600 τοιγαροῦν,
1186 2536 1260 2582 καὶ
1287 2533 1357 2582 ἐπ’
1385 2530 1580 2595 ἀδήλοις
1606 2531 1715 2594 ἡμῖν

54 2617 152 2681 3οἡ
179 2622 262 2668 τοῦ
287 2619 406 2668 Υἱοῦ
436 2616 597 2685 φύσις,
623 2621 660 2669 εἰ
697 2621 849 2670 νοοῖτο
885 2617 995 2682 παρ’
1025 2617 1154 2679 ὑμῶν
1183 2612 1414 2679 ὑποταγή.
1471 2612 1594 2666 τίνος
1621 2611 1714 2679 γὰρ

173 2791 205 2825 3.
233 2780 273 2813 ἂν
291 2779 349 2814 οὖν
365 2779 504 2814 inverso
522 2779 644 2814 ordine
663 2779 705 2814 B.
779 2779 883 2823 νοήσῃ
904 2779 945 2813 Β.
1090 2791 1123 2821 4.
1150 2779 1190 2812 τὰ
1208 2788 1271 2822 pro
1289 2775 1368 2810 ὅντα
1388 2775 1430 2809 Β.
1575 2775 1607 2808 8.
1635 2774 1714 2809 ἀνα-

126 2826 294 2871 φαίνεσθε
314 2826 356 2860 Β.
628 2826 681 2861 16.
708 2825 726 2870 ἡ
746 2838 816 2861 om.
838 2826 878 2860 B.
1153 2835 1206 2869 19.
1231 2824 1353 2857 λοιπὸν
1369 2826 1590 2866 assumptum
1610 2832 1650 2855 ex
1670 2821 1715 2855 B.

128 2884 183 2916 24.
210 2872 341 2918 σοφὸς]
367 2874 489 2918 σοφῶν
509 2873 549 2907 Β.
759 2883 814 2919 25.
841 2873 874 2907 τί
891 2872 966 2907 ἐστι
984 2872 1090 2915 μέσον
1110 2870 1151 2905 Β.
1367 2868 1424 2903 26.
1449 2868 1484 2903 δέ
1503 2869 1561 2903 alt.
1581 2879 1652 2903 om.
1671 2867 1715 2903 Β.

128 2947 183 2980 29.
210 2928 305 2971 ἕστάι
329 2936 372 2969 D.

866 3004 985 3044 3R2
