2073 3296
62 888 156 920 Infra
168 888 223 920 xii.

64 932 116 971 46.

285 125 340 164 86
683 125 732 166 B.
766 125 1045 166 CYRILLI
1086 125 1467 166 ALEXANDR.
1783 123 1810 162 i.
1829 131 1869 175 5.

286 231 455 301 ἔχοντα
488 235 563 284 καὶ
598 234 716 285 αὐτὰ
751 234 804 286 τὸ
837 233 952 286 εἶναι
989 234 1042 286 τὸ
1076 239 1192 303 φῶς,
1225 234 1388 301 ὥσπερ
1423 235 1504 285 οὖν
1536 233 1699 297 ἀμέλει
1735 233 1811 283 καὶ
1846 232 1871 282 ὁ

246 332 268 358 θ
286 312 401 369 Υἱὸς
427 312 541 366 εἶναι
569 317 617 366 ἐν
642 317 851 379 ἑαυτοΐς;
891 315 1022 367 ἀλλά
1047 315 1207 384 χρῄζει
1233 322 1315 367 τοῦ
1342 314 1624 384 φωτίζοντος
1649 315 1678 378 ἡ
1705 315 1872 376 κτίσις,

287 396 467 448 οἴκοθεν
500 398 584 448 οὐκ
621 397 801 465 ε”χουσα
838 404 991 449 τοῦτο.
1065 397 1186 452 Θεὸς
1224 398 1316 464 ἄρα
1355 396 1473 449 κατὰ
1512 396 1662 465 φύσιν
1690 397 1715 447 ὁ
1742 395 1870 458 Υἱὸς,

286 479 363 528 καὶ
401 477 478 529 διὰ
515 483 653 529 τοῦτο
692 483 808 547 φῶς,
849 482 911 533 ὡς
949 478 1009 530 τὰ
1047 477 1206 547 φωτὸς
1245 479 1440 543 δεόμενα
1478 477 1694 547 φωτίζειν
1733 476 1871 529 δυνά-

285 582 439 623 μενος.
1890 570 1913 608 5

362 662 494 692 ΑΛΛο.
535 645 644 695 Φῶς
682 641 802 693 κατὰ
840 641 990 710 φύσιν
1029 641 1254 709 ὑπάρχων
1289 641 1314 691 ὁ
1351 639 1479 705 Υἱὸς,
1510 640 1539 706 ἢ
1579 638 1733 707 ἕτερός
1771 641 1874 691 ἐστι

286 722 417 790 παρὰ
460 722 546 788 τὴν
590 724 761 787 κτίσιν,
802 727 950 788 δῆλον
995 723 1043 775 δὲ
1090 723 1162 774 ὅτι
1204 721 1324 773 κατὰ
1367 721 1450 773 τὸν
1491 728 1574 774 τοῦ
1616 726 1717 776 πῶς
1760 718 1875 772 εἶναι

287 804 449 871 λόγον,
496 802 526 870 ἢ
579 804 793 874 ὁμοφυὴς
839 806 973 873 αὐτῇ.
1044 809 1082 856 εἰ
1130 803 1215 869 μὲν
1259 805 1342 855 οὖν
1383 802 1608 870 ὁμογενής
1652 804 1756 853 ἐστι
1799 803 1876 853 καὶ

288 886 552 951 ὂμοούσιος,
578 886 745 951 μάτην,
772 890 834 941 ὡς
871 888 1029 950 ἔοικεν,
1056 887 1168 951 ἡμῖν
1198 886 1483 954 ἐπεφοίτησε
1517 884 1673 951 λέγων
1697 891 1726 914 “
1744 882 1876 950 Ἐγὼ

289 974 315 999 “
343 972 443 1038 φῶς
475 972 538 1022 εἰς
570 969 653 1019 τὸν
679 967 863 1032 κόσμον
888 967 1146 1032 ἐλήλυθα·”
1189 967 1281 1035 ε”χει
1317 965 1411 1033 γὰρ
1446 966 1475 1030 ἡ
1511 966 1663 1019 κτίσις
1697 965 1877 1017 οἴκοθεν
1898 984 1946 1008 10

286 1048 340 1101 τὸ
367 1054 469 1118 φῶς
495 1049 610 1101 εἶναι
636 1052 713 1101 καὶ
745 1050 878 1115 αὐτή·
922 1054 1025 1119 φῶς
1060 1048 1108 1100 δὲ
1142 1048 1301 1118 φωτὸς
1334 1047 1579 1115 ἀμέτοχον,
1605 1047 1680 1098 ἵνα
1717 1049 1878 1111 νοῆται

64 1148 121 1181 58
138 1146 189 1180 A.
246 1137 403 1201 ἢφῶς·
461 1136 497 1184 εἰ
538 1132 586 1183 δὲ
625 1133 707 1183 οὐκ
746 1132 877 1183 ε”στιν
917 1131 1145 1200 ὁμοφυὴς,
1184 1133 1328 1182 δεῖται
1368 1129 1415 1181 δὲ
1455 1128 1613 1199 φωτὸς
1652 1130 1679 1193 ἡ
1725 1129 1877 1183 κτίσις

67 1216 80 1238 1
94 1208 168 1239 Cor.
181 1208 223 1240 ἰν.

66 1258 95 1292 7.

287 1213 540 1265 ἀκούσασα
568 1222 594 1244 “
615 1215 681 1266 Τί
702 1213 795 1280 γὰρ
831 1213 948 1281 ε”χεις
986 1212 1010 1264 ὃ
1043 1214 1127 1263 οὐκ
1158 1211 1371 1275 ἐ’λαβες,”
1401 1212 1665 1277 ἀναγκαίως
1698 1212 1787 1277 ἤδη
1822 1210 1877 1262 τὸ

287 1294 401 1347 εἶναι
445 1296 640 1362 γενητὸς
686 1297 710 1347 ὁ
750 1295 865 1349 Υἱὸς
903 1294 1220 1364 διαφεύξεται,
1259 1292 1565 1363 συνεξὲλκων
1603 1295 1751 1361 ἑαυτῷ
1795 1296 1878 1357 τῆς

286 1378 482 1431 κτίσεως
509 1377 563 1428 τὸ
591 1377 708 1428 ’ίδιον
735 1375 933 1442 ἀγαθόν·
975 1377 1029 1427 οὐ
1056 1375 1150 1442 γὰρ
1175 1376 1203 1440 ἡ
1231 1375 1382 1428 κτίσις
1408 1375 1543 1426 ἔσται
1578 1373 1698 1425 κατὰ
1729 1374 1878 1442 φύσιν
1899 1393 1946 1433 15

285 1456 341 1510 τὸ
369 1463 485 1528 φῶς,
512 1457 672 1527 φωτὸς
699 1457 748 1509 δὲ
772 1463 963 1521 μᾶλλον
990 1457 1184 1522 δεομένη
1211 1458 1287 1508 καὶ
1312 1457 1523 1525 μέτοχος.

360 1561 492 1590 ΑΛΛΟ.
532 1544 591 1591 ΕΖ
630 1539 762 1591 οὐδὲν
801 1542 965 1592 ἑαυτοῦ
1003 1540 1219 1607 μέτοχον,
1254 1538 1436 1607 μετέχει
1473 1537 1521 1589 δὲ
1560 1539 1587 1602 ἡ
1626 1538 1778 1592 κτίσις
1816 1539 1880 1592 ὡς

287 1621 447 1690 φωτὸς
480 1628 564 1674 τοῦ
590 1626 723 1674 Υὶοῦ·
769 1623 853 1673 οὐκ
889 1622 981 1689 ἄρα
1015 1622 1166 1675 κτίσις
1204 1620 1358 1685 αὐτὸς,
1385 1621 1494 1671 ἀλλ’
1523 1618 1627 1671 οὐδὲ
1661 1620 1689 1684 ἡ
1725 1619 1879 1674 κτίσις

285 1704 341 1756 τὸ
369 1708 485 1773 φῶς,
512 1704 628 1770 ὅπερ
652 1705 784 1754 ἐστὶν
811 1705 836 1754 ὁ
862 1702 990 1757 Υἱός.

361 1806 493 1836 AAAO.
544 1789 602 1836 Ei
641 1784 694 1836 τὸ
736 1785 951 1854 φωτίζειν
989 1783 1160 1851 ἕτερον,
1200 1782 1357 1851 ἕτερον
1396 1783 1449 1835 δέ
1483 1784 1586 1834 ἐστι
1624 1781 1679 1833 τὸ
1723 1781 1875 1850 φωτί·
1900 1805 1950 1830 20

241 1882 268 1923 b
289 1867 465 1935 ζεσθαι,
509 1870 572 1922 ὡς
617 1867 824 1934 ἐνέργεια
871 1868 947 1918 καὶ
988 1866 1155 1930 ποίθος,
1197 1868 1274 1917 καὶ
1318 1865 1508 1935 φωτίζει
1552 1863 1638 1929 μὲν
1680 1865 1705 1914 ὁ
1749 1861 1878 1926 Υἱὸς,

289 1949 536 2018 φωτίζεται
568 1948 616 2000 δὲ
648 1949 677 2013 ἡ
712 1949 879 2003 κτίσις”
922 1950 1005 2000 οὐκ
1031 1948 1321 2015 ἄρα-ταύτὸν
1345 1947 1461 2002 Υἱὸς
1487 1948 1562 1999 καὶ
1588 1947 1756 2009 κτίσις,
1781 1946 1879 1996 ἐπεὶ

288 2028 405 2095 μηδὲ
431 2030 486 2082 τὸ
512 2032 731 2098 ἐνεργοῦν
756 2034 823 2100 τῷ
849 2029 1181 2100 ἐνεργουμένῳ.

370 2239 445 2282 Καὶ
482 2238 529 2282 τὸ
568 2239 663 2296 φώο
699 2240 744 2282 ἐν
782 2244 833 2299 τῷ
871 2238 1017 2298 σκοτίᾳ
1055 2238 1212 2296 φαίνει,
1250 2240 1319 2281 καὶ
1358 2239 1381 2281 ἡ
1421 2237 1568 2281 σκοτία
1607 2238 1711 2281 αὐτὸ
1749 2237 1797 2279 οὐ

961 2334 1205 2384 κατέλαβεν.
1902 2339 1951 2379 25

361 2459 658 2525 Ἀναγκαίως
684 2459 794 2524 ἡμῖν
821 2460 846 2510 ὁ
881 2459 1166 2526 σοφώτατος
1193 2456 1573 2524 Εὐαγγελιστὴς,
1599 2455 1685 2520 τὴν
1711 2457 1759 2506 ἐν
1784 2459 1882 2509 τοῖς

289 2547 597 2608 προλαβοῦσι
635 2541 832 2608 θεωρίαν
871 2541 1179 2592 ἐκπλατύνειν
1215 2542 1289 2590 καὶ
1328 2538 1404 2590 διὰ
1441 2543 1536 2590 τῶν
1563 2539 1882 2605 προκειμένων

249 2624 537 2690 οέπείγεται.
616 2625 670 2675 οὐ
720 2622 814 2690 γὰρ
865 2621 1017 2688 δήπου
1067 2627 1163 2676 τοῖς
1219 2621 1529 2688 ἀκροωμένοις
1587 2620 1882 2689 ἀποχρήσειν

342 2796 372 2818 1.
398 2785 594 2830 Assumpta
610 2786 649 2820 τὸ
667 2786 726 2819 alt.
745 2796 786 2818 ex
806 2784 861 2825 B„
879 2785 897 2818 ὁ
915 2796 956 2818 ex
976 2784 1117 2818 B.D.E.
1378 2794 1409 2818 2.
1436 2781 1518 2818 εἶναι
1536 2789 1758 2828 assumptum
1775 2795 1817 2817 ex
1835 2782 1880 2819 Β.

290 2831 403 2866 αὐτοῖς
422 2832 455 2865 D
474 2844 546 2876 mg.
566 2833 672 2878 ἑαυτῷ
692 2831 756 2866 Ed.
777 2843 848 2875 mg.
1052 2841 1085 2875 3.
1111 2829 1228 2875 τοῦτο]
1248 2831 1286 2864 τὸ
1303 2830 1384 2864 αὐτό
1403 2830 1445 2864 Β.
1650 2831 1684 2865 8.
1710 2829 1728 2873 ἦ
1747 2841 1817 2863 om.
1836 2829 1880 2863 B.

294 2887 347 2912 12.
373 2878 409 2910 δέ
430 2878 488 2913 alt.
504 2890 574 2912 om.
594 2878 636 2912 B.
701 2876 882 2912 ἀκούσασα
899 2877 917 2921 ἡ
935 2876 1044 2923 φύσις
1062 2877 1104 2911 Ε.
1258 2886 1311 2921 17.
1337 2876 1481 2921 μετέχον
1500 2876 1542 2911 Β.
1696 2887 1751 2921 23.
1777 2874 1878 2920 μηδὲ]

290 2923 326 2956 δὲ
344 2923 388 2967 μὴ
407 2924 448 2958 E.
584 2925 726 2969 2S.-p.
740 2925 795 2968 87,
817 2935 848 2958 2.
876 2924 932 2958 Ad
951 2923 1117 2969 ἐπείγεται
1136 2923 1319 2968 conjungit
1336 2923 1439 2958 verba
1458 2923 1504 2958 εἷς
1521 2922 1560 2957 τὸ
1578 2922 1880 2959 δύνασθαι-,Θεοῦ
