2084 3317
126 160 197 202 vii.
218 174 284 215 24.
342 164 416 206 IN
458 166 499 206 S.
534 167 869 210 JOANNEM.
932 171 1057 212 LIB.
1092 173 1170 213 IV.
1233 175 1365 216 CAP.
1392 177 1494 216 VII.
1627 179 1706 218 631

199 271 388 323 Οὐκοῦν
423 275 684 342 ἐπειδήπερ·
728 278 1034 343 ἀναβήσομαι
1072 281 1165 348 γὰρ
1204 285 1279 334 ἐπὶ
1317 284 1403 348 τὴν
1438 291 1521 336 τοῦ
1560 285 1710 351 λόγου

121 350 313 416 πρώτην
338 377 388 404 τε
415 378 489 406 και
517 359 893 425 ἀναγκαιοτάτην
920 362 1089 429 ἀρχήν·
1128 365 1496 431 προαγνίζεσθαι
1521 366 1710 421 πάντως

121 431 264 498 ἐχρῆν
289 434 397 488 τοῦς
431 442 494 491 εἷς
528 439 786 506 οἰκειότητα
821 443 1075 511 τρέχοντας
1109 447 1175 495 τῶ
1202 447 1321 516 ἀγίω
1349 451 1475 517 Θεῶ,
1504 448 1624 500 κατὰ
1655 449 1709 500 τὸ

117 512 227 578 παρ’
255 516 397 568 αὐτοῦ
426 519 684 584 λεγόμενον
711 522 919 590 ““Αγιοι
954 525 1140 585 εσεσθε,
1171 551 1241 579 οτι
1275 528 1368 594 ἐγὼ
1405 528 1535 596 ἅγιός
1570 534 1675 594 εἰμι·
1682 530 1707 547 '’
1770 532 1850 606 {ew
1864 533 1932 565 ⁸5⁸·

77 612 98 650 5
119 593 425 658 σύμβολον
399 608 635 665 αγνισμοῦ
663 602 738 654 διὰ
764 608 846 669 τῆς
873 607 920 656 ἐν
946 609 1090 673 σαρκὶ
1116 613 1368 674 περιτομῆς
1394 616 1490 666 τοῖς
1516 613 1746 679 ἀρχαιο-ο

117 674 266 741 τέροις
311 680 513 747 ὡριζετο·
577 707 651 735 και
696 685 838 745 ὅπως,
881 689 1088 755 ἐροῦμεν.
1162 690 1248 755 τὴν
1290 697 1386 743 τῶν
1429 694 1538 745 καθ’
1585 694 1708 758 ἡμᾶς

116 759 413 825 πραγμάτων
438 766 868 865 διευκρινησάμενοι
895 771 1060 838 φύσιν,
1089 773 1318 839 ἁμαρτίας
1355 775 1546 840 ἁπάσης
1580 799 1704 842 προ-

116 842 406 908 βαδίζουσαν
443 846 615 911 ἡδονὴν
653 850 930 916 εὑρήσομεν·
992 855 1067 904 καὶ
1107 860 1246 906 καλεῖ
1278 879 1347 910 τις
1385 857 1506 921 ἡμᾶς
1545 862 1607 911 εἷς
1651 881 1705 909 το

115 927 414 986 πλημμελεῖν
439 929 658 992 ἐπιθυμία
685 933 831 996 θερμὴ
858 936 940 997 τῆς
965 936 1196 1002 ἐνεργείας
1222 939 1290 988 ἀεὶ
1317 962 1699 1007 προανισχουσα,

46 1026 95 1052 10
114 1005 190 1054 καὶ
228 1003 314 1068 τὴν
351 1010 434 1071 τῆς
472 1012 675 1065 διανοίας
715 1013 913 1065 σύνεσιν
950 1018 1339 1085 προαρπάζουσα,
1378 1020 1612 1072 πείθουσά
1652 1045 1703 1072 τε

113 1085 234 1136 οὕτω
273 1088 444 1140 λοιπὸν
475 1093 549 1143 ἐπὶ
587 1092 672 1157 τὴν
704 1099 799 1145 τῶν
830 1098 1105 1163 αἱρεθεντων
1131 1101 1427 1170 διεξαγωγὴν
1454 1103 1530 1154 διὰ
1568 1110 1697 1154 λειο-

111 1187 255 1232 τατης
300 1171 524 1239 ἔρχεσθαι
567 1178 651 1239 τῆς
702 1178 828 1229 ὁδοῦ.
903 1182 1058 1245 ἀληθῆ
1105 1181 1159 1232 δέ
1194 1206 1295 1237 πως
1338 1184 1452 1236 ὅντα
1496 1208 1579 1236 τον
1624 1187 1700 1237 ἐπὶ

110 1248 292 1305 τούτοις
325 1253 457 1317 ἡμῶν
489 1255 637 1322 λόγον
671 1261 921 1328 ἀποφαινει
956 1262 1112 1328 λεγων
1147 1265 1172 1315 ὁ
1208 1269 1426 1331 Χριστοῦ
1461 1267 1692 1333 μαθητὴς,
1716 1279 1744 1320 d

110 1331 232 1382 οὕτω
273 1338 403 1393 βοῶν
445 1341 674 1403 αΜηδεις
718 1342 1047 1409 πειραζόμενος
1091 1347 1270 1411 λεγετω
1316 1348 1387 1399 ὅτι
1431 1348 1524 1400 ἀπο
1571 1353 1696 1402 Θεοῦ
1759 1355 1920 1441 {³52³-

43 1425 90 1463 15
111 1417 138 1440 “
162 1414 454 1482 πειράζομαι·
501 1420 525 1469 ὁ
561 1421 654 1486 γὰρ
681 1421 802 1477 &eos
838 1426 1125 1492 ἀπείραστός
1159 1430 1263 1479 ἐστι
1299 1435 1468 1489 κακῶν,
1497 1431 1696 1499 πειράζει

108 1499 137 1522 “
161 1494 210 1546 δὲ
254 1498 394 1553 αὐτὸς
435 1502 685 1565 οὐδένα,
658 1526 859 1560 εκαστος
910 1507 959 1558 δε
1009 1509 1273 1576 πειράζεται
1317 1512 1407 1563 ὑπὸ
1454 1516 1537 1577 τῆς
1581 1515 1697 1568 ἰδίας

109 1578 406 1642 “ε’πιθυμιάς
440 1583 746 1651 εξελκόμενος
781 1610 856 1638 και
892 1590 1238 1657 δελεαζόμενος·
1288 1592 1385 1645 εἶτα
1416 1595 1444 1659 ἡ
1479 1597 1699 1660 ἐπιθυμία

108 1664 135 1688 “
160 1667 490 1722 συλλαβοῦσα
517 1667 657 1718 τίκτει
684 1669 929 1736 ἁμαρτίαν,
956 1672 983 1736 ἡ
1011 1672 1060 1723 δὲ
1087 1675 1290 1741 ἁμαρτία
1317 1678 1697 1729 ἀποτελεσθεῖσα

107 1745 134 1769 “
161 1744 354 1795 ἀποκύει
390 1746 641 1799 θάνατον.”
695 1751 806 1820 ὁρᾷς
842 1753 923 1803 οῦν
955 1753 1082 1808 ὅπως
1117 1757 1165 1806 ἐν
1190 1759 1452 1821 ἐπιθυμίαις
1486 1765 1586 1813 ταῖς
1620 1762 1700 1812 ε’πί

35 1845 86 1871 20
105 1845 233 1875 τισιν
271 1826 299 1890 ἡ
338 1830 421 1891 τῆς
461 1831 762 1897 φαυλότητος
799 1838 1241 1903 προδημιουργεῖται
1285 1840 1483 1905 γε’νεσις,
1525 1844 1601 1892 καὶ
1646 1845 1694 1893 ἐν

105 1906 319 1961 ἐκτόποις
364 1910 550 1973 ἡδοναῖς
595 1912 654 1963 τὰ
699 1917 781 1979 τῆς
825 1917 1054 1982 ἁμαρτίας
1099 1926 1492 1990 προκυοφορεῖται
1535 1946 1732 1990 σπερ·ε

101 2009 258 2051 ματα,
308 1992 596 2057 προστάττει
630 2003 880 2062 τοιγαροῦν
916 2000 940 2049 ὁ
976 2002 1231 2066 νομοθετης
1267 2026 1341 2054 και
1378 2003 1499 2058 Θεὸς
1535 2007 1690 2076 ἐκεινῳ

101 2067 158 2133 δὴ
196 2069 415 2133 μάλιστα
453 2079 520 2125 τῶ
558 2078 707 2148 μορίω
745 2086 828 2130 τοῦ
867 2081 1107 2146 σώματος,
1141 2085 1188 2134 ε’ν
1223 2083 1260 2134 ὡ
1299 2088 1374 2136 καὶ
1413 2088 1467 2137 δι’
1503 2087 1557 2138 οὗ
1595 2094 1690 2139 τῶν

98 2150 279 2213 ἡδονῶν
317 2155 344 2219 ἡ
384 2179 582 2221 γενεσις,
623 2182 705 2210 τον
742 2184 1076 2229 περιτεμνοντα
1120 2166 1320 2233 σιδηρον
1358 2169 1685 2237 ἐπιφέρεσθαι,

29 2244 79 2284 ²5
99 2231 174 2283 ἵνα
208 2234 265 2298 δὴ
301 2236 470 2299 μάθοις
509 2242 571 2294 ὡς
602 2242 658 2292 δι’
687 2244 975 2308 αινίγματος,
1002 2248 1064 2300 ὡς
1100 2249 1345 2316 ἀμήχανον
1371 2251 1493 2314 ἡμᾶς
1527 2253 1684 2320 ὀφθή-

98 2319 278 2366 σεσθαί
300 2341 413 2369 ποτε
440 2322 684 2387 καθαροὺς,
711 2329 748 2376 εὶ
772 2326 837 2390 μὴ
863 2332 946 2378 τοῦ
972 2329 1096 2380 θείου
1122 2328 1272 2395 λόγου
1299 2331 1384 2396 τὴν
1410 2334 1687 2431 τομωτάτην

98 2396 331 2462 ἐνεργειαν
368 2402 417 2451 ἐν
455 2405 620 2473 καρδία
659 2405 921 2475 δεξάμενοι,
963 2432 1039 2461 και
1078 2435 1139 2465 εις
1179 2419 1289 2463 νοῦν
1326 2415 1558 2476 λαβόντες
1598 2416 1684 2481 τὴν

95 2484 179 2529 τοῦ
220 2481 496 2544 Πνεύματος
539 2485 792 2554 μάχαιραν,
835 2490 919 2544 τὰς
960 2493 1033 2558 ἐφ’
1075 2516 1227 2544 απασι
1271 2500 1367 2548 τοῖς
1412 2500 1682 2564 αἶσχιστοις

93 2560 335 2625 ἐπιθυμιας
382 2566 782 2635 ἀποπεμψόμεθα,
819 2572 1105 2638 πράττοντες
1149 2598 1233 2638 μεν
1272 2578 1486 2641 οὐδαμῶς
1530 2579 1588 2630 τὰ
1632 2583 1681 2632 ἐν

144 2736 171 2758 Ι.
199 2725 319 2760 οἰκοιν
337 2727 516 2773 ἐπειδήπερ
535 2741 604 2764 om.
626 2731 668 2765 Β.
757 2733 829 2779 ἐπι]
850 2735 896 2770 εἷς
917 2735 958 2769 Β.
1154 2748 1185 2771 2.
1212 2752 1354 2795 προαγιι
1346 2739 1493 2786 ἵζεσθαι]
1519 2745 1555 2781 -1-
1577 2742 1613 2775 δε
1634 2741 1675 2776 Β.

92 2770 219 2805 Statim
236 2774 370 2809 πάντως
386 2774 488 2819 ἐχρῆν
505 2784 686 2822 assumpta
704 2791 744 2813 ex
765 2781 807 2814 Β.
927 2793 961 2827 3.
988 2783 1192 2828 οἰκειότητα]
1212 2784 1374 2830 ἁγιότητα
1394 2786 1435 2820 Β.
1560 2801 1591 2830 4.
1620 2790 1676 2822 λε-

90 2819 234 2863 γόμενον
252 2819 295 2854 Β.
313 2822 520 2866 λελεγμενον
538 2823 605 2857 Ed.
685 2826 751 2867 εἶμι
769 2836 992 2873 assumptum
1010 2841 1051 2863 ex
1071 2830 1112 2864 B.
1134 2831 1222 2874 (15.)
1402 2845 1455 2876 14.
1479 2834 1610 2880 μηδεὶς]
1636 2840 1672 2876 -ὖ-

92 2864 179 2899 οῧτω
198 2865 240 2899 Β.
388 2879 440 2913 19.
467 2869 605 2904 ἀποκὺει
623 2871 665 2905 Β.
684 2872 754 2906 κύει
772 2874 839 2908 Ed.
985 2885 1039 2918 25.
1064 2877 1183 2921 μάθοις
1202 2879 1248 2913 D.
1264 2879 1372 2923 μάθῃς
1391 2880 1457 2914 Ed.
1530 2881 1676 2926 ὀφθῆναι

95 2911 136 2945 B.
213 2911 340 2947 Statim
359 2915 523 2959 καθαρούς
539 2931 621 2951 ποτε
639 2918 778 2954 inverso
796 2920 919 2955 ordine
937 2921 980 2958 Β.
1269 2926 1324 2960 28.
1351 2925 1546 2972 αἰσχίστοις
1565 2928 1606 2963 Β.
1625 2929 1677 2963 αἷ-

92 2960 213 3003 σχροῖς
232 2960 298 2994 Ed.
