2084 3317
347 117 429 155 106
747 118 797 158 B.
831 118 1104 160 CYRILLI
1145 120 1523 161 ALEXANDR.
1846 121 1871 161 i.
1891 134 1931 175 9.

346 224 400 273 οὐ
449 224 751 279 πιστεύοντες
802 227 1040 278 ἀπολέσαι
1087 226 1141 279 τὸ
1192 232 1314 296 φῶς,
1366 231 1405 279 οἱ
1461 233 1563 297 φῶς
1614 228 1732 281 κατὰ
1784 227 1935 297 φύσιν

347 304 665 372 ὑπάρχοντεςς
715 306 840 372 εἴπερ
880 307 1004 363 ὅλως
1042 309 1274 376 ἐνδέχεται
1312 309 1398 373 τὴν
1435 309 1636 375 γενητὴν
1674 311 1842 362 οὐσίαν
1879 309 1934 361 τὸ

347 391 449 452 φῶς
473 385 587 438 εἶναι
612 388 665 439 τὸ
693 388 933 451 ἀληθινόν.
986 392 1062 440 καὶ
1086 395 1186 443 πῶς
1222 388 1281 440 ἂν
1307 390 1488 455 γένοιτο
1522 391 1660 443 τοῦτό
1695 414 1837 454 ποτε,
1880 392 1934 442 οὐ

344 467 438 532 γὰρ
472 469 546 519 ἐπὶ
580 473 674 520 τῶν
709 472 948 523 οὐσιωδῶς
983 469 1265 536 προσόντων
1297 473 1423 523 τισὶν
1454 475 1500 523 αἱ
1534 473 1781 539 στερήσεις
1815 472 1935 525 κατὰ

344 547 397 598 τὸ
437 550 664 604 παντελὲς
702 551 751 600 ἐκ
787 551 1018 619 ῥᾳθυμίας
1056 553 1421 617 συμβαίνουσιν,
1456 555 1568 604 ἀλλ’
1604 556 1676 623 ἐφ’
1713 553 1778 606 ῶν
1814 553 1871 606 ἂν
1904 555 1976 619 ἡ5

345 630 539 694 θέλησις
574 631 659 696 τὴν
692 635 861 696 κτῆσιν
895 632 1158 700 ἐργάζηται,
1190 636 1266 685 καὶ
1301 636 1374 686 ἐπὶ
1409 639 1503 686 τῶν
1536 635 1632 686 ὅσα
1668 635 1724 701 δὴ
1755 636 1935 704 πέφυκε

345 713 698 778 προσγίνεσθαί
718 737 768 765 τε
795 719 870 766 καὶ
896 716 1209 781 ἀπογίνεσθαι
1235 718 1377 784 χωρὶς
1402 719 1484 781 τῆς
1516 723 1600 768 τοῦ
1635 718 1936 781 ὑποκειμένου

124 806 177 841 '72
201 805 251 839 Α.
309 797 544 861 ἃφθορᾶς.
611 793 708 845 οἶον
746 794 939 861 λογικὸς
978 796 1063 861 μὲν
1101 795 1221 848 κατὰ
1260 796 1411 866 φύσιν
1450 799 1475 848 ὁ
1518 798 1778 865 ἄνθρωπος,
1818 822 1932 850 ναυ-

1077 877 1095 896 ‚X

344 873 498 939 πηγὸς
547 874 597 926 δὲ
648 876 767 928 κατὰ
812 877 1027 942 θέλησιν,
1072 903 1101 943 η
1147 881 1223 930 καὶ
1270 878 1474 944 ἀσθενὴς
1518 878 1572 931 τὸ
1624 885 1768 943 σῶμα
1816 880 1937 932 κατὰ

344 956 668 1021 συμβεβηκός·
722 957 900 1025 ἄλογος
937 958 1024 1023 μὲν
1055 961 1136 1010 οὖν
1167 962 1250 1011 οὐκ
1289 958 1347 1012 ἂν
1378 961 1446 1026 εἴη
1484 966 1744 1024 παντελῶς,
1770 961 1856 1027 τὴν
1886 961 1943 1013 δέ

344 1060 398 1103 γε
434 1038 726 1105 ναυπηγικὴν
751 1041 990 1108 ἐμπειρίαν
1021 1042 1264 1105 ἀπολέσει,
1291 1043 1315 1093 ὁ
1350 1042 1633 1112 ῥᾳθυμήσας
1666 1043 1829 1111 τυχὸν,
1860 1046 1937 1095 καὶ

345 1120 400 1171 τὸ
439 1121 489 1171 ἐκ
527 1121 707 1176 πάθους
755 1122 1063 1187 συμβεβηκὸς
1104 1125 1463 1191 ἀποκρούσεται,
1503 1125 1767 1192 θεραπείαις
1810 1128 1937 1177 τισὶν

123 1203 228 1243 Supra

122 1245 212 1277 ὁδώ
347 1203 423 1253 ἐπὶ
460 1201 514 1253 τὸ
553 1203 742 1267 ἄμεινον
775 1206 1060 1273 ἀνατρέχων.
1116 1207 1284 1258 οὐκοῦν
1314 1205 1374 1257 τὰ
1414 1208 1654 1260 οὐσιωδῶς
1691 1205 1937 1273 προσόντα

346 1287 487 1347 τισὶν,
513 1284 816 1352 ε’ῥριζωμένην
848 1287 941 1354 ἔχει
974 1287 1060 1347 τὴν
1092 1287 1286 1338 στάσιν.
1342 1288 1470 1355 ε’ίπερ
1507 1289 1588 1339 οὖν
1620 1287 1744 1342 ὅλως
1779 1289 1808 1352 ἡ
1841 1294 1937 1340 τῶν

345 1370 553 1431 γενητῶν
580 1368 726 1434 φύσις
761 1369 806 1419 τὶ
842 1369 941 1438 φῶς
972 1367 1085 1420 εἶναι
1120 1370 1312 1420 δύναται
1339 1371 1383 1421 τὶ
1411 1369 1615 1432 άληθινὶν,
1641 1375 1743 1425 πῶς
1775 1372 1933 1423 ἀπολ-

301 1455 327 1495 b
346 1446 518 1498 λύουσι
556 1447 610 1499 τὸ
653 1453 755 1517 φῶς
793 1453 834 1501 οἱ
872 1451 1110 1502 πιστεύειν
1148 1451 1229 1502 οὐκ
1269 1450 1517 1514 ἐθέλοντες,
1551 1451 1580 1517 ἦ
1619 1457 1718 1507 πῶς
1756 1451 1815 1504 ἂν
1848 1456 1936 1505 υἱοὶ

296 1580 303 1585 ,
346 1529 505 1597 φωτὸς
530 1530 756 1596 γένωνται
782 1535 825 1582 οἱ
850 1531 1150 1586 πιστεύοντες
1168 1554 1180 1594 ;
1226 1536 1263 1583 εἰ
1290 1531 1382 1599 γάρ
1415 1537 1505 1584 εἰσι
1540 1535 1616 1584 καὶ
1652 1535 1783 1586 αὐτοὶ
1816 1534 1937 1591 κατὰ

344 1611 495 1679 φύσιν
522 1612 567 1663 τὶ
594 1612 705 1681 φῶς,
733 1614 909 1665 ἑαυτῶν
934 1614 1026 1681 ἄρα
1052 1620 1395 1681 χρηματιοῦσιν
1421 1616 1521 1666 υἱοί.
1574 1617 1651 1666 καὶ
1674 1614 1807 1670 ποῖός
1832 1618 1935 1668 ἐστι

344 1698 440 1747 τοῖς
477 1693 786 1745 πιστεύουσιν
821 1696 845 1745 ὁ
887 1696 1094 1759 μισθός,
1151 1700 1242 1747 εἰσὶ
1280 1695 1373 1763 γὰρ
1411 1701 1602 1760 μᾶλλον
1631 1699 1808 1749 ἑαυτῶν
1847 1700 1935 1750 υἱοὶ

347 1776 423 1825 καὶ
460 1774 546 1838 τὴν
583 1776 748 1827 πίστιν
786 1777 839 1827 οὐ
882 1778 1272 1846 παραδεξάμενοι.
1342 1776 1436 1828 ἀπὸ
1482 1778 1538 1842 δὴ
1581 1784 1675 1830 τῶν
1712 1780 1934 1831 τοιούτων

346 1857 533 1906 ἐννοιῶν
564 1855 617 1907 τὸ
652 1857 826 1923 ἀληθὲς
860 1858 1166 1925 λογιζόμενοι,
1193 1858 1339 1922 μόνον
1375 1861 1569 1925 ἐροῦμεν
1601 1859 1714 1911 εἶναι
1750 1859 1798 1914 τό
1835 1861 1935 1932 φῶς

347 1938 392 1988 τὶ
432 1937 622 1998 ἀληθινῦν
657 1939 738 1990 τὸν
773 1944 1038 2006 Μονογενῆ,
1073 1940 1231 2011 φωτὸς
1270 1941 1319 1993 δὲ
1357 1940 1442 2006 τὴν
1476 1942 1631 1993 κτίσιν
1663 1944 1821 1994 ἐπιδεᾶ
1858 1945 1934 1995 καὶ

348 2018 424 2069 διὰ
454 2025 593 2072 τοῦτο
627 2022 866 2090 ἀλλοφυᾶ.

124 2105 219 2136 Infra

124 2149 168 2179 xii
197 2158 235 2187 3³
423 2121 555 2151 ΑΛΛο.
596 2109 623 2132 “
650 2101 797 2155 Εἶπεν
830 2105 912 2155 οὖν
945 2106 1101 2159 αὐτοῖς
1139 2107 1164 2157 ὁ
1197 2107 1385 2171 Ἰησοῦς
1413 2105 1526 2158 ’Έτι
1564 2105 1729 2173 μικρὸν
1761 2105 1934 2174 χρόνον

351 2189 378 2211 “
404 2183 457 2234 τὸ
484 2188 586 2252 φῶς
612 2186 660 2236 ἐν
688 2187 794 2250 ὑμῖν
819 2187 939 2249 ἐστι,
967 2193 1259 2254 περιπατεῖτε
1287 2190 1348 2243 ὡς
1379 2187 1434 2240 τὸ
1466 2193 1569 2257 φῶς
1601 2188 1740 2256 ἔχετε,
1767 2189 1841 2240 ἵνα
1866 2188 1932 2254 μὴ

350 2265 429 2329 (ςὴ
468 2267 637 2317 σκοτία
669 2268 787 2330 ὑμᾶς
826 2267 1124 2337 καταλάβῃ.”
1177 2273 1251 2322 καὶ
1290 2275 1387 2324 τοῖς
1424 2271 1740 2337 προκειμένοις
1777 2272 1929 2338 ἐφαρ-

346 2346 510 2409 μόσεις
535 2348 757 2415 ἐντέχνως
782 2349 864 2399 τὸν
890 2351 937 2400 ἐν
963 2355 1058 2404 τοῖς
1084 2352 1535 2417 προαποδεδομένοις
1562 2351 1724 2417 λόγον.
1764 2351 1811 2404 τὶ
1839 2351 1933 2418 γὰρ

347 2428 446 2496 φῶς
472 2428 592 2480 κατὰ
618 2430 768 2498 φύσιν
795 2431 1022 2499 ὑπάρχον,
1047 2433 1130 2482 οὐκ
1158 2430 1218 2483 ἂν
1245 2431 1334 2484 ὑπὸ
1369 2432 1571 2487 σκότους
1605 2433 1932 2503 καταληφθείη

344 2512 472 2562 ποτέ.

1958 987 2006 1012 10

1959 1390 2005 1428 15

1956 1803 2007 1829 20

126 2601 283 2651 gsJoan.
424 2615 554 2644 Ano
594 2595 657 2645 O
689 2593 908 2659 Ἰωάννης
943 2601 969 2624 “
992 2596 1055 2645 O
1090 2595 1246 2660 λέγων
1280 2594 1365 2659 μὲν
1398 2597 1446 2646 ἐν
1480 2600 1546 2646 τῶ
1585 2598 1728 2665 φωτι,
1759 2599 1927 2665 φησιν,
1952 2618 2003 2654 30

125 2656 157 2676 ll.
198 2669 205 2676 .

174 2656 193 2687 9
348 2682 375 2704 ‘⁶
402 2674 515 2727 εἰναι
541 2677 616 2727 καὶ
643 2676 725 2728 τὸν
750 2675 962 2746 ἀδελφὸν
988 2678 1129 2728 αὐτοῦ
1155 2681 1312 2740 μισῶν
1338 2679 1385 2728 ἐν
1410 2682 1468 2745 τῇ
1494 2679 1665 2729 σκοτία
1690 2680 1821 2729 ἐστὶν
1847 2702 1932 2733 εως

398 2832 426 2854 1.
451 2820 636 2856 ἀπολέσειν
654 2821 696 2855 Β.
844 2832 896 2856 11.
923 2823 941 2855 ὁ
960 2827 1181 2867 assumptum
1200 2834 1240 2857 ex
1261 2822 1303 2857 Β.
1449 2834 1502 2866 14.
1530 2824 1656 2858 στάσιν
1675 2823 1716 2857 Β.
1734 2822 1844 2868 φύσιν
1862 2823 1928 2858 Ed.

349 2866 402 2900 16.
429 2867 467 2900 οὐ
485 2867 639 2903 θέλοντες
659 2869 700 2902 Β.
860 2878 916 2913 25.
943 2868 1004 2904 ἕως
1023 2869 1065 2904 Β.
1225 2869 1281 2904 26.
1307 2869 1498 2915 ἐφαρμόσει
1518 2870 1559 2904 Β.
1714 2881 1771 2914 30.
1796 2870 1858 2914 μὲν
1874 2882 1929 2905 as-

346 2919 527 2957 sumptum
545 2926 586 2948 ex
606 2915 647 2949 B.
712 2915 821 2959 φησὶν
838 2927 908 2949 om.
929 2915 971 2950 B.
