2084 3317
90 153 157 194 vii.
179 155 244 197 28.
483 156 559 196 IN
603 156 644 197 S.
678 155 1015 196 JOANNEM.
1077 154 1201 196 LIB.
1224 155 1278 195 V.
1592 155 1674 195 657

90 261 318 329 Χριστόν.
371 263 473 315 ἰ’στε
512 269 774 331 τοιγαροῦν,
804 264 876 315 ὅτι
917 262 1039 331 κάμὲ
1075 261 1220 315 οἴδατε
1258 268 1336 314 καὶ
1374 259 1518 314 οἴδατε
1553 262 1676 314 πόθεν

91 350 196 414 εἰμὶ,
224 344 465 397 τουτέστιν
493 347 689 397 δέδωκεν
717 348 823 411 ὑμῖν
850 347 877 410 ἦ
903 346 1004 397 θεία
1029 344 1195 413 γραφὴ
1227 347 1304 396 καὶ
1338 344 1392 395 τὸ
1428 344 1593 395 εἰδέναι
1620 367 1676 406 με

89 429 165 478 καὶ
190 426 336 479 πόθεν
361 429 465 492 εἰμί.
522 431 599 479 καὶ
631 429 714 480 οὐκ
748 428 931 494 ἐπείπερ
967 427 1199 493 ἐγνώκατε
1225 425 1382 494 τυχὸν,
1411 426 1482 478 ὅτι
1509 426 1673 492 Ναζα-
1695 448 1716 474 e

89 514 218 576 ραῖος
251 509 278 575 ἢ
311 511 623 575 Βεθλεεμίτης
655 513 759 575 εἰμὶ,
787 512 862 562 καὶ
902 509 972 561 ὅτι
1010 508 1291 576 γεγέννημαι
1326 508 1402 560 διὰ
1437 507 1674 574 γυναικὸς,

48 603 70 642 5
91 591 167 642 διὰ
192 598 330 643 τοῦτο
356 592 448 660 χρὴ
473 592 661 647 πάντως·
690 595 807 655 ὑμᾶς
833 594 909 643 καὶ
934 592 988 643 τὸ
1016 594 1099 656 τῆς
1125 592 1349 646 ἀπιστίας
1381 591 1681 659 εἰσδέχεσθαι

92 672 293 738 νόσημα·
335 676 445 725 ἀλλ’
475 677 524 726 ἐκ
558 680 653 726 τῶν
685 673 936 741 εἰρημένων
967 675 1035 725 ἐπ’
1065 675 1180 737 ε’μοῖ,
1214 676 1290 725 καὶ
1330 672 1406 724 διὰ
1443 673 1529 738 τὴν
1561 672 1681 724 κατὰ

91 754 249 823 σάρκα
281 756 514 823 γέννησιν,
543 756 636 809 ἀπὸ
673 757 852 808 τούτων
884 756 997 808 ἰέναι
1034 761 1225 821 μᾶλλον
1255 758 1397 824 ἐχρῆν
1429 760 1491 810 εἰς
1530 754 1677 807 κατά-

92 843 246 908 ληψιν
276 844 371 890 τῶν
402 841 470 891 ἐπ’
500 841 600 904 ἐμοὶ
634 840 923 906 μυστηρίων,
951 841 1026 890 καὶ
1065 841 1148 890 οὐκ
1187 843 1249 892 εἰς
1289 838 1400 900 μίαν
1429 840 1682 889 ἀποκλῖναι

90 920 240 986 μόνην
264 922 514 990 προφήτου
541 920 718 990 φωνὴν,
745 921 795 976 ὃς
821 921 905 986 τὴν
930 923 980 972 ἐκ
1007 925 1132 973 Θεοῦ
1159 923 1234 972 καὶ
1264 920 1454 987 Πατρὸς
1481 920 1684 987 ἄρῥητον

26 1027 74 1051 10
93 1004 373 1067 καταμηνύει
400 1005 637 1070 γέννησιν.

213 1164 288 1205 Καὶ
325 1165 392 1207 ἀπ’
436 1165 622 1215 ἐμαυτοῦ
657 1165 733 1206 οὐκ
769 1165 974 1216 ἐλήλυθα,
1011 1164 1101 1206 ἀλλ’
1145 1165 1259 1206 ἔστιν
1297 1164 1502 1207 &menube
1539 1164 1561 1207 ὁ

746 1249 921 1299 Πέμψας
958 1264 1024 1297 με.

168 1357 265 1409 Διὰ
305 1363 487 1426 μακρᾶς
532 1359 765 1413 ἀπειθείας
807 1358 1079 1425 ὑβρίζοντας
1121 1356 1414 1422 ὑποπλήττει
1452 1357 1600 1408 πάλιν
1637 1357 1724 1407 e’va
1753 1369 1841 1404 449
1858 1367 1910 1402 A.

95 1442 359 1507 ἀπολογίας
386 1441 614 1509 σχήματι.
672 1441 813 1509 τέχνῃ
845 1441 929 1504 μὲν
956 1442 1037 1492 οὖν
1063 1442 1118 1492 οὐ
1153 1441 1318 1509 μετρίᾳ
1354 1438 1687 1509 συνεξυφήνας

30 1537 76 1576 15
95 1523 178 1576 τὸν
203 1524 367 1590 λόγον,
394 1527 630 1586 οἰκονομεῖ
658 1527 877 1592 πανταχῆ
905 1523 959 1575 τὸ
986 1523 1051 1588 μὴ
1078 1527 1228 1575 δοκεῖν
1255 1523 1535 1591 εὐαφόρμως
1570 1520 1689 1588 πρὸς

96 1607 322 1672 εὐλόγους
361 1605 508 1673 ὁρμὰς
549 1609 795 1657 διανιστᾶν
834 1605 941 1660 τοὺς
981 1606 1318 1672 ἀκροωμένους,
1359 1603 1689 1656 κατασκιάσας

96 1689 153 1739 δέ
190 1712 290 1742 πως
333 1690 546 1758 ἀσαφείᾳ
590 1689 644 1739 τὸ
689 1689 942 1755 εἰρημένον,
984 1687 1266 1740 ὑποκλέπτει
1311 1692 1394 1738 τοῦ
1442 1691 1592 1749 θυμοῦ
1635 1684 1690 1736 τὸ

95 1771 258 1833 πλέον,
287 1773 362 1821 καὶ
396 1775 618 1838 παραιρεῖ
651 1770 705 1822 τὸ
744 1770 883 1837 δριμὺ
918 1777 1001 1822 τοῦ
1036 1769 1302 1834 κινήματος.
1356 1769 1406 1820 τί
1433 1769 1588 1820 τοίνυν
1615 1769 1690 1819 καὶ

98 1853 173 1903 διὰ
229 1859 380 1916 τοῦτο,
434 1856 598 1920 φησὶν,
651 1852 966 1922 ἐξηγουμένου
1020 1851 1259 1906 πολλάκις
1312 1853 1387 1902 καὶ
1439 1850 1691 1918 διαῤῥήδην

29 1955 80 1979 20
98 1935 474 2001 ἀνακεκραγότος
524 1934 829 1987 ἀπεστάλθαι
873 1935 1003 2002 παρὰ
1048 1941 1132 1986 τοῦ
1179 1939 1305 1986 Θεοῦ
1352 1936 1426 1984 καὶ
1475 1931 1688 1998 Πατρος,

99 2019 388 2069 ἀπιστοῦσιν
429 2018 508 2081 ἔτι,
548 2020 624 2069 καὶ
665 2018 855 2084 ἐπείπερ
900 2019 1044 2069 αὐτοῦ
1086 2017 1140 2068 τὸ
1183 2015 1304 2068 κατὰ
1345 2015 1505 2083 σάρκα
1546 2015 1689 2081 γινώ-

98 2123 276 2152 σκουσι
309 2099 460 2166 γένος,
487 2101 570 2151 οῦκ
605 2099 727 2151 εἶναί
758 2105 911 2167 φασιν
943 2099 1086 2151 αὐτὸν
1112 2100 1194 2151 τὸν
1224 2099 1299 2150 διὰ
1336 2099 1481 2162 νόμου
1514 2121 1686 2164 προκε-
1708 2103 1734 2143 b

99 2183 393 2249 κηρυγμένον
420 2186 494 2234 καὶ
522 2182 597 2234 διὰ
623 2188 718 2233 τῶν
744 2185 892 2249 ἁγίων
914 2187 1177 2252 προφητῶν
1198 2180 1689 2248 προκατηγγελμένον·

100 2265 245 2328 μόνον
287 2265 333 2316 δὲ
382 2267 485 2332 οὐχὶ
526 2266 602 2316 καὶ
649 2265 985 2332 ὑπαντιάζουσι
1031 2265 1251 2331 λέγοντες
1291 2267 1611 2327 Ψευδομυθεῖς
1657 2260 1694 2313 ὦ

33 2363 81 2401 25
103 2347 250 2411 οὗτος,
279 2349 335 2417 ἐξ
359 2348 538 2398 οἰκείων
564 2346 612 2398 δὲ
649 2349 930 2412 θελημάτων
957 2351 1018 2401 ὡς
1054 2348 1174 2411 ἡμᾶς
1207 2345 1478 2415 ἀφιγμένος,
1505 2344 1603 2396 εἶτα
1640 2345 1694 2396 τὸ

102 2436 186 2481 τοῦ
220 2429 411 2497 Πατρὸς
451 2430 600 2494 ὄνομα
637 2430 965 2494 πλαττόμενος
1005 2432 1087 2480 οὐκ
1126 2431 1372 2498 ἐρυθριᾷς;
1424 2427 1690 2493 ἀποκρουό-

102 2536 238 2574 μενος
265 2518 516 2579 τοιγαροῦν
543 2515 618 2563 καὶ
645 2511 729 2576 τὴν
756 2514 830 2563 ἐπὶ
857 2512 1009 2581 τούτῳ
1045 2512 1373 2580 συκοφαντίαν
1399 2511 1566 2572 αὐτῶν,
1593 2516 1693 2565 ταῖς

103 2596 385 2660 ἀπολογίαις
431 2595 685 2660 ἀναμίσγει
726 2593 809 2645 τὸν
850 2592 1064 2661 ἐ’λεγχον,
1107 2591 1404 2662 εὐφυέστατά
1447 2615 1496 2643 τε
1542 2594 1695 2661 φησίν

153 2747 185 2775 2,
204 2747 238 2781 3.
268 2735 365 2769 Haec
388 2734 565 2770 τουτέστιν
582 2734 756 2770 δέδωκεν“
741 2739 818 2779 υμῖν
838 2735 932 2782 [ἡμῖν
952 2735 992 2770 Β.
997 2735 1012 2781 ]
1032 2735 1205 2779 ἡ-πόθεν
1222 2735 1290 2778 εἰμι’
1313 2740 1534 2769 accesserunt
1557 2747 1598 2769 ex
1618 2735 1659 2769 B.
1665 2748 1694 2769 a.

105 2794 138 2828 9.
164 2782 281 2827 φωνὴν
297 2781 502 2840 προφήτου
496 2794 554 2816 mv
557 2795 635 2817 erso
653 2783 775 2817 ordine
792 2795 823 2818 a.
911 2783 965 2817 καὶ
983 2785 1206 2827 assumptum
1224 2794 1266 2816 ex
1284 2794 1314 2816 a.
1499 2793 1554 2816 20.
1579 2781 1695 2816 ἀνακε-

105 2827 286 2874 Κραγότος]
307 2843 409 2862 GUTO'.)
426 2829 691 2874 ἀνακεκραγότος
709 2842 738 2864 a.
961 2841 1015 2864 21·
1042 2844 1095 2863 Καί
1113 2829 1167 2863 διὰ
1185 2844 1223 2862 ΤΟ
1240 2830 1420 2874 γινώσκειν
1437 2828 1540 2862 αυτοῦ
1557 2830 1596 2862 Τὸ
1614 2830 1697 2863 Κατὰ

106 2877 216 2920 σάρκα
233 2876 329 2921 γένος
348 2887 378 2909 a.
498 2887 554 2921 23.
584 2876 680 2910 Haec
698 2891 751 2910 και
769 2877 1021 2921 διὰ-προκατη
1025 2875 1212 2921 γγελμενον
1229 2881 1410 2919 assumpta
1426 2887 1467 2909 ex
1488 2875 1530 2909 Β.
1581 2876 1612 2908 V
1615 2876 1697 2910 erba

105 2923 234 2956 omittlt
260 2929 293 2956 et
322 2922 439 2957 Holst.
467 2923 520 2957 διὰ
554 2924 656 2966 νόμου
689 2938 741 2957 και
775 2925 963 2969 προφητῶν
990 2922 1234 2967 κεκηρυγμένον
1258 2921 1398 2956 exhibet
1427 2922 1634 2957 abbrevians
1665 2935 1696 2957 a.

106 2979 162 3014 25.
187 2971 226 3003 τὸ
244 2976 466 3015 assumptum
486 2981 527 3003 ex
547 2969 588 3003 B.
592 2982 622 3004 a.
638 2969 742 3004 habet
759 2974 792 3004 et
810 2970 872 3004 Ht
1020 2981 1073 3014 27.
1102 2969 1208 3014 τούτῳ
1229 2969 1269 3002 Β.
1274 2981 1304 3003 a.
1322 2971 1431 3015 ταυτῴ
1453 2969 1514 3002 Ht.
1536 2969 1601 3003 Ed.

162 3036 308 3064 voL.1.
873 3037 944 3074 41³
