2084 3317
137 151 190 192 vi.
211 153 279 208 38,
298 168 366 210 39.
414 157 487 197 IN
530 158 572 199 S.
606 159 943 202 JOANNEM.
1007 162 1131 204 LIB.
1166 164 1242 204 IV.
1307 166 1439 206 CAP.
1475 167 1508 207 Ι.
1640 170 1725 208 489

134 284 214 324 μοι
248 263 409 327 πάλιν,
437 269 603 334 φησὶν,
630 272 692 322 εἰς
725 269 812 334 τὴν
837 271 1197 337 ἐνανθρώπησιν
1222 272 1487 339 περιέλκων
1512 275 1566 325 τὸ
1602 279 1724 341 εἰρη-

133 342 272 405 μένον
297 346 382 400 Ὠς
409 347 656 413 ἅνθρωπος
691 352 1030 404 ὑποτάσσεται.
1087 352 1187 405 ἰδοῦ
1221 354 1315 421 γὰρ
1351 358 1412 409 ὡς
1447 357 1574 425 ὁρᾷς,
1600 356 1761 412 Θεὸςᾶ
1795 371 1933 406 333Α

132 423 198 475 ὢν
223 426 288 477 ἔτι
315 431 390 479 καὶ
417 428 575 496 Λόγος
601 433 779 497 γυμνὸς
805 438 881 485 καὶ
907 435 1221 499 ἀσύμπλοκος
1251 440 1334 501 τῆς
1361 436 1540 504 σαρκὸς
1569 461 1720 490 κατοι-

133 506 334 568 βέβηκεν
368 511 426 580 ἐξ
462 516 642 582 οὐρανοῦ,
672 519 747 566 καὶ
785 519 897 582 πρὶν
929 517 1053 572 ὅλως
1091 518 1176 582 τὴν
1212 525 1294 570 τοῦ
1334 520 1508 571 δούλου
1545 543 1725 587 περιτε-

92 597 114 636 5
135 592 271 654 θῆναι
296 592 489 661 μορφὴν
511 596 793 648 ὑπετάττετο
818 600 1074 666 προῦχοντι
1099 600 1321 665 δηλονότι
1344 604 1419 653 καὶ
1441 600 1727 671 κατάρχοντι

134 676 201 741 τῷ
237 676 409 741 Πατρί.

210 761 395 812 Δεινοῖς
421 758 507 822 μὲν
530 760 675 824 ἡμῶν,
701 759 738 812 ὦ
763 768 960 827 γενναῖε,
988 765 1201 832 καθάπερ
1228 766 1309 817 οἰέι
1335 765 1392 830 δὴ
1423 766 1626 831 πάντως,
1651 771 1727 820 καὶ

134 838 245 888 λίαν
283 840 646 908 εὑτροχωτάτοις
685 845 986 899 καθιππεύεις
1026 847 1203 913 λόγοις,
1238 849 1292 898 οὐ
1329 849 1424 913 μὴν
1459 850 1515 900 δι’
1551 850 1727 904 εὐθείας

134 923 302 984 ἰοῦσιν,
335 922 447 972 ἀλλ’
478 923 606 978 ἐκτὸς
649 927 759 977 ὁδοῦ
798 930 881 991 τῆς
918 933 1178 994 βασιλικῆς
1217 953 1268 981 τε
1306 934 1384 981 καὶ
1421 933 1727 998 τετριμμένης

67 1019 114 1044 10
132 1002 543 1068 ἐκσεσοβημένοις,
571 1008 706 1076 ἀφεὶς
747 1009 808 1073 δὲ,
840 1012 903 1064 ὡς
943 1012 968 1061 ὁ
1006 1012 1115 1078 παρ’
1146 1010 1397 1077 “Έλλησιν
1428 1013 1522 1081 ἔχει
1560 1014 1724 1080 λόγος,

131 1082 218 1148 τὴν
243 1085 489 1155 ἁμαξιτὸν,
517 1090 591 1140 ἐπὶ
625 1091 858 1157 κρημνοὺς
891 1094 1052 1161 ἐπείγῃ
1087 1096 1163 1145 καὶ
1195 1095 1386 1162 πέτρας.
1442 1096 1770 1147 διατείνεσθεὶ)

131 1165 217 1230 μὲν
243 1168 337 1234 γὰρ
371 1171 470 1238 εἰκῇ
503 1169 623 1237 πρὸς
657 1172 777 1236 ἡμᾶς
812 1174 866 1225 τὸ
901 1176 1151 1227 πείθεσθαι
1186 1180 1252 1247 τῷ
1289 1180 1444 1244 Πατρῖ
1478 1177 1563 1228 τὸν
1589 1177 1724 1241 Υἰὸν,

132 1248 230 1300 ἄνω
280 1273 330 1302 τε
382 1254 457 1302 καὶ
506 1253 633 1305 κάτω
683 1255 918 1321 λέγοντες,
964 1260 1139 1310 ὡσανεὶ
1184 1260 1265 1310 καί
1304 1283 1428 1314 τινος
1471 1264 1567 1312 τῶν
1610 1259 1729 1327 ὀρθὰ

133 1335 326 1398 φρονεῖν
352 1333 596 1398 εἰωθότων,
624 1336 695 1388 ὅτι
730 1336 822 1405 χρὴ
857 1340 1140 1405 πρεσβεύειν
1166 1340 1220 1392 τὸ
1247 1342 1470 1405 ἐναντίον,
1496 1344 1725 1407 ἐνθυμου-

65 1424 113 1463 15
131 1414 286 1477 μένου,
314 1418 388 1466 καὶ
425 1418 530 1485 οὐχὶ
566 1416 623 1482 δὴ
657 1425 851 1483 μᾶλλον
875 1424 951 1473 καὶ
981 1424 1315 1491 συναγορεύειν
1343 1426 1449 1488 ὑμῖν
1476 1426 1551 1476 ἐπὶ
1577 1424 1729 1495 τούτῳ

131 1498 448 1563 διεγνωκότος.
512 1501 566 1551 οὐ
604 1500 697 1568 γὰρ
738 1503 1099 1569 στασιάζουσάν
1136 1529 1252 1558 ποτε
1290 1506 1396 1558 καθ’
1437 1509 1603 1571 ἑαυτῆς
1642 1507 1729 1572 τὴν

131 1579 272 1644 ἁγίαν
315 1603 365 1631 τε
411 1584 486 1633 καὶ
533 1584 789 1648 ὁμοούσιον
831 1587 1016 1653 Τριάδα
1059 1587 1308 1654 νοήσομεν,
1353 1589 1465 1640 ἀλλ’
1512 1587 1615 1641 οὐδὲ
1665 1594 1728 1644 εἰς

132 1660 387 1729 διαφόρους
418 1665 792 1734 κατασχίζεσθαι
817 1668 1024 1734 γνώμας,
1051 1669 1079 1735 ἢ
1107 1673 1183 1722 καὶ
1209 1672 1601 1739 καταμερίζεσθαί
1625 1696 1727 1726 πως

131 1748 195 1798 εἰς
232 1744 287 1796 τὸ
327 1747 419 1816 ἰδίᾳ
458 1751 639 1812 δοκοῦν,
670 1747 699 1814 ἢ
738 1748 821 1802 τὸν
849 1750 1041 1819 Πατέρα
1079 1751 1238 1821 τυχὸν,
1269 1752 1298 1819 ἢ
1334 1753 1417 1805 τὸν
1443 1753 1573 1817 Υἰὸν,
1607 1753 1636 1819 ἢ
1671 1754 1725 1806 τὸ

62 1841 112 1867 20
133 1830 330 1891 Πνεῦμα
368 1828 422 1880 τὸ
449 1829 636 1896 ”Ἀγιον,
672 1832 804 1883 ἀλλά
842 1835 1178 1903 συμφέρεσθαι
1216 1835 1301 1900 μὲν
1333 1838 1406 1906 ἐφ’
1435 1836 1630 1900 ἅπασιν,
1662 1839 1766 1892 ὡςο

128 1910 179 1960 ἐκ
214 1915 322 1974 μιᾶς
358 1910 405 1962 δὲ
441 1914 591 1976 δῆλον
622 1913 693 1965 ὅτι
728 1914 960 1980 θεότητος,
996 1917 1045 1969 ἓν
1080 1920 1150 1969 ἀεὶ
1187 1917 1378 1973 πάντως
1413 1922 1489 1970 καὶ
1523 1919 1578 1971 τὸ
1610 1920 1724 1972 αὐτὸ

129 1992 317 2057 θέλημα
348 1995 397 2045 ἐν
423 1993 514 2063 ὅλῃ
549 2000 607 2064 τῇ
640 1997 753 2066 ἁγίᾳ
785 2003 970 2050 κεῖσθαι
998 1998 1182 2067 Τριάδι.
1238 2002 1438 2067 ἀργείτω
1475 2009 1726 2069 τοιγαροῦν

129 2075 154 2125 ὃ
181 2075 361 2142 μακρὸς
393 2077 504 2141 ἡμῖν
530 2081 636 2146 περὶ
670 2079 852 2132 τούτων
877 2080 1038 2148 λόγος,
1065 2085 1141 2134 καὶ
1176 2083 1452 2151 ἦσυχαζέτω
1486 2084 1540 2135 τὸ
1577 2089 1720 2153 φιλο-

129 2163 292 2209 νεικεῖν
318 2159 573 2211 ἀναπεῖθον
598 2162 670 2230 ἐφ’
700 2161 767 2217 οἷς
793 2163 968 2228 ἥκιστα
992 2163 1099 2232 χρή·
1140 2164 1328 2220 οὐδενὸς
1354 2166 1448 2234 γὰρ
1474 2168 1549 2219 ἐπὶ
1573 2167 1725 2238 τούτῳ

60 2258 109 2296 25
128 2241 514 2307 χαλεπαίνοντος,
540 2243 761 2309 περιττὸν
788 2246 894 2309 ὑμῖν
919 2246 985 2297 ε”τι
1010 2245 1065 2297 τὸ
1092 2248 1420 2300 διατείνεσθαι.

202 2322 398 2387 Ἐπειδὴ
424 2321 474 2374 δὲ
501 2326 878 2392 δυστροπώτατα
905 2333 1097 2397 φρονεῖν
1123 2353 1172 2381 τε
1199 2333 1275 2382 καὶ
1303 2336 1422 2382 νοεῖν
1449 2331 1719 2396 εἰθισμένοι,

127 2403 182 2455 τὸ
207 2405 542 2474 συμφέρεσθαι
568 2413 664 2461 τοῖς
691 2408 931 2473 θελήμασι
957 2417 1040 2462 τοῦ
1068 2412 1260 2479 Πατρὸς
1286 2413 1369 2464 τὸν
1390 2412 1522 2476 Υἱὸν,
1547 2412 1633 2477 τὴν
1659 2415 1720 2468 ὡς
1740 2428 1768 2470 d

128 2487 186 2555 ἐξ
221 2486 428 2553 ἀνάγκης
468 2488 713 2555 ὑποταγὴν
751 2493 1012 2560 ὀνομάζετε,
1044 2493 1163 2561 πρὸς
1201 2500 1340 2546 τοῦτο
1381 2496 1438 2559 δὴ
1475 2494 1624 2547 πάλιν
1662 2494 1721 2547 τὰ

129 2568 284 2620 εἰκότα
330 2569 449 2637 πρὸς
496 2572 615 2635 ὑμᾶς
659 2572 991 2641 διαλεξόμεθα.
1058 2578 1106 2627 ἐν
1144 2577 1380 2642 ἁπλότητι
1423 2576 1510 2641 μὲν
1546 2577 1640 2644 γὰρ
1684 2582 1721 2629 εἰ

59 2670 109 2706 30
126 2653 453 2718 προεκομίσθη
507 2655 617 2720 παρ’
673 2657 801 2719 ὑμῶν
851 2657 880 2722 ἡ
943 2658 1136 2723 τοιαύτη
1193 2659 1345 2728 φωνὴ,
1397 2658 1483 2710 κᾶν
1535 2660 1722 2714 εἰκότως

175 2838 208 2871 3.
235 2827 288 2860 καὶ
306 2829 416 2872 Λόγος
433 2829 560 2873 γυμνὸς
579 2828 621 2863 Β.
639 2829 764 2875 γυμνὸς
782 2834 887 2877 λόγος
905 2833 972 2867 Ed.
1113 2846 1164 2875 14.
1191 2832 1275 2880 χρὴ]
1295 2834 1339 2877 μὴ
1359 2835 1424 2878 χρὴ
1447 2835 1487 2868 Β.
1622 2836 1674 2870 18.
1702 2835 1720 2879 ἦ

127 2884 198 2907 om.
220 2873 262 2908 Β.
449 2885 505 2908 21.
531 2875 592 2918 μὲν
610 2887 672 2920 pro
690 2877 726 2910 δέ
747 2877 788 2911 Β.
982 2891 1038 2925 23.
1064 2881 1102 2914 τὸ
1120 2892 1190 2914 om.
1213 2880 1252 2914 Β.
1320 2881 1445 2915 Statim
1465 2883 1655 2926 φιλονικεῖν
1675 2883 1720 2916 D.

129 2930 185 2962 24.
211 2919 404 2955 ἀναπείθειν
424 2921 466 2955 Β.
533 2924 618 2966 χρῆν
638 2923 679 2957 Β.
745 2924 874 2959 τούτων
893 2926 935 2961 Β.
1093 2926 1147 2960 26.
1176 2927 1466 2972 δυστροπώτατον
1485 2929 1525 2962 Β.
1594 2929 1721 2964 Statim

128 2968 216 3001 νοεῖν
233 2973 266 3001 et
283 2969 426 3012 φρονεῖν
442 2968 533 3002 inter
550 2981 586 3003 se
604 2971 801 3015 transponit
822 2972 863 3006 Β.

186 3034 278 3062 VOL.
302 3035 329 3062 Ι.
897 3041 920 3082 3
946 3040 969 3066 R
