2084 3317
121 152 190 194 vii.
210 154 281 206 48,
299 170 366 211 49.
420 157 493 196 IN
537 156 578 196 S.
614 156 950 198 JOANNEM.
1013 157 1136 197 LIB.
1160 157 1214 199 V.
1275 157 1409 198 CAP.
1444 158 1504 198 II.
1629 159 1707 198 705

115 262 296 328 ῥοπαῖς,
335 265 410 314 καὶ
450 268 780 315 συντεθεῖσθαι
824 268 1015 327 μᾶλλον
1054 265 1460 330 εὐσυναρπάστως
1506 263 1573 318 οἷς
1619 265 1709 333 ἔφη

116 345 193 393 καὶ
230 344 485 412 πέπραχεν·
537 345 782 413 εἰσεδέχθη
821 344 870 396 δὲ
908 348 984 396 καὶ
1022 348 1131 412 παρ’
1173 348 1302 408 ὑμῶν
1341 347 1395 397 τὸ
1430 350 1710 397 πλανᾶσθαι

114 424 290 486 πόθεν;
327 425 446 477 κατὰ
471 427 576 478 τίνα
599 426 648 479 δὲ
675 426 851 494 τρόπον
877 428 1178 497 ἐξηπάτησθε
1205 430 1281 479 καὶ
1308 429 1444 479 αὐτοί
1459 449 1470 488 ;
1509 429 1558 478 τί
1582 426 1630 478 δὲ
1656 426 1710 478 τὸ

114 509 198 570 τῆς
237 506 356 572 πρὸς
394 509 515 572 ἡμᾶς
553 509 818 578 ἐξελκύσαν
856 508 1061 575 ἀγάπης,
1104 511 1253 561 καίτοι
1291 513 1392 563 ταῖς
1430 509 1558 563 ’ίσαις
1602 509 1711 572 ἡμῖν

73 602 95 641 5
116 589 366 644 ἀπειθείαις
393 590 809 656 κατεσκληκότας;
852 593 1161 661 ὑπεμφαίνειν
1186 592 1280 659 γὰρ
1316 590 1449 655 οἶμαί
1478 615 1523 642 τι
1556 596 1708 643 τοιοῦ-

114 694 198 722 τον
223 677 318 723 τῶν
345 674 623 739 Φαρισαίων
648 674 701 725 τὸ
727 676 866 741 ῥῆμα.

115 820 187 861 M&
241 836 301 862 τις
350 821 398 862 ἐκ
445 822 531 863 τῶν
584 822 805 879 ἀρχόντων
853 822 1102 865 ἐπίστευσεν
1153 821 1213 864 εἰς
1264 823 1394 864 αὐτὸν
1446 823 1469 863 ἐὶ
1519 822 1566 863 ἐκ
1621 821 1708 862 τῶν
1731 825 1780 868 48

183 903 460 960 Φαρισαίων;
510 905 599 945 ἀλλ’
646 907 668 947 ὁ
711 906 837 961 ὄχλος
879 903 1004 948 οὗτος
1046 907 1068 947 ὀ
1108 906 1163 954 μή
1205 906 1426 953 Γινώσκων
1465 905 1539 947 τὸν
1578 905 1708 953 νόμον
1731 914 1780 949 49

181 987 493 1044 ἑπικατάρατοί
530 986 648 1029 εἰσιν.
1730 995 1751 1022 θ

47 1112 97 1138 10
188 1095 301 1146 Ἐπὶ
337 1094 423 1158 τὴν
450 1094 636 1160 συνήθη
672 1095 822 1147 πάλιν
849 1096 1124 1162 ἀλαζονείαν
1150 1097 1478 1157 ἐκπίπτουσιν,
1509 1095 1710 1157 ἀμαθίας

114 1176 199 1241 μὲν
249 1179 624 1245 ε’πιρῥιπτοῦντες
675 1176 868 1247 γραφὴν
918 1183 1014 1232 τοῖς
1066 1180 1129 1231 ὡς
1178 1183 1582 1244 τερατουργοῦντα
1634 1177 1711 1226 καὶ

114 1259 452 1326 εἰσηγούμενον
491 1259 550 1310 τὰ
589 1262 826 1326 θεοπρεπῆ
866 1259 1341 1326 καταπεπληγμένοις
1380 1259 1464 1310 τὸν
1495 1257 1707 1323 Ἰησοῦν,

115 1341 403 1410 νομομαθείᾳ
442 1340 489 1392 δὲ
529 1343 604 1392 καὶ
642 1341 880 1409 ἐπιστήμῃ
925 1346 1020 1392 τῶν
1059 1344 1194 1408 ἱερῶν
1231 1340 1526 1408 γραμμάτων
1565 1339 1711 1404 μόνας

114 1423 199 1476 τὰς
224 1424 400 1475 ἑαυτῶν
426 1424 807 1493 καταστέφοντες
833 1423 1064 1493 κεφαλάς·
1110 1423 1182 1474 ὅτι
1218 1423 1266 1475 δὲ
1299 1423 1365 1487 μὴ
1401 1428 1711 1474 συναινοῦσιν

48 1521 94 1560 15
116 1505 244 1557 αὐτοὶ
269 1510 364 1560 τοῖς
388 1507 539 1572 ὀρθῶς
565 1507 713 1556 ἐκεῖνα
741 1505 1049 1572 θαυμάζουσι,
1077 1504 1152 1557 διὰ
1183 1504 1345 1570 πάσης
1377 1505 1490 1556 ἱέναι
1516 1503 1710 1556 πιστεύ-

115 1610 252 1638 ουσιν
290 1589 472 1654 ἀρετῆς.
527 1586 690 1654 ὥσπερ
730 1587 778 1638 δὲ
815 1593 899 1638 τοῦ
938 1588 1083 1651 νόμου
1121 1587 1393 1642 κελεύοντος
1432 1591 1527 1637 τῶν
1566 1586 1706 1655 ἀξια·
1728 1605 1750 1630 a
1785 1595 1930 1630 481Α.

114 1667 311 1733 γάστων
362 1674 653 1736 κατηγορεῖν,
704 1673 780 1720 καὶ
836 1675 932 1723 τοῖς
989 1670 1199 1721 ἐπέκεινα
1256 1670 1494 1733 θαύματος
1554 1668 1711 1734 κρίσιν

114 1749 306 1817 ἐπάγειν
344 1752 682 1821 ἀντίστροφον,
715 1752 768 1802 οὐ
806 1752 1004 1817 μετρίως
1042 1752 1327 1818 ἁβρύνονται
1364 1749 1710 1819 παραπαίοντες

115 1855 165 1883 τε
203 1836 278 1884 καὶ
316 1831 434 1900 πρὸς
472 1838 639 1884 πᾶσαν
674 1834 983 1885 ἀπαιδευσίαν
1019 1835 1068 1884 ἐκ
1106 1837 1296 1898 πολλῆς
1335 1834 1458 1899 ἄγαν
1488 1835 1570 1897 τῆς
1600 1833 1710 1882 ἐλα-

46 1937 96 1963 20
116 1917 258 1986 φρίας
294 1915 497 1969 εὐκόλως
535 1916 952 1983 διαῤῥιπτούμενοι.
1007 1916 1114 1968 ὅθεν
1140 1915 1188 1968 δὲ
1218 1921 1410 1980 μᾶλλον
1435 1917 1577 1982 ἐχρῆν
1603 1915 1704 1965 ἐπι-

114 1997 365 2063 γινώσκειν
400 1997 567 2052 αὐτοὺς
600 1997 690 2063 ἤδη
725 1998 939 2065 παρόντα
979 1998 1062 2049 τὸν
1087 1999 1291 2063 Ἰησοῦν,
1320 2000 1490 2049 ἐκεῖθεν
1519 1995 1709 2050 ἑαυτοὺς

1770 2075 1859 2150 ξολ).
1876 2076 1908 2106 ii.

115 2161 235 2212 κατὰ
269 2161 323 2212 τὸ
359 2160 698 2228 γεγραμμένον·
752 2169 778 2192 “
801 2161 1078 2217 Φάσκοντες
1115 2162 1210 2229 γὰρ
1248 2160 1361 2213 εἶναι
1402 2162 1551 2229 σοφοὶ
1589 2160 1707 2223 ἐμω-
1770 2164 1866 2230 {0¹¹1-
1886 2163 1906 2192 i·

114 2081 378 2133 ἀδικοῦντες
422 2080 717 2142 ἁλίσκονται,
758 2081 834 2130 καὶ
879 2079 1143 2146 βαρύνουσι
1188 2079 1271 2132 τὸν
1312 2078 1476 2130 κλοιὸν
1515 2079 1706 2140 ἑαυτῶν,

116 2250 144 2272 “
169 2242 456 2310 ράνθησαν.”
511 2244 660 2293 καίτοι
694 2243 821 2294 πολύ
855 2266 900 2295 τι
935 2243 990 2295 τὸ
1028 2244 1216 2308 ἄμεινον
1243 2243 1314 2309 ἧν,
1340 2242 1405 2307 μὴ
1433 2242 1597 2293 εἰδέναι
1625 2239 1707 2292 τὸν
1725 2249 1752 2289 b

47 2342 96 2381 25
117 2325 260 2388 νόμον
285 2327 550 2391 ὁμολογεῖν,
578 2324 606 2390 ἢ
634 2325 800 2377 εἰδέναι
826 2331 984 2380 καλῶς
1019 2326 1257 2390 οἰομένους
1291 2329 1367 2377 καὶ
1405 2325 1703 2395 φάσκοντας,

115 2406 214 2459 εἶτα
264 2407 347 2458 τὸν
397 2407 452 2458 δι’
500 2408 643 2458 αὐτοῦ
695 2407 1039 2474 κηρυττόμενον
1090 2407 1411 2474 ἀτιμάζοντας,
1455 2406 1708 2475 πικροτέρᾳ

114 2488 408 2556 περιπίπτειν
442 2490 500 2556 τῇ
539 2488 656 2557 δίκῃ,
689 2490 765 2539 καὶ
804 2490 1032 2559 ἀφύκτοις
1069 2490 1491 2556 ἐγκαταπείρεσθαι
1529 2493 1703 2542 κακοῖς.

166 2634 196 2657 1.
223 2621 461 2657 συντεθεισθαι
479 2633 509 2655 a.
530 2620 606 2656 Cat.
628 2621 727 2657 Harl.
746 2622 969 2657 συντίθεσθαι
988 2621 1055 2656 Ed.
1211 2633 1243 2656 2.
1270 2622 1448 2667 εἷσεδεχθη
1467 2622 1503 2656 δέ
1519 2621 1597 2666 παρ’
1616 2622 1708 2666 ὑμῶν

115 2670 155 2703 τὸ
179 2669 376 2703 πλανᾶσθαι
400 2669 505 2702 πόθεν
523 2668 566 2702 Β.
587 2667 704 2703 Holst.
724 2670 830 2704 πόθεν
849 2670 885 2703 δὲ
911 2670 964 2703 καὶ
988 2669 1066 2714 παρ’
1085 2669 1177 2711 ὑμῶν
1194 2669 1372 2713 εἷσεδεχθη
1395 2670 1433 2703 τὸ
1456 2669 1651 2703 πλανᾶσθαι
1675 2681 1705 2703 a.

116 2715 308 2761 εἰσεδέχθη,
325 2715 430 2749 πόθεν
447 2715 483 2748 δε
501 2715 554 2748 καὶ
564 2713 649 2767 παρ’
668 2715 759 2759 ἡμῶν
775 2718 813 2750 τὸ
830 2716 1038 2757 πλανᾶσθαι,
1057 2728 1075 2750 e
1094 2715 1171 2750 Cat.
1192 2716 1291 2749 Hall.
1311 2727 1431 2760 apogr.
1450 2727 1556 2749 suum
1579 2716 1706 2759 partim

116 2762 307 2796 emendans
326 2761 420 2795 Aub.
439 2762 491 2795 καὶ
510 2762 636 2795 retinui
653 2773 695 2796 ex
714 2763 799 2798 Nik.
1052 2774 1085 2808 3.
1111 2764 1149 2796 τὸ
1166 2764 1224 2806 τῆς
1240 2763 1326 2807 πρὸς
1342 2761 1427 2805 ἡμᾶς
1444 2773 1461 2795 e
1481 2762 1556 2795 Cat.
1576 2767 1616 2795 ut
1634 2762 1704 2796 vid.

116 2808 314 2843 emendavit
331 2807 425 2842 Aub.
442 2809 480 2842 τὸ
497 2809 583 2852 πρὸς
599 2808 658 2851 τῆς
674 2809 758 2853 ἡμᾶς
777 2809 818 2844 Β.
837 2811 875 2843 τὸ
892 2810 978 2854 πρὸς
995 2809 1079 2853 ἡμᾶς
1098 2808 1162 2844 Ht.
1350 2810 1382 2842 O.
1407 2810 1445 2842 τὸ
1462 2807 1551 2853 ῥῆμα
1571 2808 1611 2841 Β.
1616 2819 1645 2841 a.
1664 2810 1705 2842 τὰ

115 2865 248 2911 ῥήματα
268 2865 330 2900 Ht.
352 2865 419 2899 Ed.
618 2877 671 2900 ΙΙ.
697 2867 766 2902 τοῖς
783 2867 827 2902 ὡς
843 2868 1134 2911 τερατουργοῦντα
1149 2871 1242 2899 recte
1260 2865 1355 2899 dedit
1375 2865 1452 2911 He)
1457 2877 1493 2899 se
1511 2877 1551 2898 ex
1571 2864 1625 2905 Β.
1645 2866 1705 2910 qui

117 2914 537 2957 τοῖσοστερατουργοῦντα
554 2912 705 2946 exhibet.
724 2915 794 2949 τοῖς
811 2914 870 2947 τὸν
887 2914 1178 2957 τερατουργοῦντα
1197 2912 1260 2945 Ht.
1282 2911 1349 2946 Ed.
1519 2913 1572 2946 18.
1597 2911 1705 2957 ἁβρύ-

117 2974 228 2994 νονται
246 2958 408 2993 emendat
429 2959 557 3005 Heyse.
574 2959 800 3004 ἀμβρύνονται
821 2960 862 2993 Β.
885 2959 947 2993 Ht.
967 2959 1195 3003 ἀμβλύνονται
1213 2958 1307 2992 Aub

174 3026 265 3054 vot..
291 3026 320 3054 1.
879 3028 907 3065 4
928 3027 955 3053 x
