2073 3296
314 94 369 133 90
716 93 765 133 B.
799 93 1073 134 CYRILLI
1113 93 1492 134 ALEXANDR.
1748 91 1775 131 i.
1794 91 1834 141 6,
1858 101 1895 142 7.

312 199 436 270 μένῳ
462 199 548 264 τὴν
575 199 682 251 καθ’
711 201 846 265 ἡμᾶς.
901 202 1067 252 οὐκοῦν
1093 206 1321 268 μαρτυρεῖ
1340 201 1424 265 μὲν
1450 199 1588 255 αὐτὸς
1616 200 1641 250 ὁ
1669 197 1897 265 μακάριος

90 276 203 357 ἒέξΐῗ,
222 328 249 352 2.
314 281 745 347 Εὐαγγελιστὴς,“
720 289 918 347 οτιπερί
924 279 1106 332 ‘'Hv
1087 305 1112 332 ο
1136 281 1293 347 Λόγος
1327 284 1376 333 ἐν
1407 284 1542 349 ἀρχῇ,
1575 304 1650 332 και
1685 279 1806 333 Θεὸς
1840 278 1898 343 ἦν

90 367 142 398 1b.
161 378 190 408 3·
330 363 392 412 ‘6
420 362 593 458 Λόγος,
622 363 697 412 καὶ
727 361 784 426 ἦν
809 364 856 412 ἐν
883 364 1005 430 ἀρχῇ
1040 361 1158 428 πρὸς
1191 361 1275 413 τὸν
1302 361 1467 425 Θεὸν,”
1497 365 1572 414 καὶ
1599 361 1707 413 ὅτι(
1713 360 1898 413 ζπάντα

267 445 294 486 d
313 449 340 472 ‘⁶
365 443 419 494 δι’
457 445 598 494 αὐτοῦ
636 443 830 508 ἐγενετο,
832 442 857 459 ”
886 465 961 494 και
1000 442 1057 507 ἦν
1083 445 1131 493 ἐν
1156 448 1251 497 τοῖς
1285 443 1562 509 γενομένοις,
1591 445 1654 497 ὡς
1689 441 1794 508 ζωὴ,
1821 443 1897 493 καὶ

88 528 188 569 1b.4.
311 523 382 575 ὅτι
437 524 521 575 ‘rb
563 528 665 591 φῶς
708 528 802 574 τῶν
844 523 1104 590 ἀνθρώπων
1142 523 1200 588 ἧν
1237 524 1265 587 ἡ
1309 523 1443 589 ζωὴ,”
1482 525 1557 575 ἱνα
1600 523 1676 574 διὰ
1717 523 1897 575 τούτων

310 605 533 656 ἁπάντων
561 604 685 655 Θεὸν
710 604 824 655 ὄντα
849 604 969 655 κατὰ
997 604 1146 673 φύσιν
1172 605 1396 674 ἀποδείξῃ
1423 604 1505 656 τὸν
1530 604 1658 656 Υὶόν.
1702 607 1896 670 ἐπιμαρ-

86 696 142 728 ΕΞ·
155 697 199 728 xl.
216 706 245 737 3·
307 690 436 751 τυρεῖ
457 685 505 736 δὲ
532 687 657 755 αὐτῷ
684 689 759 736 καὶ
786 687 811 736 6
838 685 1093 740 θεσπέσιος
1123 685 1396 751 βαπτιστής
1423 693 1450 716 “
1469 684 1785 750 Ἑτοιμάσατε
1810 684 1897 750 τὴν

307 766 469 818 “6361)
505 772 589 818 τοῦ
630 768 822 833 Κυρίου,
862 772 1004 829 βοῶν,
1043 768 1219 822 εὐθείας
1257 772 1428 819 ποιεῖτε
1466 766 1550 821 τὰς
1587 767 1776 833 τρίβους
1812 772 1896 818 τοῦ

309 855 335 878 “
363 851 488 899 Θεοῦ
514 849 676 912 ἡμῶνῖ
737 846 852 899 εἶναι
881 848 972 915 γὰρ
999 847 1056 913 δὴ
1081 848 1269 903 πάντως
1298 851 1393 915 ἐρεῖ
1412 871 1480 903 τις
1507 847 1631 899 Θεὸν
1656 847 1896 913 ἀληθινὸν,

305 952 389 980 τον
417 927 454 979 ὧ
481 928 600 980 κατὰ
627 930 826 998 φύσιν’
804 929 1051 997 ενυπάρχει
1086 929 1140 981 τὸ
1174 934 1256 994 τῆς
1291 930 1559 997 κυριότητος
1594 929 1794 999 ἀξίωμα,
1821 932 1895 980 καὶ

306 1011 389 1062 οὐκ
415 1012 464 1061 ἐν
489 1011 628 1080 ἑτερῳ
655 1012 868 1078 φαίνοιτο
894 1011 1081 1078 προσὸν
1107 1035 1273 1078 κυριως
1300 1035 1349 1063 τε
1376 1014 1453 1063 καὶ
1479 1014 1682 1076 ἀληθῶς,
1709 1010 1896 1077 ἐπείπερ

83 1082 203 1157 {7132
266 1098 334 1133 Θ“
360 1091 446 1146 Εἷς
482 1091 568 1156 μὲν
608 1093 717 1156 ἡμῖν
756 1094 781 1143 ὁ
822 1093 942 1147 Θεὸς
981 1095 1056 1144 καὶ
1098 1092 1282 1160 Πατὴρ,
1315 1093 1377 1147 εἷς
1416 1092 1464 1144 δὲ
1504 1094 1675 1159 Κύριος
1708 1094 1895 1156 Ἰησοῦς

82 1179 133 1211 Ib·
154 1188 183 1220 5-
306 1180 333 1204 “
358 1173 602 1239 Χριστὸς”
644 1173 763 1224 κατὰ
801 1173 886 1238 τὴν
927 1174 1128 1225 Παύλου
1177 1175 1358 1243 φωνήν·
1422 1177 1499 1225 καὶ
1546 1178 1584 1225 εὶ
1634 1175 1729 1225 θεοὶ
1776 1172 1896 1224 κατὰ

304 1252 443 1322 χάριν
470 1256 545 1305 καὶ
574 1255 720 1321 κύριοι
746 1260 1001 1306 καλοῦνται
1027 1258 1204 1307 πολλοὶ
1232 1257 1279 1307 ε”ν
1305 1279 1356 1307 τε
1389 1259 1456 1325 τῷ
1491 1256 1673 1324 οὐρανῷ
1710 1256 1785 1305 καὶ
1819 1256 1894 1305 ἐπὶ

303 1337 386 1398 τῆς
421 1338 522 1401 γῆς,
556 1337 665 1386 ἀλλ’
701 1335 764 1389 εἷς
797 1336 915 1399 μετὰ
950 1342 1032 1387 τοῦ
1068 1337 1260 1403 Πατρὸς
1296 1337 1417 1391 Θεὸς
1451 1336 1673 1402 ἀληθινὸς
1708 1336 1889 1390 ὁΥἱός.

304 1417 485 1480 οὐκοῦν,
511 1416 872 1485 ἀξιολογωτάτη
911 1417 996 1482 μὲν
1025 1423 1119 1469 τῶν
1152 1419 1300 1484 ἁγίων
1325 1419 1576 1485 μαρτύρων
1607 1419 1635 1482 ἡ
1674 1418 1890 1487 ξυνωρὶς,

303 1499 465 1552 πίστις
499 1497 548 1549 δὲ
583 1498 752 1550 λοιπὸν
785 1498 1046 1564 οὐδαμόθεν
1080 1500 1461 1567 κατηγορουμένη
1495 1505 1591 1553 τοῖς
1626 1499 1894 1565 λεγομένοις

81 1593 131 1626 61
149 1592 200 1626 A.
263 1580 555 1648 αόφείλεται,
583 1584 659 1631 καὶ
697 1580 751 1631 τὸ
790 1583 839 1631 ἐκ
879 1581 1023 1645 νόμου
1058 1588 1283 1643 λαβοῦσα
1317 1582 1568 1648 πλήρωμα,
1599 1583 1675 1632 καὶ
1708 1585 1766 1648 τῇ
1799 1585 1894 1632 τῶν

301 1661 577 1726 προσώπων
602 1664 881 1731 περιφανείᾳ
914 1663 1242 1728 βεβαιουμένη.
1292 1663 1345 1714 τὸ
1372 1663 1456 1727 μὲν
1483 1663 1563 1714 οὖν
1589 1664 1694 1728 περὶ
1728 1663 1892 1713 ἑαυτοῦ

302 1764 348 1792 τι
382 1741 530 1810 φάναι
566 1742 649 1793 τὸν
682 1742 915 1809 μακάριον
940 1744 1320 1809 Εὐαγγελιστὴν,
1347 1746 1422 1795 καὶ
1457 1749 1551 1795 τῶν
1582 1744 1710 1794 ἰδίων
1739 1745 1887 1808 ἐγκω-

301 1823 421 1886 μίων
446 1821 749 1891 ἐφάψασθαι,
778 1824 1004 1892 φορτικὸν
1030 1824 1088 1889 ἧν
1114 1825 1259 1879 ὅντως
1295 1828 1369 1877 καὶ
1400 1825 1563 1879 ἄλλως
1594 1824 1887 1876 ἀπαίδευτον·

79 1909 203 1990 {gram
303 1902 331 1969 ὴ
370 1903 464 1970 γὰρ
503 1902 561 1954 ἂν
600 1905 773 1969 ἤκουσε
812 1905 997 1960 δικαίως
1023 1913 1050 1936 “
1072 1904 1140 1956 Σὺ
1177 1908 1282 1973 περὶ
1320 1911 1523 1957 σεαυτοῦ
1559 1910 1826 1972 μαρτυρεῖς,
1863 1906 1892 1969 ἡ

141 1977 147 1983 ’
211 1976 216 1981 ⁵
304 1992 331 2015 ‘⁶
350 1985 584 2051 μαρτυρία
609 2008 701 2037 σου
728 1987 810 2037 οὐκ
836 1986 966 2038 ἔστιν
987 1986 1207 2051 ἀληθής.”
1251 1987 1327 2038 διά
1347 2011 1418 2038 τοι
1443 1993 1581 2039 τοῦτο
1600 1992 1697 2041 τοῖς
1716 1986 1893 2038 εἰδόσιν

301 2064 444 2116 αὐτὸν
469 2065 529 2117 τὰ
564 2068 669 2118 καθ’
698 2065 862 2119 ἑαυτὸν
888 2069 1059 2119 ἐννοεῖν
1083 2068 1328 2135 ἐπιτρέπει,
1353 2069 1425 2120 ἐπὶ
1457 2069 1505 2120 δὲ
1536 2068 1618 2120 τὸν
1644 2067 1893 2132 ὁμώνυμον

301 2147 501 2214 ἔρχεται,
532 2152 689 2202 καλῶς
715 2171 768 2214 γε
795 2147 990 2218 σφόδρα
1024 2151 1098 2200 καὶ
1131 2155 1270 2201 τοῦτο
1303 2155 1466 2213 ποιῶν,
1492 2151 1568 2201 καὶ
1593 2149 1892 2202 ἀπεστάλθαι

302 2229 455 2296 φησὶν
481 2227 622 2279 αὐτὸν
646 2229 775 2298 παρὰ
802 2232 926 2282 Θεοῦ.
978 2231 1066 2281 ἔδει
1093 2230 1186 2297 γὰρ
1213 2233 1295 2282 οὐκ
1321 2231 1599 2302 αὐτόμολον,
1626 2229 1731 2282 οὐδὲ
1756 2232 1893 2281 αὐτο-

258 2309 464 2378 13κλήτῳ
509 2312 712 2377 σπουδῇ,
751 2310 869 2376 πρὸς
913 2310 999 2375 τὴν
1042 2312 1156 2378 ὑπὲρ
1202 2318 1284 2363 τοῦ
1327 2315 1546 2378 Σωτῆρος
1590 2312 1720 2375 ἡμῶν
1763 2311 1893 2363 ἰόντα

302 2389 563 2457 μαρτυρίαν
588 2390 808 2442 δεικνύειν
834 2390 916 2443 τὸν
942 2391 1077 2457 ἅγιον
1102 2391 1390 2456 βαπτιστὴν,
1418 2393 1549 2443 ἀλλὰ
1582 2398 1680 2446 τοῖς
1714 2393 1892 2444 ἄνωθεν

304 2472 680 2537 διατεταγμένοις
707 2473 972 2536 ὑπείκοντα,
1004 2475 1078 2523 καὶ
1105 2478 1200 2526 τοῖς
1229 2474 1364 2528 θείοις
1391 2479 1473 2524 τοῦ
1501 2473 1693 2540 Πατρὸς
1723 2476 1892 2541 ὑπηρε-

349 2648 382 2684 7.
407 2641 426 2673 ὁ
443 2650 513 2674 om.
533 2639 668 2698 §figneh
793 2640 826 2674 8.
853 2642 912 2675 τοῦ
929 2642 1026 2686 prius
1045 2647 1268 2686 assumptum
1286 2654 1327 2676 ex
1348 2642 1389 2677 Β.
1515 2654 1569 2678 10.
1597 2643 1776 2688 ἐνυπάρχει
1796 2645 1889 2680 D.E.

301 2685 446 2730 ὑπάρχει
465 2685 507 2720 Β.
527 2686 710 2730 ἐνυπάρχοι
729 2686 795 2720 Ed.
950 2699 1003 2721 11.
1030 2687 1065 2721 ἐν
1084 2687 1126 2722 Β.
1144 2688 1184 2721 ἂν
1202 2688 1268 2722 Ed.
1416 2700 1468 2733 13.
1496 2689 1572 2734 τὴν]
1597 2694 1634 2730 -f-
1655 2693 1715 2725 τοῦ
1734 2690 1777 2725 Β.
1841 2690 1888 2736 εἶ]

302 2732 333 2763 οἶ
352 2731 393 2765 Ε.
494 2743 546 2774 14.
572 2732 688 2777 χάριν]
709 2737 745 2773 -Ι-
767 2733 820 2767 καὶ
838 2733 904 2767 vioe
922 2732 964 2767 Β.
1069 2743 1121 2777 17.
1147 2734 1262 2768 πίστει
1282 2734 1323 2767 Β.
1431 2746 1485 2777 24.
1513 2736 1637 2770 ἐννοεῖν
1654 2736 1697 2770 Β.
1716 2738 1803 2770 νοεῖν
1820 2737 1888 2771 Ed.

305 2775 465 2810 Statim’
448 2778 637 2822 επιτρέπειν
656 2779 697 2813 Β.
972 2788 1028 2824 25.
1054 2779 1110 2825 γε]
1131 2780 1167 2814 δέ
1183 2795 1222 2825 γε
1243 2780 1284 2814 Β.
1358 2781 1411 2815 καὶ
1428 2782 1525 2826 prius
1543 2788 1765 2838 assumptum
1783 2794 1825 2816 ex
1844 2783 1887 2817 Β.

301 2823 409 2856 ποιεῖν
427 2823 468 2856 Ε.
715 2824 769 2860 26.
795 2825 1000 2871 αὐτόμολον]
1021 2826 1231 2869 αὐτομολοῦν
1247 2827 1347 2861 αὐτὸν
1366 2827 1407 2861 Β.
1489 2827 1694 2872 αὖτοκλήτος
1711 2829 1763 2872 (—
1735 2844 1764 2848 -
1787 2828 1887 2862 αὐτο·

304 2867 447 2911 κλὴτως)
471 2869 509 2902 Β.
678 2882 733 2915 2.7
759 2872 946 2916 μαρτυρίαν
963 2872 1053 2906 ἰόντα
1071 2873 1210 2907 inverso
1229 2872 1349 2907 01d'1ne
1369 2873 1410 2907 B.
1432 2872 1537 2908 Cord.

1916 539 1938 577 5

1918 953 1966 980 10

1913 1770 1963 1795 20

1913 2176 1962 2214 25
