2084 3317
122 141 192 183 vii,
214 154 279 197 25.
519 148 592 189 IN
635 151 677 190 S.
712 152 1045 195 JOANNEM.
1109 157 1234 198 LIB.
1258 159 1310 199 V.
1625 165 1708 203 649

122 252 436 308 ἀνατείνοντες
471 261 604 323 χεῖρα
634 258 720 323 τὴν
752 260 925 328 δεξιὰν,
952 265 1061 329 τῇδε
1094 266 1280 315 κάκεῖσε
1315 268 1702 333 περικομίζοντες,

121 333 383 385 δεικνύουσι
415 336 502 400 μὲν
528 338 610 389 τὸν
635 340 904 409 ἐλέγχοντα,
932 346 1191 410 διαγελῶσι
1218 347 1266 398 δὲ
1292 349 1381 412 ἤδη
1411 349 1497 413 τὴν
1522 352 1706 403 ἐκείνων

121 414 352 467 ἀτίθασον
374 418 632 484 ἀγριότητα
658 425 1044 489 κατηυνασμένην
1072 428 1281 492 ὁρῶντες,
1310 431 1363 480 οὐ
1389 437 1612 502 λογισμῷ
1638 439 1706 503 τῷ

119 496 353 565 σώφρονι·
379 500 553 564 πόθεν,
589 507 841 569 θεοπρεπεῖ
862 505 910 557 δὲ
935 512 1126 569 μᾶλλον
1153 510 1343 574 δυνάμει
1369 514 1444 563 καὶ
1471 514 1678 584 ἐξουσίᾳ.
1724 525 1750 564 d

78 590 100 627 5
194 582 485 643 Σημειωτεόν
536 584 584 635 δὲ
635 587 704 636 ὅτι
754 592 851 640 τοῖς
902 588 1071 643 ἄλλοις
1122 590 1276 642 ἅπασι
1325 597 1421 643 τῶν
1468 595 1705 648 Ἰουδαίων

118 658 281 727 ὄχλοις
310 662 652 733 Ἱεροσολυμῖται
690 669 824 731 μόνοι
862 672 1085 722 τάναντία
1123 676 1262 742 φασὶ,
1301 677 1377 726 καὶ
1415 675 1556 740 ὅπως,
1595 680 1699 743 ε’ρῶ.

117 745 455 808 εἰσηγουμένου
479 747 594 799 ποτὲ
619 748 678 799 τὰ
703 749 947 802 κάλλιστα
973 759 1056 804 τοῦ
1083 758 1304 821 Σωτῆρος
1328 757 1460 820 ἡμῶν
1486 762 1705 826 Χριστοῦ

114 824 516 890 παρειστήκεισαν
541 832 583 880 οἱ
611 834 865 896 Φαρισαῖοι
900 835 1218 901 διαπριόμενοι
1254 839 1329 889 ἐπὶ
1363 838 1557 903 τούτοις,
1583 843 1698 893 ἀνα-

116 908 456 971 κεκαλυμμένοι
483 909 530 961 δὲ
555 911 646 975 ἤδη
672 912 790 978 πρὸς
818 914 1051 980 ἀνήμερον
1077 917 1271 984 θράσος,
1293 922 1368 971 καὶ
1393 920 1452 971 τὰ
1478 923 1528 972 ἐκ
1554 922 1705 990 φόνου

49 1005 97 1030 10
115 986 336 1052 πράττειν
369 991 675 1057 ἐπειγόμενοι·
725 995 844 1061 πρὸς
881 997 937 1061 δὴ
976 1005 1116 1050 τοῦτο
1150 1000 1289 1055 αὐτὸς
1324 1002 1505 1070 ε”φασκε
1543 1027 1700 1072 παρα-

117 1075 374 1131 νομοῦντας
408 1073 618 1141 ἐλέγχων
653 1076 817 1131 αὐτοὺς
852 1079 960 1132 τοὺς
994 1079 1065 1131 ὅτι
1100 1081 1336 1148 προσήκοι
1371 1088 1525 1152 φονᾶν
1551 1087 1696 1151 ἐγνω-

114 1150 253 1204 κότας
281 1160 307 1182 “
329 1155 405 1205 Οὐ
432 1159 649 1221 Μωυσῆς
676 1159 872 1211 δέδωκεν
900 1163 1005 1225 ὑμῖν
1032 1162 1114 1213 τὸν
1140 1163 1315 1226 νόμον;
1358 1170 1433 1217 καὶ
1468 1167 1615 1221 οὐδεὶς
1648 1169 1705 1237 ἐξ
1721 1188 1741 1213 e
1763 1162 1870 1201 sulm

1764 1214 1894 1245 Ver-¹9.

114 1239 141 1261 “
168 1234 297 1296 ὑμῶν
329 1242 455 1288 ποιεῖ
487 1238 569 1289 τὸν
602 1239 758 1302 νόμον·
817 1243 866 1292 τί
893 1267 950 1306 με
990 1244 1162 1311 ζητεῖτε
1195 1248 1462 1298 ἀποκτεῖναι
1481 1249 1525 1310 ;”
1566 1252 1641 1300 καὶ
1676 1252 1700 1301 ὁ

111 1316 197 1377 μὲν
234 1316 430 1380 σύμπας
468 1326 551 1371 τοῦ
589 1321 739 1387 λόγου
778 1325 960 1379 σκοπὸς
999 1325 1082 1380 τὰς
1120 1332 1215 1378 τῶν
1254 1329 1521 1394 ἡγουμένων
1559 1355 1699 1382 κατα-

46 1411 92 1448 15
112 1397 291 1465 τοξεύει
340 1402 548 1466 καρδίας·
615 1404 964 1470 ὑποπλήττεται
1016 1409 1060 1457 δ’
1115 1410 1197 1460 οὖν
1247 1410 1373 1474 ὅμως
1421 1412 1448 1476 ἡ
1501 1415 1701 1478 ἀγελαῖα

111 1478 312 1544 πληθὺς,
341 1483 592 1550 ἀφορητῶς
619 1484 667 1536 δὲ
694 1489 959 1539 διατεθεῖσα
993 1492 1097 1555 περὶ
1133 1490 1239 1545 τοὺς
1274 1493 1446 1559 λόγους
1475 1496 1696 1561 ὑβριστι-

110 1560 315 1627 κώτερον
341 1565 622 1631 ἀπεκρίνατο
654 1567 871 1633 λε’γουσα
896 1577 923 1600 “
940 1571 1200 1636 Δαιμόνιον
1226 1573 1357 1641 ἔχεις·
1399 1577 1467 1629 τίς
1491 1600 1549 1628 σε
1577 1577 1705 1644 ζητεῖ
1761 1594 1811 1624 Ib-
1835 1604 1883 1626 20.

109 1649 137 1671 ‘⁶
163 1644 432 1696 ἀποκτεῖναι
450 1647 493 1708 ;”
546 1649 657 1699 ἀλλ’
698 1647 825 1713 οἶμαι
867 1653 1015 1703 παντί
1054 1677 1120 1724 τῳ
1166 1657 1314 1719 δῆλον
1353 1657 1593 1725 ὑπάρχειν,
1636 1662 1698 1713 ὡς

109 1724 297 1792 ἐπείπερ
323 1730 484 1779 ἐθεᾶτο
515 1734 762 1797 φονῶντας
792 1733 881 1798 ἤδη
907 1735 1014 1788 τοὺς
1043 1738 1345 1802 Φαρισαίους,
1371 1738 1520 1790 ἐκεῖνά
1546 1745 1697 1808 φησιν

41 1828 89 1852 20
109 1807 134 1857 ὁ
160 1809 386 1874 Χριστός.
438 1815 538 1865 πῶς
574 1813 655 1863 οὖν
681 1815 976 1879 ἀρνουμένων
1002 1819 1202 1869 ἐνταῦθα
1238 1825 1390 1883 τινῶν,
1419 1823 1494 1872 καὶ
1530 1821 1583 1872 τό
1611 1824 1696 1877 Τίς
1713 1850 1735 1873 a
1763 1841 1852 1874 444
1867 1840 1917 1874 A.

106 1911 166 1940 σε
193 1888 321 1955 ζητεῖ
340 1893 621 1957 ἀποκτεῖναι,
647 1896 886 1960 βοώντων,
911 1899 1288 1964 Ἱεροσολυμῖται
1312 1901 1447 1965 μόνοι
1474 1905 1698 1955 τάναντία

107 1976 204 2025 τοῖς
250 1972 420 2027 ἄλλοις
472 1973 626 2027 ἅπασι
677 1980 1114 2048 καταψηφιζόμενοι
1159 1982 1388 2048 λέγουσιν
1429 1989 1537 2050 Οὐχ
1583 1986 1697 2043 οὗτός

107 2053 219 2104 ἐστιν
257 2055 298 2106 ἓν
337 2056 526 2125 ζητοῦσιν
563 2062 855 2122 ἀποκτεῖναις
908 2063 957 2112 εὖ
996 2061 1045 2113 δὲ
1082 2065 1159 2114 καὶ
1197 2070 1336 2117 τοῦτο
1375 2069 1589 2129 Ζητσῧσ-ιν,
1622 2068 1697 2118 ἵνα

105 2140 202 2189 τοῖς
246 2136 450 2205 ἄρχουσι
493 2140 653 2203 μόνοις
695 2140 1014 2211 ἐπιγράφηται
1054 2144 1113 2196 τὰ
1158 2146 1460 2211 τολμήματα.
1530 2150 1696 2201 οὐκοῦν

38 2233 84 2270 25
103 2218 299 2272 πιθανός
338 2242 408 2274 τις
442 2221 562 2284 ἡμᾶς
597 2224 834 2274 ἀναπείθει
869 2223 1015 2291 λόγος
1049 2228 1234 2291 ἐννοεῖν,
1268 2230 1330 2281 ὡς
1367 2231 1392 2279 ὁ
1427 2228 1510 2292 μὲν
1544 2230 1696 2285 ἄλλος

103 2303 198 2349 τῶν
217 2300 456 2352 Ἰουδαίων
483 2302 690 2368 ἠγνόησε
718 2307 863 2371 δῆμος
889 2305 973 2357 τὸν
997 2309 1046 2358 ἐν
1071 2313 1165 2362 τοῖς
1192 2310 1466 2376 ἡγουμένοις
1494 2312 1693 2376 σκοπὸν,

102 2380 479 2447 Ἱεροσολυμῖται
511 2384 567 2436 δέ
592 2407 648 2451 γε
681 2385 800 2437 κατὰ
835 2387 894 2438 τὰ
927 2394 1136 2441 πλεῖστα
1170 2390 1394 2445 συνόντες
1429 2393 1585 2447 αὐτοῖς
1618 2397 1692 2445 καὶ

154 2537 184 2560 1.
219 2527 445 2563 ἀνατείνοντες
473 2528 549 2563 B.a.
578 2529 825 2575 [ἀνατείνοντος
851 2533 896 2577 (?)
921 2532 980 2579 B.]
1003 2533 1231 2571 ἀνατείναντες
1257 2536 1324 2570 Ed.
1413 2540 1473 2581 τὴν
1498 2538 1612 2582 δεξιὰν
1637 2551 1691 2573 as-

103 2581 288 2618 sumptum
306 2586 347 2608 ex
368 2575 444 2609 Ra.
566 2588 599 2621 3.
626 2577 792 2612 ἀτίθασον
808 2579 996 2614 edidimus,
1015 2581 1216 2616 ἀτίθασσῶν
1234 2583 1276 2618 Β.
1294 2583 1389 2619 unde
1405 2584 1605 2619 ἅτιθάσσων
1623 2586 1689 2619 Ed.

102 2631 136 2662 4.
161 2621 266 2653 πόθεν
283 2621 471 2655 edidimus.
490 2622 595 2656 ποθεν
613 2623 655 2656 Β.
673 2639 755 2658 ποτε
776 2625 842 2660 Ed.
1003 2628 1036 2661 8.
1063 2629 1338 2672 παρεστήκεισαν
1356 2631 1450 2665 Aub.
1531 2632 1689 2666 ἀνακεκο-

102 2666 282 2712 λυμμένοι]
303 2668 597 2712 ἀνακεκαλοιμένοι
617 2670 659 2703 Β.
678 2671 928 2716 ἀνακεκλιμένοι
948 2675 1094 2719 conjecit
1112 2675 1207 2709 haud
1225 2678 1316 2711 male
1333 2677 1428 2712 Aub.
1552 2689 1585 2721 9.
1612 2678 1689 2722 ἀνή-

101 2712 222 2759 μερον]
241 2713 414 2758 ἀμήχανον
434 2714 500 2749 Ed.
648 2728 659 2750 Ι
672 2729 700 2751 Ι.
725 2718 802 2753 τοὺς
819 2731 889 2754 om.
910 2720 976 2754 Ed.
1065 2722 1232 2765 προσήκει
1252 2723 1319 2757 Ed.
1468 2734 1520 2758 12.
1547 2724 1690 2758 δέδωκεν

104 2759 146 2794 Β.
164 2760 286 2794 ἔδωκεν
306 2761 371 2795 Ed.
527 2772 577 2806 15.
606 2762 624 2806 ἡ
642 2763 785 2809 ἀγελαῖα
801 2766 933 2809 πληθὺς
950 2767 1132 2812 (ἷφορὴτως
1149 2769 1348 2803 emendavit
1368 2769 1496 2814 Heyse.
1516 2769 1688 2816 ἠσαγελέιι

100 2807 277 2849 πληθοῖσα
294 2807 446 2852 φορῆτος
465 2808 545 2853 (Sic)
568 2810 609 2843 B.
628 2810 722 2844 unde
740 2811 758 2855 ἡ
776 2812 882 2856 ἀγέλη
900 2815 1082 2856 πλυθεῖσιι,
1101 2816 1262 2859 φορητῶς
1282 2815 1413 2856 Holst.,
1431 2816 1450 2858 ἡ
1468 2816 1573 2861 ἀγέλη
1595 2844 1601 2851 .
1623 2844 1630 2851 .
1652 2845 1659 2851 .
1681 2846 1686 2851 .

103 2878 110 2886 .
130 2854 289 2897 φορητῶς
306 2854 401 2888 Aub.
546 2867 602 2890 22.
628 2858 681 2891 καὶ
698 2858 929 2903 ψηφιζόμενοι
953 2860 992 2894 Β.
1012 2861 1329 2905 κατηψηφιζόμενοι
1347 2863 1495 2897 correxit
1511 2864 1574 2898 Ht.
1594 2864 1687 2898 unde

102 2898 169 2934 Ed.
360 2912 415 2943 24.
442 2903 480 2935 τὸ
499 2903 655 2947 τόλμημα
673 2915 703 2938 a.
722 2911 755 2938 et
772 2905 819 2940 ita
837 2905 982 2940 adnotat
999 2907 1093 2941 Aub.
1114 2907 1156 2941 de
1175 2907 1252 2942 Cat.
1274 2908 1373 2943 Harl.
1566 2920 1621 2956 27.
1647 2926 1686 2956 γε

99 2952 322 2991 assumptum
340 2959 379 2981 ex
401 2948 431 2982 B
449 2961 520 2994 mg.
539 2961 569 2984 a.

157 3013 249 3041 VOL.
273 3014 302 3042 1.
889 3021 916 3058 4
938 3019 962 3045 o
