2084 3317
164 130 265 183 1124.
419 135 494 176 IN
536 137 578 177 S.
613 137 950 182 JOANNEM.
1014 144 1139 186 LIB.
1173 147 1233 189 H.
1299 150 1432 193 CAP.
1468 154 1501 194 Ι.
1675 160 1754 199 201

161 239 328 303 γήσων
364 247 556 305 μᾶλλον
594 246 714 314 ἤπερ
759 252 1209 319 συνεστιασόμενος,
1249 258 1315 308 ε”τι
1359 282 1407 310 τε
1445 260 1561 327 πρὸς
1603 265 1754 335 τούτῳ

161 322 236 370 καὶ
262 323 407 387 αὐτὴν
433 325 649 389 ἁγιάσων
675 332 758 394 τῆς
785 332 1038 398 ἀνθρώπου
1064 337 1292 400 γενέσεως
1316 340 1403 405 τὴν
1429 343 1594 411 ἀρχήν·
1636 346 1754 398 ὅσον

158 400 206 451 δὲ
231 403 340 466 ἧκεν
366 409 429 459 εἷς
455 407 542 472 τὴν
567 409 726 476 σάρκα
753 414 925 480 φαμέν.
981 416 1070 467 ε”δει
1098 418 1190 486 γὰρ
1216 421 1360 486 αὐτὴν
1387 423 1472 488 τὴν
1499 427 1751 493 ἀνθρώπου

156 482 305 549 φύσιν
333 489 839 557 ἀνακεφαλαιούμενον,
870 497 945 546 καὶ
983 498 1102 563 ὅλην
1128 502 1507 571 ἀνασκευάζοντα
1541 508 1660 575 πρὸς
1695 510 1749 561 τὸ

112 564 361 631 5ὀίμεινον,
402 568 465 633 μὴ
505 570 651 634 μόνον
690 580 785 629 τοῖς
824 577 913 642 ἤδη
952 581 1072 646 πρὸς
1110 583 1164 634 τὸ
1206 584 1412 655 ὑπάρξαι
1451 591 1749 655 κεκλημένοις

153 650 381 712 διανέμειν
415 652 501 717 τὴν
533 656 768 722 εὐλογίαν,
797 659 927 711 ἀλλὰ
962 665 1037 713 καὶ
1074 670 1170 719 τοῖς
1206 667 1324 718 ὅσον
1358 670 1535 722 οὐδέπω
1570 679 1738 741 τεχθη-

150 730 367 792 σομένοις
405 738 778 805 προευτρεπίζειν
813 740 899 805 τὴν
932 743 1084 811 χάριν,
1113 749 1188 798 καὶ
1228 751 1368 814 ἁγίαν
1403 754 1557 804 αὐτῶν
1593 779 1740 807 κατα-

148 816 328 876 στῆσαι
355 815 441 876 τὴν
467 822 529 872 εἷς
554 818 608 869 τὸ
635 817 749 872 εἶναι
774 823 999 888 πάροδον.

223 898 319 947 Καὶ
354 899 515 964 τρίτην
541 902 615 951 ε’πὶ
652 903 802 973 τούτῳ
839 905 976 974 δέχου
1012 908 1098 972 τὴν
1124 913 1403 979 ἀπολογίαν.
1461 918 1614 984 εἴρητό
1649 932 1787 973 πουὶ)

81 998 127 1023 10
144 975 262 1042 πρὸς
301 978 387 1043 τὴν
425 986 625 1046 γυναῖκα
667 985 796 1052 παρὰ
838 991 963 1040 Θεοῦ
1004 998 1031 1020 “
1055 992 1142 1043 Ἐν
1184 994 1356 1051 λύπαις
1401 999 1513 1069 τέξῃ
1554 1003 1737 1054 τε’κνα.”
1803 1008 1906 1084 gfff-6

142 1062 244 1112 πῶς
278 1061 359 1112 οὖν
394 1062 482 1113 ἔδει
515 1067 590 1115 καὶ
625 1067 799 1132 ταύτην
832 1071 952 1134 ἡμᾶς
991 1075 1389 1141 ἀποκρούσασθαι
1427 1081 1514 1146 τὴν
1545 1083 1677 1150 ἀρὰν,
1710 1084 1738 1150 ὴ

141 1144 241 1195 πῶς
281 1141 338 1193 ἂν
369 1143 427 1208 ἧν
461 1145 628 1213 ἑτέρως
667 1151 915 1220 διαφυγεῖν
942 1160 1400 1223 καταδεδικασμένον
1432 1162 1517 1215 τὸν
1550 1166 1734 1231 γάμον,

142 1220 286 1274 ἐ’λυσε
324 1227 400 1276 καὶ
438 1233 578 1279 τοῦτο
618 1231 961 1300 φιλάνθρωπος
1000 1236 1066 1288 ὧν
1105 1241 1129 1290 ὁ
1170 1242 1356 1309 Σωτήρ.
1425 1248 1641 1312 τετίμηκε
1680 1254 1738 1318 τῇ

139 1308 379 1376 παρουσίᾳ
417 1308 499 1360 τὸν
534 1310 702 1375 γάμον,
738 1315 765 1378 ἡ
804 1315 997 1369 πάντων
1032 1321 1226 1384 εὐθυμία
1265 1328 1340 1376 καὶ
1374 1328 1514 1394 χαρὰ,
1545 1331 1620 1381 ἵνα
1654 1335 1735 1396 τῆς

72 1398 118 1436 15
137 1391 432 1454 τεκνογονίας
458 1390 544 1455 τὴν
571 1395 772 1462 ἀρχαίαν
798 1398 1008 1468 ἐξελάσῃ
1035 1403 1307 1472 κατήφειαν·
1337 1415 1364 1437 “
1385 1411 1450 1460 Εἴ
1471 1433 1539 1465 τις
1565 1413 1659 1480 γὰρ
1685 1417 1734 1466 ἐν
1801 1424 1902 1496 ΞΕὈΓ·
1913 1435 1944 1456 v.

137 1475 166 1498 “
191 1473 404 1541 Χριστῷ,
444 1473 578 1539 καινὴ
624 1478 776 1531 κτίσις
821 1482 895 1530 καὶ
942 1481 1000 1532 τὰ
1047 1486 1220 1554 ἀρχαῖα
1264 1494 1551 1557 παρῆλθεν,”
1599 1498 1661 1550 ὡς
1707 1499 1732 1548 ὁ
1823 1485 1848 1506 Ι·

137 1551 334 1607 Παῦλός
371 1558 508 1623 φησι,
538 1563 564 1585 “
591 1558 756 1624 γε’γονε
792 1560 841 1611 δὲ
876 1565 1060 1616 καινά.”
1114 1569 1297 1636 ἔρχεται
1333 1582 1586 1641 τοιγαροῦν
1613 1580 1772 1641 ὁμοῦο

133 1638 230 1687 τοῖς
264 1637 442 1690 οἰκείοις
478 1643 709 1704 μαθηταῖς
745 1645 808 1696 εἷς
845 1643 928 1695 τὸν
954 1647 1126 1711 γάμον·
1171 1652 1260 1703 ἔδει
1296 1653 1390 1721 γὰρ
1423 1664 1638 1724 παρεῖναι
1665 1666 1732 1731 τῷ

133 1719 479 1789 θαυματουργῲ
519 1722 628 1776 τοὺς
669 1728 764 1774 τῶν
807 1728 1095 1799 παραδόξων
1137 1736 1503 1802 φιλοθεάμονάς,
1547 1743 1731 1811 τροφὴν

64 1818 113 1843 20
130 1795 293 1864 ὥσπερ
321 1800 424 1851 τινα
449 1807 507 1869 τῇ
533 1805 581 1854 ἐν
607 1806 763 1860 αὐτοῖς
787 1809 947 1861 πίστει
974 1814 1305 1883 συλλέξοντας
1340 1818 1394 1870 τὸ
1426 1824 1724 1887 τελούμενον.

129 1880 284 1945 ἐπειδὴ
312 1881 361 1933 δὲ
388 1882 511 1938 οἶνος
537 1887 827 1941 ἐπιλελοίπει
855 1892 962 1947 τοὺς
989 1895 1310 1962 ἑστιωμένους,
1334 1902 1406 1952 ἐπὶ
1434 1902 1520 1966 τὴν
1542 1908 1727 1972 συνήθη

129 1964 494 2030 φιλανθρωπίαν
527 1969 708 2034 ἀγαθὸν
743 1971 856 2023 ὄντα
891 1973 973 2026 τὸν
1010 1977 1188 2044 Κύριον
1223 1984 1244 2041 ἦ
1276 1984 1411 2050 μήτηρ
1447 1986 1602 2038 ἐκάλει
1638 1991 1721 2040 λε’-

128 2066 285 2108 γουσα
312 2046 435 2099 Οἶνον
462 2053 538 2101 οὐκ
567 2051 748 2114 ἔχουσιν·
787 2057 849 2109 ὡς
874 2057 967 2123 γὰρ
993 2058 1097 2111 ἐνὸν
1117 2062 1185 2113 ἐπ’
1213 2063 1449 2132 ἐξουσίαις
1475 2070 1601 2140 αὐτῷ
1627 2077 1723 2123 πᾶν

128 2125 242 2193 ὅπερ
268 2125 326 2178 ἂν
351 2131 578 2190 βούλοιτο
604 2140 766 2199 ποιεῖν,
793 2141 856 2191 εἷς
881 2139 936 2189 τὸ
964 2145 1123 2206 θαῦμα
1149 2147 1419 2213 προτρέπει.

59 2307 106 2345 25
308 2306 359 2348 Τί
396 2308 491 2357 ἐμοὶ
530 2312 599 2352 καὶ
638 2313 716 2365 σοὶ,
755 2316 897 2369 Γύναι,
948 2319 1071 2360 οὔπω
1111 2323 1205 2363 ἥκει
1244 2325 1266 2364 ἡ
1307 2327 1400 2382 ὥρα
1439 2343 1533 2375 μου.
1735 2335 1762 2375 (1

191 2410 404 2480 ’Άριστα
439 2420 515 2469 καὶ
553 2427 718 2473 τοῦτον
755 2424 863 2488 ἡμῖν
898 2424 981 2478 τὸν
1012 2427 1162 2495 λόγον
1196 2432 1220 2481 ὁ
1258 2433 1426 2500 Σωτὴρ
1459 2437 1717 2503 ἐσχηματί-

122 2493 236 2560 ζετο.
305 2499 359 2548 οὐ
400 2499 494 2566 γὰρ
535 2502 624 2553 ἔδει
666 2507 890 2571 δρομαῖον
928 2510 1001 2560 ἐπὶ
1043 2510 1097 2562 τὸ
1137 2512 1359 2579 πράττειν
1397 2518 1569 2580 ἐλθεῖν,
1613 2520 1717 2571 οὐδὲ

121 2576 387 2641 αὐτόμολον
439 2580 603 2650 ὥσπερ
653 2586 856 2652 ὁρᾶσθαι
907 2594 1282 2660 θαυματουργὸν,
1328 2599 1615 2663 κεκλημένον
1666 2601 1714 2652 δὲ

172 2718 201 2738 1.
228 2711 537 2753 συνεστιασόμενος
563 2712 605 2746 Β.
626 2714 870 2759 ἑστιασόμενος
897 2719 942 2753 D.
967 2720 1059 2755 Catt.
1087 2721 1153 2756 Ed.
1178 2725 1422 2768 ἑστιασόμενος
1448 2728 1574 2773 corrigi
1600 2730 1712 2764 voluit

121 2751 156 2784 D
175 2764 246 2797 mg.
360 2765 391 2788 2.
417 2757 476 2800 τὴν
493 2764 571 2792 ante
589 2761 647 2804 τῆς
663 2767 796 2808 transp.
816 2771 849 2798 et
866 2768 926 2799 τοῦ
945 2767 1063 2801 statim
1081 2769 1178 2803 addit
1195 2782 1224 2804 a.
1243 2771 1352 2805 invito
1373 2772 1478 2807 Cord.
1591 2787 1625 2819 3.
1651 2777 1709 2810 αὐ-

120 2797 195 2843 τὴν]
216 2799 324 2834 αὐτῶν
342 2802 395 2843 (=
419 2804 535 2847 αὐτὸν)
556 2805 597 2840 Β.
648 2807 823 2844 Neutrum
843 2811 948 2846 habet
968 2812 1073 2848 Cord.
1175 2828 1209 2861 9.
1235 2817 1356 2852 τούτου
1375 2818 1481 2854 Cord.
1590 2833 1643 2856 12.
1670 2824 1711 2857 ἂν

120 2855 190 2879 om.
211 2845 317 2880 Cord.
384 2847 422 2890 ἧν
440 2858 660 2896 assumptum
681 2866 722 2889 ex
742 2856 783 2891 B.
804 2857 910 2893 Cord.
1025 2872 1077 2905 13.
1104 2865 1222 2896 τοῦτον
1241 2863 1282 2896 Β.
1396 2876 1448 2911 15.
1476 2867 1546 2910 ἥτις
1564 2870 1711 2915 conjecit

121 2890 155 2924 D
174 2903 244 2935 mg.
365 2905 420 2928 20.
446 2897 563 2941 ὥσπερ
582 2900 653 2933 τινὰ
672 2900 738 2936 hoc
756 2904 877 2939 ordine
898 2905 938 2939 Β.
1054 2918 1108 2943 21.
1136 2909 1345 2945 ἐπιλελοίπει
1366 2912 1406 2946 Β.
1425 2914 1621 2950 ἐπιλέλοιπε
1641 2917 1708 2951 Ed.

120 2947 175 2971 22.
200 2938 313 2973 ἐκάλει
333 2940 374 2974 Β.
395 2942 536 2977 ἐκάλεσε
556 2945 621 2980 Ed.

175 3005 265 3034 von.
292 3008 320 3034 1.
876 3019 902 3045 D
924 3006 950 3045 d
