2084 3317
689 669 1010 718 ΚΕΦΑΛΗ
1069 671 1121 719 Γ.

103 857 197 900 ’Ότι
228 860 273 901 οὐ
305 860 400 911 ζωῆς
430 862 496 911 τῆς
526 859 615 913 παρ’
650 860 780 912 ἑτέρου
810 861 976 915 μέτοχός
1007 862 1116 902 ἐστιν
1148 862 1168 902 ὁ
1198 862 1305 913 Tibe,
1337 865 1496 913 μᾶλλον
1527 863 1569 903 δὲ
1604 865 1702 904 κατὰ

222 933 347 984 φύσιν
378 933 453 984 ζωὴ
485 934 535 976 ὡς
571 935 613 974 ἐκ
648 937 744 985 ζωῆς
780 936 847 986 τῆς
883 936 979 975 κατὰ
1014 935 1137 988 φύσιν
1168 935 1454 988 γεγεννημένος
1488 938 1556 976 τοῦ
1593 938 1702 977 Θεοῦ

221 1006 284 1047 καὶ
319 1007 489 1060 Πατρός.

65 1150 87 1190 5
110 1147 259 1191 Καθὼς
296 1149 526 1193 ἀπέστειλέ
564 1166 615 1199 με
659 1151 674 1194 c‘
725 1151 803 1209 ζῶν
841 1151 1005 1208 Πατὴρ,
1044 1151 1162 1199 adl-d)
1199 1151 1254 1209 ζώ
1292 1151 1360 1193 διὰ
1398 1152 1470 1194 τὸν
1509 1152 1695 1209 Πατέρα·
1719 1162 1766 1201 57

373 1233 442 1275 καὶ
479 1234 502 1275 ὁ
539 1232 718 1291 τρώΓων
756 1249 822 1285 με,
861 1231 1057 1276 κάκεῖνος
1095 1234 1208 1292 ζήσει
1246 1234 1292 1276 δι’
1336 1234 1427 1283 ἐμὲ.

181 1372 846 1421 ΑΣΥΜΦΑΝΕΣΤΕΡΟΣ
887 1368 973 1434 μὲν
1011 1375 1107 1422 τῶν
1146 1371 1462 1439 προκειμένων
1500 1372 1525 1422 ὁ
1571 1377 1696 1434 νοῦς,

106 1452 183 1501 καὶ
232 1451 285 1502 οὐ
328 1455 387 1519 τῇ
433 1451 647 1520 τυχούσῃ
691 1453 944 1521 δυσχερείᾳ
988 1454 1416 1523 κατημφιεσμένος·
1473 1453 1604 1518 πλὴν
1645 1455 1699 1505 οὐ

106 1537 356 1587 παντελῶς
400 1532 746 1600 ἀποσκιρτήσει
787 1533 905 1600 πρὸς
949 1533 1003 1585 τὸ
1046 1535 1340 1602 δυσεύρετον,
1379 1535 1694 1604 καταληφθή-

40 1641 89 1666 10
107 1637 244 1665 σεται
278 1614 373 1682 γὰρ
409 1617 484 1666 καὶ
520 1614 768 1680 ἁλώσιμος
804 1615 940 1667 ἔσται
977 1621 1074 1672 τοῖς
1112 1619 1264 1684 ὀρθῶς
1301 1616 1521 1669 ἐθέλουσι
1560 1623 1694 1670 νοεῖν.

108 1696 186 1748 ὅτε
210 1699 367 1748 τοίνυν
393 1697 695 1749 ἀπεστάλθαι
723 1700 875 1766 φησὶν
901 1698 1067 1749 ἑαυτὸν
1093 1700 1117 1750 ὁ
1143 1698 1271 1763 Υἱὸς,
1298 1699 1404 1751 τότε
1430 1698 1484 1752 τὸ
1517 1723 1699 1767 σεσαρ-

107 1783 293 1831 κῶσθαι
332 1783 482 1845 δηλοῖ,
522 1782 599 1830 καὶ
636 1779 794 1845 ἕτερον
832 1779 977 1830 οὐδέν·
1021 1779 1074 1832 τὸ
1113 1785 1457 1848 σεσαρκῶσθαι
1496 1780 1546 1832 δὲ
1584 1781 1739 1833 ὅτανο

106 1862 338 1927 λέγωμεν,
389 1862 642 1928 ἄνθρωπον
693 1862 971 1928 ὁλοκλήρως
1021 1863 1243 1929 γενέσθαι
1294 1863 1465 1933 φαμέν.
1533 1862 1698 1930 ὥσπερ

105 1944 261 1995 τοίνυν
295 1942 545 2010 ἄνθρωπόν
578 1966 650 2006 με,
682 1946 820 2013 φησὶ,
852 1943 1105 2008 πεποίηκεν
1141 1951 1159 1997 ὁ
1197 1944 1366 2016 Πατὴρ,
1398 1947 1473 1997 καὶ
1511 1946 1698 2014 ἐπείπερ

37 2039 85 2078 15
105 2026 154 2076 ἐκ
181 2029 264 2089 τῆς
297 2024 417 2076 κατὰ
449 2024 600 2094 φύσιν
626 2024 880 2091 ἐγεννήθην
907 2024 1025 2091 ζωῆς
1053 2025 1175 2082 Θεὸς
1208 2027 1272 2079 ὧν
1298 2027 1456 2095 Λόγος
1490 2027 1597 2094 ζωὴ,
1623 2031 1700 2080 καὶ

104 2106 355 2173 ἄνθρωπος
381 2105 591 2173 γεγονὼς
622 2109 706 2171 τῆς
735 2108 938 2170 ἐμαυτοῦ
974 2108 1167 2175 φύσεως
1200 2109 1283 2161 τὸν
1308 2109 1420 2174 ἐμὸν
1445 2110 1700 2175 ἐμπλήσας

104 2187 231 2251 ναὸν,
261 2188 480 2240 τουτέστι
517 2187 571 2239 τὸ
610 2193 768 2253 σῶμα·
819 2189 903 2240 τὸν
941 2190 1084 2242 αὑτὸν
1123 2190 1180 2256 δὴ
1218 2191 1396 2259 τρόπον
1434 2194 1509 2243 καὶ
1550 2194 1575 2243 ὁ
1613 2191 1700 2257 τὴν

104 2269 220 2334 ἐμὴν
246 2271 420 2321 ἐσθίων
446 2270 606 2336 σάρκα
641 2271 757 2340 ζήσει
795 2268 846 2322 δι’
877 2271 972 2340 ἐμέ·
1026 2270 1206 2335 ’ἔλαβον
1238 2273 1332 2342 γὰρ
1366 2274 1452 2339 τὴν
1487 2274 1697 2338 ἀποθνή-

105 2374 325 2402 σκουσαν
366 2350 539 2419 σάρκα,
582 2352 695 2402 ἀλλ’
737 2353 925 2420 ἐπείπερ
975 2354 1186 2424 ἐνῴκηκα
1233 2357 1393 2424 ταύτῃ,
1435 2355 1527 2422 ζωὴ
1578 2356 1699 2407 κατὰ

37 2454 88 2479 20
107 2433 258 2501 φύσιν
290 2432 529 2501 ὑπάρχων,
556 2432 633 2484 διὰ
667 2433 721 2485 τὸ
755 2436 805 2486 ἐκ
840 2434 1012 2502 ζῶντος
1047 2435 1163 2488 εἶναι
1197 2437 1403 2505 Πατρὸς,
1434 2442 1602 2489 πᾶσαν
1634 2442 1744 2494 εἱςᾶ

106 2513 227 2580 ζωὴν
265 2516 638 2583 ἀνεστοιχείωσα
676 2515 764 2580 τὴν
802 2517 1018 2581 ἐμαυτοῦ.
1071 2520 1125 2569 οὐ
1163 2520 1400 2584 νενίκημαι
1438 2521 1496 2587 τῇ
1536 2523 1698 2589 φθορᾷ

104 2599 189 2660 τῆς
231 2594 426 2663 σαρκὸς,
465 2597 678 2663 νενίκηκα
718 2596 767 2649 δὲ
807 2603 1001 2663 μᾶλλον
1039 2599 1185 2664 αὐτὴν
1223 2602 1285 2655 ὡς
1327 2600 1462 2655 Θεός.
1531 2601 1697 2669 ὥσπερ

105 2679 201 2729 οὖν·
241 2679 331 2745 ἐρῶ
366 2677 461 2745 γὰρ
496 2679 627 2733 αὖθις
660 2678 869 2745 ὀκνήσας
907 2680 1042 2732 οὐδὲν
1068 2681 1144 2733 διὰ
1178 2681 1233 2733 τὸ
1264 2681 1517 2750 χρήσιμον·
1557 2687 1594 2734 εἶ
1621 2686 1697 2735 καὶ

153 2819 188 2854 6.
215 2819 311 2863 ζήσει
330 2819 372 2853 Β.
393 2818 532 2863 ζήσεται
550 2819 619 2855 Ed.
780 2830 812 2866 7.
838 2821 900 2866 μὲν
916 2833 988 2856 om.
1008 2820 1051 2857 B.
1214 2833 1268 2856 12.
1294 2823 1333 2856 τὸ
1351 2829 1574 2868 assumptum
1592 2836 1634 2858 ex
1653 2824 1697 2859 B.

111 2877 165 2911 13.
191 2866 306 2912 φαμὲν
322 2866 483 2912 γενέσθαι
499 2867 640 2901 inverso
656 2866 778 2902 ordine
797 2868 840 2903 Β,
1050 2877 1103 2913 15.
1130 2868 1195 2912 ζωὴ
1216 2869 1258 2903 Β.
1277 2870 1341 2911 ζῶν
1360 2869 1467 2904 Cord.
1488 2870 1547 2906 Cr.
1565 2872 1610 2913 ζῶ
1629 2871 1696 2905 Ed.

107 2914 260 2994 ἷΐῗλιγὰὲ
276 2913 318 2947 Β.
337 2913 398 2957 μὲν
414 2914 481 2959 γὰρ
502 2912 568 2947 Ed.
701 2924 756 2949 21.
782 2914 1122 2960 ἆνεστοιχειωσάμην
1138 2915 1269 2961 ἐμαυτῷ
1291 2915 1332 2950 Β.
1464 2927 1518 2951 22.
1544 2917 1696 2965 μᾶλλον]

168 3027 258 3055 voL.
284 3028 311 3055 1.
884 3029 907 3069 3
931 3030 949 3055 z
