2084 3317
357 142 435 182 162
758 143 807 182 Β.
841 142 1120 184 CYRILLI
1159 143 1540 185 ALEXANDR.
1746 143 1770 183 i.
1794 155 1859 192 22,
1881 154 1944 196 23.

354 249 574 314 δηλονότι
601 253 676 301 καὶ
702 250 924 303 Ἰωάννου
950 255 1025 303 καὶ
1052 253 1243 316 Ἡλίου,
1267 254 1461 307 πλειόυς
1497 251 1757 321 ἀφίξεσθαι
1793 272 1946 316 προσ-

132 323 291 407 {35¹2}
353 334 560 383 δοκῶσιν
585 334 818 396 Ἰουδαῖοι,
846 334 922 384 ἵνα
947 337 1022 385 καὶ
1048 336 1234 388 δικαίως
1261 335 1508 386 ἀκούσωσι
1535 342 1562 364 “
1584 337 1850 386 Πλανᾶσθε
1881 331 1947 396 μὴ

353 421 382 442 “
407 413 577 469 εἰδότες
625 413 710 469 τὰς
753 414 983 484 γραφάς.”
1045 415 1414 483 διερωτήσαντες
1459 415 1552 483 γὰρ
1594 415 1678 467 τὸν
1718 414 1948 481 μακάριον

352 497 639 560 βαπτιστὴν,
668 499 743 548 καὶ
771 497 1000 561 μαθόντες
1036 498 1106 549 ὅτι
1141 521 1228 565 περ
1265 497 1402 553 αὐτὸς
1438 500 1520 549 οὐκ
1557 498 1624 564 ε’ίη
1659 499 1684 549 ὃ
1709 496 1943 564 Χριστὸς,

352 579 683 642 ἀποκρίνονται
710 582 766 630 Ti
791 577 884 639 οὖνς
927 579 1100 635 εΗλῖοις
1127 579 1190 641 εἷς
1233 582 1310 631 καὶ
1335 580 1559 646 λέγοντος
1586 584 1685 632 Οὐκ
1714 585 1816 648 εἰμὶ,
1844 579 1948 630 δεόν
1968 596 1989 634 5

353 657 518 713 αὐτοὺς
556 661 663 726 περὶ
701 665 784 711 τοῦ
822 660 1096 728 προδρόμου
1134 660 1305 713 λοιπὸν
1342 660 1769 713 ἀναπυνθάνεσθαι·
1809 666 1948 712 τοῦτο

128 754 212 787 109
230 753 279 787 A.
314 764 335 787 a
352 740 446 806 γὰρ
471 740 529 805 ἧν
555 740 619 792 ε”τι
646 740 701 793 τὸ
728 747 904 793 λεῖπον·
947 744 1238 798 ἀπαιδεύτως
1265 745 1334 795 ἐπ’
1357 744 1499 795 αὐτὸν
1527 743 1840 811 ἀνατρέχουσι
1864 741 1947 793 τὸν

352 823 584 888 Χριστὸν,
612 823 694 874 τὸν
721 826 782 877 ὡς
818 824 1072 893 προφήτην
1107 824 1182 876 διὰ
1216 832 1300 877 τοῦ
1336 825 1479 889 νόμου
1515 825 1942 890 καταδηλούμενον.

351 903 438 970 ὅρα
463 904 557 971 γὰρ
594 905 641 956 τί
668 911 822 975 φασιν
847 907 930 958 οὐκ
966 906 1136 961 εἰδότες
1171 907 1230 958 τὰ
1264 907 1341 959 διὰ
1369 907 1614 961 Μωυσέως
1639 908 1698 959 ‘O
1725 909 1946 977 προφήτης

351 985 392 1037 εἶ
422 987 505 1047 σός
550 994 627 1038 καὶ
666 988 876 1055 ἀπεκριθη
904 989 989 1041 01²5·
1035 991 1088 1040 οὐ
1123 989 1217 1057 γὰρ
1252 988 1310 1054 ἧν
1337 988 1476 1044 αὐτὸς
1513 991 1537 1040 ὁ
1568 989 1797 1057 Χριστὸς,
1824 988 1947 1040 καθὰ
1972 1012 2018 1036 10

349 1070 426 1119 καὶ
453 1067 649 1136 φθάσας
676 1069 766 1134 ἤδη
794 1071 1139 1139 διισχυρίσατο.

197 1272 256 1300 22,
282 1273 328 1308 23
452 1264 501 1305 Τί
540 1264 587 1306 σύ
625 1267 761 1314 λέΓειε
798 1266 895 1322 Περὶ
934 1270 1142 1319 σεαυτοῦ;
1192 1268 1278 1315 &sab
1316 1268 1442 1323 φωνή
1485 1267 1674 1317 βοῶντος
1711 1267 1756 1308 ὲν
1795 1270 1845 1324 τῇ

1062 1361 1224 1417 ἐρήμῳ,

419 1486 504 1539 Ὠς
544 1484 677 1537 οὐδὲν
715 1487 895 1541 εἰδότας
934 1489 1119 1556 ἐλέγχει
1157 1494 1361 1556 γοργῶς,
1397 1491 1473 1540 καὶ
1512 1492 1783 1558 προφητικῇ
1821 1512 1940 1541 πισ-

301 1569 327 1609 b
346 1572 506 1618 τοῦται
536 1570 769 1638 μαρτυρία
800 1568 886 1633 τὴν
918 1572 1296 1638 ἐγχειρισθεΐσαν
1330 1570 1571 1635 ὑπόθεσιν,
1599 1572 1702 1636 ἤτοι
1736 1571 1944 1624 διάνοιαν
1969 1596 2014 1632 15
2077 1597 2079 1619 t

344 1651 486 1719 αὐτῷ·
530 1651 626 1715 ἥκω
662 1650 773 1717 γὰρ,
807 1655 974 1721 φησὶν,
1002 1652 1134 1704 οὐδὲν
1158 1652 1316 1720 ἕτερον
1343 1655 1474 1720 ε’ρῶν,
1501 1652 1530 1719 ἢ
1567 1652 1639 1705 ὅτι
1674 1652 1845 1705 λοιπὸν
1870 1656 1943 1706 ἐπὶ

343 1731 504 1798 θύραις
533 1733 557 1782 ὁ
583 1734 993 1798 προσδοκώμενος,
1011 1740 1202 1799 μᾶλλον
1230 1735 1278 1787 δὲ
1304 1735 1418 1787 ε’ίσω
1445 1739 1601 1803 θυρῶν
1624 1737 1649 1787 ὁ
1671 1735 1941 1802 Δεσπότης.

342 1812 656 1878 ἑτοιμάσθητε
691 1814 811 1882 πρὸς
847 1817 992 1883 ἥνπερ
1029 1815 1086 1867 ἂν
1120 1817 1358 1869 ἐπιτάττοι
1396 1818 1601 1885 βαδίζειν
1627 1817 1751 1881 ὁδὸν,
1778 1819 1938 1879 ἐβαδί-

343 1918 461 1946 σατε
488 1895 575 1959 τὴν
602 1896 677 1948 διὰ
706 1898 970 1961 Μωυσέως,
992 1898 1258 1959 ἀναλάβετε
1286 1899 1373 1965 τὴν
1399 1899 1476 1951 διὰ
1501 1904 1735 1966 Χριστοῦ·
1770 1901 1943 1966 ταύτην

344 1978 450 2040 ὑμῖν
477 1979 502 2028 ὁ
529 1983 622 2029 τῶν
649 1979 799 2045 ἁγίων
824 1984 1084 2049 προφητῶν
1110 1982 1426 2049 προεκήρυττε
1449 1981 1604 2050 χορός.
1964 2007 2014 2031 20
2072 2046 2074 2052 y

305 2159 327 2185 C
610 2153 839 2205 Παράθεσις
868 2154 996 2206 ῥήτων
1026 2155 1115 2207 περὶ
1145 2158 1236 2197 ὁδοῦ
1267 2158 1333 2208 τῆς
1365 2159 1462 2198 κατὰ
1492 2159 1680 2210 Χριστόν.

121 2284 176 2315 ES-
195 2285 227 2315 ii·
248 2295 276 2325 3-
418 2293 595 2324 ΗΣΑΙΑΣ.
639 2282 666 2304 ‘⁴
686 2280 835 2327 Δεῦτε
875 2279 950 2328 καὶ
990 2279 1242 2340 ἀναβῶμεν
1279 2283 1343 2333 εἰς
1383 2278 1438 2330 τὸ
1481 2279 1589 2346 ὅρος
1634 2285 1717 2330 τοῦ
1763 2281 1940 2346 Κυρίου

343 2362 370 2384 “
397 2357 472 2406 καὶ
500 2360 562 2410 εἷς
588 2355 671 2407 τὸν
698 2355 824 2408 οἶκον
850 2365 933 2410 τοῦ
962 2363 1086 2410 Θεοῦ
1112 2360 1301 2424 Ἰακὼβ,
1329 2363 1406 2412 καὶ
1432 2363 1690 2428 ἀναγγελεῖ
1719 2361 1828 2426 ἡμῖν
1853 2361 1938 2426 τὴν

344 2442 370 2465 “
396 2436 506 2487 ὁδὸν
529 2438 686 2500 αὐτοῦ,
713 2441 787 2490 καὶ
813 2439 1146 2506 πορευσόμεθα
1175 2444 1222 2493 ἐν
1249 2442 1415 2510 αὐτῇ.”

120 2517 278 2550 Ib.xxxv.
417 2539 444 2567 o
471 2534 585 2570 αὐτός.
622 2518 848 2572 “”Εσται
887 2524 981 2573 ἐκεῖ
1015 2521 1140 2577 ὅλως
1179 2523 1361 2590 καθαρὰ
1401 2523 1521 2588 ὁδὸς,
1563 2526 1639 2575 καὶ
1679 2525 1785 2580 ὁδὸς
1824 2526 1937 2591 ἁγία
1960 2548 2008 2585 25
2067 2554 2070 2582 ς

393 2680 424 2704 1.
449 2670 606 2716 πλείους]
625 2673 776 2708 τελείους
795 2672 837 2707 Β.
993 2686 1026 2716 4.
1051 2688 1114 2718 περ
1135 2686 1207 2709 om.
1226 2675 1267 2709 B.
1425 2687 1455 2722 7.
1482 2675 1522 2720 ἦν
1539 2684 1761 2722 assumptum
1780 2690 1821 2712 ex
1841 2678 1933 2712 D.E.

342 2715 437 2750 ἐστιν
456 2716 510 2757 B„
528 2720 693 2753 omittens
711 2720 759 2754 ἔτι
777 2731 939 2766 sequens·
1004 2722 1127 2755 λοῖπον
1145 2722 1225 2765 (sic)
1244 2723 1288 2757 E.
1304 2724 1427 2758 λοιπὸν
1446 2724 1582 2769 Migne.
1667 2736 1720 2765 12,
1736 2735 1789 2770 13.
1807 2737 1865 2759 W.
1880 2736 1935 2767 22,

343 2773 387 2806 23
405 2763 502 2797 addit
518 2764 551 2798 D
567 2777 639 2810 mg.
802 2778 854 2811 15.
881 2767 1030 2801 διάνοιαν
1050 2768 1091 2802 Β.
1111 2768 1279 2803 διακονίαν
1299 2769 1365 2804 Ed.
1530 2772 1582 2805 18.
1610 2771 1779 2806 ἐπιτάττοι
1801 2771 1842 2805 Β.
1861 2771 1932 2805 ε’πι-

341 2810 444 2853 τάττῃ
464 2810 510 2844 D.
531 2811 698 2846 ἐπιτάττει
718 2812 784 2847 Ed.
850 2814 1036 2854 ἐβαδὶσατο
1056 2814 1102 2848 D.
1306 2827 1358 2861 19.
1385 2817 1574 2858 ἀναλάβετε
1596 2817 1679 2851 Β.Ε.
1700 2822 1721 2835 “
1736 2818 1933 2862 suscipite„

343 2854 472 2898 Georg.
490 2857 596 2902 Trap.
613 2858 800 2899 ἀνελάβετο
819 2860 866 2894 D.
885 2860 1070 2901 ἀνελάβετε
1089 2860 1156 2895 Ed.
1260 2873 1313 2897 20.
1340 2864 1416 2907 ὑμῖν
1435 2864 1476 2898 Ε.
1496 2867 1520 2882 “
1532 2864 1660 2899 vobis‘’
1680 2864 1809 2909 Georg.
1826 2864 1932 2908 Trap.

341 2900 418 2943 ἡμῖν
438 2902 503 2936 Ε(1.
664 2917 718 2939 21.
745 2917 815 2940 om.
837 2907 877 2940 E.
1039 2918 1094 2952 23.
1120 2907 1198 2952 ἡμῖν
1218 2908 1259 2943 Β.
1281 2909 1416 2955 Migne.
1435 2910 1512 2954 ὑμῖν
1532 2910 1597 2944 Ed.
1763 2920 1818 2956 25.
1844 2911 1933 2948 ὅλως

342 2947 469 2993 καθαρὰ
488 2950 565 2986 ὁδὸς
587 2951 627 2985 Β.
647 2952 724 2988 ὁδὸς
741 2953 870 2998 καθαρὰ
890 2954 956 2988 Ed.
