2084 3317
93 163 163 203 vii.
184 176 250 218 39.
344 163 418 203 IN
462 162 503 202 S.
538 161 874 202 JOANNEM.
938 161 1061 201 LIB.
1088 162 1139 201 V.
1203 162 1337 202 CAP.
1372 163 1432 202 II.
1601 163 1681 202 695

170 269 657 338 Πολυπραγμονήσας
703 269 751 320 δὲ
802 269 887 333 τὴν
933 270 1097 331 αἰτίαν,
1145 271 1199 318 δι’
1248 267 1305 332 ἢν
1354 271 1407 319 οὐ
1457 269 1550 334 πρὸ
1603 273 1684 333 τῆς

95 352 419 415 ἀναστάσεως,
459 351 591 403 ἀλλὰ
628 351 746 416 μετὰ
787 351 962 415 ταύτην
1000 351 1028 414 ἡ
1072 356 1156 401 τοῦ
1197 349 1474 413 Πνεύματος
1519 351 1684 415 γε’γονε

93 435 248 502 χύσις,
274 437 416 486 ἐκεῖνο
451 434 600 485 πάλιν
628 434 810 501 ἀκούσῃ
835 432 1060 500 Ἀπαρχὴ
1099 435 1181 496 τῆς
1218 432 1554 496 ἀνανεουμένης
1590 433 1681 498 φύ-

94 539 217 570 σεως
245 517 351 567 τότε
378 516 572 582 γέγονεν
598 517 623 566 ὁ
650 513 879 582 Χριστὸς,
907 514 983 565 ὅτε
1021 515 1286 584 φροντίσας
1322 515 1454 565 οὐδὲν
1480 518 1576 565 τῶν
1602 520 1686 565 τοῦ

52 610 74 647 5
95 598 300 649 θανάτου
339 600 529 661 δεσμῶν
561 598 733 659 ἀνεβίω
768 597 931 658 πάλιν,
958 596 1172 661 καθάπερ
1212 596 1380 661 ἀρτίως
1419 595 1680 662 εἰρήκαμεν.

93 685 194 734 πῶς
218 681 300 732 οῦν
326 680 414 731 ἔδει
448 680 542 746 πρὸ
579 683 663 743 τῆς
697 681 914 746 ἀπαρχῆς
949 677 1317 744 ζωοποιηθέντας
1349 679 1551 743 ὁρᾶσθαι
1578 677 1686 731 τοὺς

92 763 190 825 μετ’
227 761 372 826 αὑτήν
394 783 406 824 3
460 761 602 827 ὅνπερ
641 760 735 827 γὰρ
776 758 953 827 τρόπον
993 761 1075 811 οὐκ
1114 758 1172 810 ἂν
1211 760 1305 812 ἀπὸ
1345 763 1432 826 γῆς
1471 761 1725 820 οἰναβλα-ἱὶ
1754 767 1906 804 474A.

93 841 275 907 στήσαι
315 842 479 912 φυτὸν,
518 842 582 907 μὴ
622 845 704 894 οὐκ
744 842 833 906 ἤδη
872 841 1061 895 πάντως
1102 844 1184 906 τῆς
1225 842 1343 896 ἰδίας
1380 841 1506 909 ῥίζης
1544 843 1680 892 ἐκπε-

94 923 255 992 φυκός·
317 924 439 992 ἀρχὴ
478 923 573 991 γὰρ
612 925 738 993 αὐτῷ
789 927 872 988 τῆς
920 922 1145 989 βλάστης
1189 925 1379 975 ἐκεῖθεν·
1440 925 1587 977 οὕτως
1627 922 1685 987 ἦν

28 1025 76 1050 10
94 1004 340 1074 ἀμήχανον
376 1007 507 1073 ῥίζαν
551 1006 672 1069 ἡμᾶς
715 1004 909 1073 ἔχοντας
954 1009 1018 1059 εἷς
1063 1007 1341 1073 ἀφθαρσίαν
1383 1004 1466 1056 τὸν
1507 1006 1686 1071 Κύριον

93 1088 226 1152 ἡμῶν
250 1089 442 1152 Ἰησοῦν
469 1086 551 1139 τὸν
577 1088 809 1154 Χριστὸν,
835 1086 927 1153 πρὸ
953 1090 1036 1151 τῆς
1061 1087 1186 1154 ῥίζης
1223 1089 1428 1153 ὁρᾶσθαι
1455 1087 1682 1151 βλαστή-

93 1193 288 1224 σαντας.
327 1169 626 1222 ἐπιδεικνύων
653 1168 702 1220 δὲ
727 1172 810 1233 τῆς
837 1172 900 1222 εἷς
927 1169 1047 1233 ἡμᾶς
1074 1168 1277 1221 καθόδου
1302 1175 1386 1220 τοῦ
1410 1169 1685 1232 Πνεύματος

94 1251 183 1316 ἤδη
228 1251 441 1318 παρόντα
483 1250 565 1303 τὸν
609 1250 785 1318 καιρὸν,
824 1249 942 1314 μετὰ
985 1250 1072 1316 τὴν
1110 1252 1160 1302 ἐκ
1207 1255 1382 1317 νεκρῶν
1421 1252 1686 1311 ἀναβίωσιν

94 1333 363 1401 ἐνεφύσησε
406 1338 502 1387 τοῖς
545 1337 777 1398 μαθηταῖς
824 1333 980 1398 λέγων
1023 1333 1209 1395 Λάβετε
1255 1337 1452 1396 Πνεῦμα
1490 1332 1678 1399 ”Αγιον.
1750 1335 1909 1410 Effaxx.

28 1429 74 1467 15
95 1413 200 1466 τότε
227 1415 318 1482 γὰρ
345 1415 401 1480 ἧν
427 1414 573 1470 ὅντως
600 1417 673 1466 ἐπὶ
707 1415 881 1482 θύραις,
909 1419 1100 1478 μᾶλλον
1128 1414 1176 1465 δὲ
1211 1415 1324 1466 ε’ίσω
1359 1419 1515 1481 θυρῶν
1542 1416 1566 1465 ὁ
1602 1417 1685 1479 τῆς
1793 1404 1801 1411 ’

95 1498 398 1551 ἀνανεώσεως
424 1496 608 1565 χρόνος.
654 1500 729 1548 καὶ
756 1495 1061 1562 περιαθρείτω
1088 1520 1167 1562 μοι
1192 1498 1341 1548 πάλιν
1361 1499 1385 1548 ὁ
1411 1495 1685 1567 φιλομαθὴς

94 1583 132 1630 εἰ
170 1579 234 1644 μὴ
273 1579 466 1645 γέγονεν
505 1580 614 1643 ἡμῖν
653 1578 834 1642 ἀληθὴς
875 1581 951 1629 καὶ
993 1580 1016 1628 ὁ
1057 1580 1163 1645 περὶ
1205 1578 1385 1630 τούτων
1423 1577 1584 1644 λόγος·
1639 1580 1686 1630 ἐν
1705 1580 1731 1621 b

94 1663 218 1730 ἀρχῇ
268 1661 353 1727 μὲν
401 1660 509 1728 γὰρ,
561 1659 726 1727 ὥσπερ
776 1661 858 1711 οὖν
907 1660 1016 1724 ἡμῖν
1068 1661 1093 1711 ὁ
1148 1660 1538 1729 πνευματοφόρος
1594 1661 1686 1729 ἔφη

97 1746 330 1808 Μωυσῆς,
375 1742 543 1804 λαβὼν
588 1748 704 1810 χοῦν
752 1741 845 1793 ἀπὸ
890 1745 974 1806 τῆς
1019 1745 1119 1808 γῆς,
1167 1745 1241 1794 καὶ
1287 1741 1562 1796 διαπλάσας
1603 1741 1687 1793 τὸν

25 1845 76 1872 20
96 1825 347 1893 ἄνθρωπον
374 1826 399 1875 ὁ
424 1824 617 1876 πάντων
644 1823 962 1890 Δημιουργὸς,
991 1831 1018 1853 “
1038 1824 1336 1893 ἐνεφύσησεν
1363 1829 1425 1878 εἷς
1452 1823 1506 1875 τὸ
1532 1823 1686 1891 πρόσ-
1749 1819 1833 1903 ξω·
1850 1831 1883 1852 ¹¹·

96 1914 124 1938 ‘⁶
150 1930 280 1959 ωπον
318 1908 461 1958 αὐτοῦ
499 1905 650 1970 πνοὴν
689 1906 853 1973 ζωῆς·”
914 1908 991 1957 καὶ
1030 1907 1098 1961 τίς
1132 1907 1160 1971 ἡ
1198 1906 1320 1971 πνοὴ
1362 1909 1444 1970 τῆς
1485 1907 1617 1973 ζωῆς,
1655 1904 1684 1971 ἢ

96 1988 318 2053 δηλονότι
343 1988 397 2040 τὸ
428 1992 623 2052 Πνεῦμα
656 1994 739 2039 τοῦ
766 1992 986 2054 Χριστοῦ
1012 1994 1096 2039 τοῦ
1124 1990 1350 2054 λε’γοντος
1377 1995 1406 2018 “
1431 1988 1562 2054 Ἐγώ
1595 1993 1686 2052 εἶμι
1749 1980 1842 2065 {gfff
1855 1991 1900 2012 Β·

96 2072 178 2136 “ἠ
219 2070 486 2125 ἀνάστασις
526 2073 603 2121 καὶ
643 2070 671 2134 ἡ
713 2069 805 2137 ζωή
828 2071 872 2132 ;”
913 2070 1070 2134 ἐπειδὴ
1110 2069 1159 2121 δὲ
1200 2074 1283 2134 τῆς
1322 2071 1686 2137 ἀνθρωπότητος

97 2153 282 2218 ἀπέπτη
326 2153 381 2205 τὸ
427 2157 624 2215 Πνεῦμα
670 2151 725 2202 τὸ
775 2150 894 2218 πρὸς
944 2152 1027 2203 τὸν
1072 2156 1196 2203 θεῖον
1242 2153 1362 2216 ἡμᾶς
1412 2155 1687 2220 χαρακτῆρα

27 2247 77 2286 25
97 2235 310 2302 συνέχειν
334 2257 384 2286 τε
420 2235 496 2284 καὶ
531 2233 834 2285 διαπλάττειν
861 2233 1132 2297 δυνάμενον,
1160 2235 1291 2287 αὖθις
1326 2235 1436 2297 ἡμῖν
1462 2236 1487 2285 ὁ
1518 2233 1685 2301 Σωτὴρ
1705 2257 1727 2283 ο

97 2315 333 2385 χαρίζεται
367 2321 520 2378 τοῦτο,
546 2313 665 2381 πρὸς
699 2316 844 2366 ἐκεῖνο
878 2315 933 2366 τὸ
969 2317 1167 2383 ἀρχαῖον
1196 2314 1444 2383 ἀναφέρων
1476 2315 1683 2384 ἀξίωμα,

147 2493 181 2524 4.
205 2481 284 2515 τότε
301 2477 499 2513 emendavit
519 2477 638 2512 Holst.
656 2477 855 2512 faventibus
876 2477 967 2512 Catt.
986 2493 1025 2512 το
1044 2478 1085 2513 Β.
1237 2477 1270 2511 6.
1297 2478 1452 2522 ἀπαρχῆς
1471 2477 1563 2512 Catt.
1582 2477 1690 2523 ἀρχῆς

101 2527 168 2563 Ed.
383 2534 415 2570 7.
442 2524 512 2568 μετ’
532 2523 634 2568 αὐτήν
653 2524 695 2558 Β.
715 2524 810 2560 Catt.
827 2526 911 2569 μετὰ
929 2524 1053 2568 ταύτην
1073 2524 1135 2559 Ht.
1155 2524 1222 2559 Ed.
1290 2524 1415 2558 Statim
1434 2524 1536 2569 ὅνπερ
1556 2524 1632 2558 B.a.
1652 2523 1690 2557 ὃν

103 2575 168 2609 Ht.
188 2573 256 2608 Ed.
353 2570 602 2615 ἀναβλαστήσῃ
620 2582 652 2605 a.
876 2572 910 2606 8.
936 2572 995 2605 οὐκ
1013 2571 1093 2617 ἤδη]
1113 2571 1191 2617 οὐχὶ
1207 2583 1239 2605 a.
1336 2571 1527 2616 ἐκπεφυκὸς
1543 2583 1574 2605 a.
1592 2571 1689 2605 ἐκπε-

100 2636 218 2682 φυκὼς
236 2635 313 2670 Cat.
334 2634 434 2668 Harl.
453 2627 640 2679 e‘¹<71·e'<1)m<‘e⁰3
658 2634 701 2668 Β.
720 2634 946 2679 ἐκπεφυκυίας
964 2634 1027 2668 Ht.
1047 2634 1116 2668 Ed.
1379 2645 1432 2667 10.
1459 2632 1561 2678 ἡμᾶς]
1586 2638 1623 2674 -Ι-
1643 2633 1689 2677 μὴ

101 2683 192 2717 inter
208 2693 319 2716 uncos
337 2681 446 2720 Aub.,
464 2680 637 2715 adnotans
653 2681 698 2725 μὴ
716 2681 880 2715 exhibere
904 2680 1148 2726 apographum
1175 2692 1292 2720 suurn,
1313 2680 1471 2714 omittere
1491 2680 1567 2714 Cat.
1589 2680 1690 2714 Harl.

100 2730 145 2774 μὴ
164 2741 236 2763 non
254 2728 419 2762 exhibent
436 2739 500 2761 a.c.
521 2726 629 2761 Cord.
648 2727 783 2772 Migne.
959 2738 1012 2761 11.
1037 2728 1096 2761 τὸν
1113 2733 1337 2771 assumptum
1354 2739 1396 2760 ex
1415 2727 1444 2760 B
1464 2738 1639 2771 suprascr.
1658 2737 1689 2761 c.

102 2776 199 2810 deest
216 2775 251 2808 in
271 2773 377 2808 Cord.
427 2773 619 2807 Abbreviat
637 2774 720 2808 Nik.
845 2774 899 2808 16.
926 2773 1142 2809 ἀνανεώσεως
1159 2773 1267 2807 edidit
1284 2785 1301 2807 e
1321 2773 1398 2807 Cat.
1417 2773 1525 2813 Aub.,
1544 2779 1577 2806 et
1594 2773 1641 2806 ita
1658 2785 1689 2807 a.

101 2822 324 2857 ἀναστάσεως
342 2820 384 2854 Β.
405 2820 469 2854 Ht.
694 2822 747 2856 18.
772 2822 839 2866 γὰρ
856 2821 917 2864 μὲν
934 2821 1074 2854 inverso
1091 2819 1213 2854 ordine
1233 2819 1275 2853 B.
1296 2820 1360 2854 Ht.
1379 2819 1577 2853 emendavit
1594 2819 1688 2853 Aub.

105 2880 160 2913 23.
187 2868 206 2911 ἦ
224 2868 413 2903 ἀνάστασις
431 2867 484 2900 καὶ
501 2865 520 2909 ἡ
540 2866 604 2910 ζωή
623 2866 691 2901 hoc
708 2867 830 2902 ordine
850 2867 926 2901 Ra.
946 2866 1010 2910 ζωὴ
1028 2872 1062 2900 et
1079 2866 1268 2902 ἀνάστασις
1290 2866 1380 2900 inter
1402 2878 1438 2899 se
1455 2872 1692 2910 transponunt

106 2915 170 2949 Ht.
189 2914 256 2948 Ed.
378 2924 434 2955 24.
461 2913 592 2957 ἀπέπτη
613 2913 686 2948 B.a.
706 2913 782 2948 Cat.
803 2915 904 2949 Harl.
922 2912 1054 2957 ἀπέστη
1076 2913 1140 2947 Ht.
1159 2912 1226 2947 Ed.
1292 2913 1330 2946 τὸ
1349 2913 1422 2957 alt.]
1449 2917 1485 2954 -{-
1507 2913 1605 2959 ἅγιον
1625 2912 1691 2947 Ht.

104 2961 172 2996 Ed.
190 2960 472 3006 repugnantibus
492 2959 568 2994 B.a.
714 2960 770 2995 26.
797 2962 835 2996 τὸ
853 2960 997 3006 ἀρχαῖον
1014 2960 1120 2994 ἐκεῖνο
1137 2959 1277 2993 inverso
1295 2958 1418 2995 ordine
1433 2970 1464 2995 a.
