2084 3317
343 193 427 231 366
745 194 792 233 Β.
827 193 1104 234 CYRILLI
1146 194 1525 235 ALEXANDR.
1802 209 1840 234 v.
1859 207 1928 249 35.

343 304 449 368 φεῖν
486 302 815 368 ἐπιτρέπωμεν·
858 302 1237 355 ἀναπετάσαντες
1276 301 1369 368 γὰρ
1410 301 1619 369 καθάπερ
1659 303 1811 353 ἱστίον
1849 305 1930 365 τῆς

343 382 545 437 διανοίας
581 382 634 434 τὸ
670 383 866 447 πλάτος,
905 387 980 435 καὶ
1020 383 1104 449 τὴν
1143 390 1226 435 τοῦ
1268 382 1543 447 Πνεύματος
1581 384 1718 452 χάριν
1755 385 1925 449 ἐγκολ-

341 464 565 529 πούμενοι
615 465 826 532 καθάπερ
877 468 926 517 ἐκ
976 466 1190 532 πρύμνης
1237 466 1397 530 οὐρίαν
1447 464 1582 533 ἠχὴν,
1624 470 1686 520 εἷς
1735 465 1931 526 βαθείαν

120 533 173 564 ES.
195 534 275 565 Xliii.
355 548 365 562 ›
466 547 479 562 t
706 547 716 563 1
1099 546 1112 561 x
1230 546 1242 560 1
1319 548 1329 563 9
1519 548 1529 562 t
1683 546 1696 562 x
1777 549 1787 564 ς

124 577 171 608 ,6,
343 569 630 614 εκτρεχωμεν
667 547 877 613 ζητησιν.
932 551 1146 613 Χριστος
1178 569 1272 614 γαρ
1307 569 1438 598 εστιν
1465 554 1534 598 “ο
1574 549 1725 602 διδους
1765 571 1812 599 εν
1839 552 1925 599 θα-

451 627 463 640 !
616 630 626 644 e
667 627 680 644 N
817 632 829 646 x
882 629 892 645 2
1198 628 1209 647 Ι
1317 628 1342 644 9,
1494 628 1504 646 Ι
1703 628 1714 646 ἱ
1803 630 1822 639 ἢ
1909 627 1922 643 5

120 635 268 670 248A.
304 635 371 670 ἃς(
397 636 567 697 λασσῃ
607 632 716 680 οδον
755 652 831 680 και
870 652 918 680 εν
957 630 1090 680 ὕδατι
1130 634 1311 695 τριβον,
1395 629 1629 698 κατεληξε
1658 653 1743 693 μεν
1769 638 1850 680 οὐν
1877 653 1931 681 το

117 717 244 800 ῗέξΓΞᾉΐ
344 709 557 777 δεύτερον
583 711 692 774 ἡμῖν
717 712 974 774 βιβλίον,’
952 734 1001 761 εν
1037 715 1102 780 τῷ
1129 717 1156 740 “
1180 709 1311 777 Ἐγὼ
1346 709 1395 762 δὲ
1430 712 1484 761 οὐ
1516 708 1647 777 παρὰ
1681 710 1932 777 ἀνθρώπου

344 798 371 822 “
396 790 483 856 τὴν
526 793 787 859 μαρτυρίαν
830 791 1082 856 λαμβάνω,
1130 791 1261 843 ἀλλὰ
1305 797 1454 844 ταῦτα
1504 792 1630 858 λε’γω
1681 792 1756 843 ἵνα
1806 794 1933 857 ὑμεῖς

343 880 370 904 “
396 875 625 938 σωθῆτε.”
682 874 936 944 ἀρξώμεθα
986 873 1035 925 δὲ
1085 880 1168 925 τοῦ
1214 876 1385 941 τρίτου,
1431 873 1688 942 στοιχηδὸν
1734 876 1927 926 ἐπισυν-

342 955 567 1010 άπτοντες
608 955 666 1007 τὰ
706 956 877 1026 ἐφεξῆς
919 955 978 1007 τὰ
1018 959 1122 1023 περὶ
1163 962 1245 1008 τοῦ
1288 957 1422 1023 ἁγίου
1460 961 1732 1018 βαπτιστοῦ
1767 957 1932 1022 λέγον-

342 1060 421 1093 τος
446 1044 528 1090 τοῦ
554 1042 786 1105 Χριστοῦ·

273 1192 532 1242 35Ἐκεῖνος
560 1192 609 1236 ἦν
635 1196 657 1237 ὁ
686 1197 835 1250 λύχνος
863 1195 884 1237 ὁ
914 1195 1140 1243 καιόμενος
1170 1195 1237 1235 καὶ
1263 1194 1445 1250 φαίνων,
1473 1191 1591 1243 ὑμεῖς
1619 1193 1664 1235 δὲ
1693 1193 1932 1236 ἠθελήσατε

295 1333 320 1373 b
607 1278 921 1325 dsostxmcxefivcn
952 1278 1060 1334 Πρὸς
1086 1279 1204 1334 ὥραν
1231 1293 1275 1318 εν
1302 1278 1363 1331 τῷ
1389 1276 1503 1332 φωτὶ
1530 1277 1669 1319 αὐτοῦ.

414 1398 576 1468 Λύχνῳ
611 1396 873 1465 παρεικάζει
911 1396 994 1448 τὸν
1027 1395 1163 1462 ἅγιον
1194 1394 1484 1460 βαπτιστὴν,
1511 1394 1592 1446 ἅτε
1630 1394 1687 1460 δὴ
1722 1394 1842 1446 κατὰ
1879 1395 1934 1447 τὸ

338 1485 586 1547 προσεῖναι
623 1477 834 1549 πεφυκὸς
872 1479 1106 1549 ἀνθρώπῳ
1148 1478 1318 1543 με’τρον
1356 1476 1812 1547 προαναλάμψαντα
1849 1477 1935 1542 μὲν

339 1565 421 1626 τῆς
460 1563 723 1630 παρουσίας
762 1563 919 1625 αὐτοῦ,
945 1560 1077 1626 πλὴν
1114 1562 1195 1611 οὐκ
1235 1561 1333 1630 ἰδίῳ
1374 1560 1661 1628 κεχρημένον
1696 1560 1836 1629 φωτί·
1880 1560 1934 1611 οὐ

338 1643 430 1711 γὰρ
457 1645 573 1696 ’ίδιον
599 1647 647 1696 ἐν
672 1648 739 1715 τῷ
774 1643 935 1714 λύχνῳ
967 1643 1022 1695 τὸ
1050 1647 1166 1711 φῶς,
1194 1644 1304 1693 ἀλλ’
1335 1642 1509 1712 ἔξωθέν
1535 1665 1584 1693 τε
1622 1644 1698 1693 καὶ
1731 1641 1935 1693 ἐπακτὸν

337 1729 411 1778 καὶ
446 1727 853 1793 προστεθειμένον·
895 1727 1016 1777 οὕτω
1053 1724 1098 1776 δ’
1127 1725 1184 1777 ἂν
1210 1725 1321 1779 ἴδοις
1363 1728 1439 1776 καὶ
1470 1727 1518 1776 ἐν
1553 1728 1649 1779 τοῖς
1676 1725 1825 1790 ἁγίοις
1850 1723 1934 1775 τὸν

336 1808 467 1875 παρὰ
510 1814 728 1876 Χριστοῦ
774 1807 1026 1877 φωτισμὸν
1071 1810 1119 1860 ἐν
1163 1807 1406 1868 πνεύματι·
1466 1807 1536 1859 διὸ
1589 1805 1646 1871 δὴ
1697 1808 1773 1858 καὶ
1824 1808 1934 1857 λίαν

337 1891 759 1955 εὐγνωμονέστατα
804 1893 880 1942 καὶ
927 1895 1210 1960 φρονοῦντες
1249 1892 1325 1941 καὶ
1362 1888 1649 1956 πράττοντες
1694 1890 1824 1940 αὐτοὶ
1869 1890 1930 1940 δι’

110 1973 219 2052 ῗῑξέἥ
298 1991 318 2018 C
336 1974 503 2028 οἰκείας
531 1975 826 2039 ὁμολογοῦσι
853 1975 1014 2042 φωνῆς
1043 1980 1068 2002 “
1087 1970 1203 2023 e'Orc
1238 1974 1287 2023 ἐκ
1321 1977 1404 2022 τοῦ
1435 1971 1756 2037 πληρώματος
1789 1971 1932 2022 αὐτοῦ

336 2062 362 2085 “
388 2056 517 2120 ἡμεῖς
549 2055 721 2109 πάντες
759 2054 1038 2118 ἐλάβομεν.”
1093 2058 1195 2123 φῶς
1233 2053 1318 2117 μὲν
1350 2052 1442 2120 γάρ
1481 2055 1584 2104 ἐστι
1623 2053 1743 2104 κατὰ
1782 2053 1932 2122 φύσιν

336 2138 360 2188 ὁ
403 2137 696 2204 Μονογενὴς,
736 2135 816 2188 ἅτε
859 2136 916 2201 δὴ
955 2138 1030 2187 καὶ
1076 2137 1126 2187 ἐκ
1168 2135 1327 2204 φωτὸς
1372 2134 1681 2204 ἀναλάμψας,
1722 2137 1806 2199 τῆς
1848 2140 1932 2187 τοῦ

336 2219 528 2287 Πατρὸς
548 2221 710 2274 οὐσίας
737 2219 875 2289 φημί·
917 2219 1098 2287 μετέχει
1126 2217 1173 2269 δὲ
1198 2219 1225 2282 ἡ
1254 2219 1405 2272 κτίσις
1433 2218 1589 2279 αὐτοῦ,
1607 2219 1682 2268 καὶ
1708 2222 1804 2268 πᾶν
1823 2217 1866 2268 εἴ
1886 2241 1931 2269 τι

334 2301 420 2366 τὴν
446 2308 529 2354 τοῦ
568 2303 900 2368 λογικεύεσθαι
939 2302 1015 2352 καὶ
1051 2305 1241 2368 φρονεῖν
1266 2299 1489 2366 ἐπάγεται
1523 2298 1734 2362 δύναμιν,
1761 2304 1930 2354 σκεῦος

333 2384 498 2451 ὥσπερ
544 2386 674 2436 ἐστὶν
721 2389 782 2438 εἰς
833 2383 886 2434 τὸ
939 2383 1170 2434 δύνασθαι
1223 2383 1347 2434 θείου
1399 2386 1706 2449 πληροῦσθαι
1758 2380 1929 2450 φωτὸς,

334 2467 509 2533 ἄριστα
551 2465 878 2533 διηρτισμένον
921 2465 1011 2517 ὑπὸ
1056 2471 1140 2516 τοῦ
1181 2463 1374 2516 πάντων
1408 2464 1746 2532 ἀριστοτέχνου
1781 2467 1925 2515 Θεοῦ.

333 2548 492 2612 λύχνος
519 2550 600 2600 οὖν
627 2550 652 2599 ὁ
685 2546 913 2614 μακάριος
951 2547 1223 2611 βαπτιστὴς
1262 2546 1382 2598 κατὰ
1420 2546 1503 2598 τὸν
1529 2547 1618 2611 ἤδη
1648 2547 1926 2612 προαποδο-

332 2631 472 2683 θέντα
517 2631 680 2698 λόγον.
735 2636 876 2682 τοῦτο
922 2629 970 2681 δὲ
1016 2628 1170 2696 λέγων
1210 2631 1234 2680 ὁ
1272 2627 1442 2696 Σωτὴρ
1482 2632 1783 2693 οἰκονομικῶς
1820 2626 1929 2682 τοὺς

384 2820 412 2843 1.
439 2811 505 2854 γὰρ
523 2820 593 2843 om.
614 2808 657 2843 Β.
823 2819 856 2854 3.
883 2806 1015 2854 οὐρίαν]
1036 2807 1192 2852 οὗρανίαι
1212 2807 1253 2842 Β.
1427 2816 1461 2853 5.
1489 2805 1671 2851 κατεληξε]
1691 2820 1745 2840 και
1762 2806 1864 2849 ἔληξε
1884 2805 1926 2840 Β.

334 2856 365 2889 6.
392 2855 469 2899 ἡμῖν
486 2868 556 2890 om.
578 2855 620 2889 B.
805 2867 837 2900 9.
865 2857 905 2889 τὰ
923 2856 981 2889 alt.
999 2860 1221 2900 assumptum
1241 2866 1282 2888 ex
1303 2853 1344 2888 Β.
1531 2865 1585 2888 12.
1612 2853 1878 2910 ἀγαλλιαθῆναι
1880 2852 1926 2888 D.

331 2904 385 2944 (ut
404 2914 509 2947 supra
527 2902 571 2945 64
590 2914 619 2936 c.
624 2902 636 2945 )
653 2902 928 2947 ἀγαλλιασθῆναι
948 2901 1014 2936 Ed.
1205 2911 1257 2945 17.
1283 2900 1553 2945 προστιθέμενον
1571 2901 1612 2935 Β.
1679 2900 1714 2935 ἐν
1731 2901 1802 2935 τοῖς
1817 2897 1927 2944 ἁγίοις

330 2949 388 2982 τὸν
408 2949 448 2982 Β.
468 2964 526 2983 τον
544 2950 578 2983 ἐν
595 2949 702 2993 ἁγίοις
721 2948 787 2983 Ed.
945 2958 1000 2993 25.
1027 2946 1136 2993 θείου]
1156 2950 1216 2982 τοῦ
1237 2948 1277 2982 Β.
1298 2947 1358 2982 sed
1377 2948 1469 2983 θείου
1488 2947 1518 2982 Β
1536 2959 1608 2994 mg.
1769 2945 1824 2980 26.
1851 2946 1925 2989 ἀρι-

330 2995 497 3040 στοτέχνα
518 2995 558 3030 Β.
578 2996 622 3030 cf
643 3007 748 3041 supra
771 2996 837 3030 186
854 3008 882 3030 e.

1952 644 1973 682 01

1958 1058 2005 1084 10

1958 1584 2004 1621 15

1953 1993 2002 2019 20
