2021 3296
504 150 577 190 IN
619 150 661 190 S.
694 150 1027 191 JOANNEM.
1091 151 1213 192 LIB.
1248 153 1281 193 I.
1632 157 1681 194 15

100 261 384 318 διαβολικῶν
423 262 557 325 χεῖρα
596 257 852 323 προτείνειν
891 257 1143 324 σωτήριον.
1203 259 1485 324 ἐπαλγήσας
1527 261 1681 312 τοίνυν

98 342 192 391 τοῖς
233 339 517 390 ἀπολώλοσι
558 341 632 390 καὶ
674 338 756 390 τὸν
796 344 906 389 νοῦν
946 339 1342 407 κατεφθαρμένοις
1386 342 1411 391 ὁ
1455 342 1679 405 μαθητὴς,

98 417 214 470 εἷναί
244 442 293 470 τε
329 421 497 483 ὁμοίως
524 422 692 483 οἰηθεὶς
723 420 1029 471 ἀτοπώτατον
1056 419 1109 471 τὸ
1135 422 1365 485 μηδεμίαν
1391 427 1485 472 τῶν
1511 423 1680 491 ἐφεξῆς
1700 434 1726 472 b

98 501 174 551 καὶ
199 502 295 563 μετ’
324 500 522 555 ἐκείνους
546 502 783 564 ἐσομένων
809 501 1107 565 ποιήσασθαι
1133 501 1370 568 πρόνοιαν,
1389 505 1463 554 ἐπὶ
1488 503 1573 563 τὴν
1599 510 1681 555 τοῦ

57 599 79 638 5
98 583 290 643 βιβλίου
324 581 474 649 τρέχει
509 581 817 650 συγγραφήν·
861 584 936 632 καὶ
970 581 1030 633 τὰ
1062 582 1160 646 μὲν,
1188 583 1371 649 ὅσαπερ
1406 583 1462 648 ἧν
1493 587 1676 651 ἀνθρω-

96 661 351 729 πινώτερον
401 667 555 725 εἰπεῖν,
606 668 904 729 γενεαλογεῖν
957 663 1014 714 τὰ
1064 668 1173 730 περὶ
1223 667 1304 728 τῆς
1356 665 1476 716 κατὰ
1526 666 1683 732 σάρκα

98 746 287 807 νομικῆς
320 766 369 795 τε
404 746 481 795 καὶ
515 747 721 812 φυσικῆς
755 749 851 798 τοῖς
884 743 1054 810 ἑτέροις
1090 744 1364 814 ἐξηγεῖσθαι
1390 747 1683 814 πλατύτερον

96 825 458 892 συγκεχώρηκεν
501 826 875 891 εὐαγγελισταῖς·
939 830 1120 893 θερμῶς
1165 826 1213 877 δὲ
1264 826 1373 878 λίαν
1420 828 1558 882 αὐτὸς
1609 831 1683 880 καὶ

95 905 289 974 σφόδρα
324 911 542 960 νεανικῶς
576 912 677 960 ταῖς
711 911 806 958 τῶν
831 909 979 957 ἐκεῖνα
1012 908 1404 973 παρεισαγόντων
1430 910 1682 977 φλυαρίαις

29 1010 79 1039 ιῑο
96 986 342 1038 ἐνάλλεται
367 987 538 1053 λέγων·

143 1121 176 1156 6.
201 1121 426 1165 τὰ--νομικῆς
440 1119 493 1166 τε]
513 1123 733 1165 τε-νομικῆς
750 1122 806 1166 (τα
823 1122 859 1156 in
876 1136 912 1157 τε
929 1128 1076 1164 mutato,
1095 1137 1130 1157 τε
1147 1123 1204 1158 hic
1222 1124 1369 1168 omisso)
1390 1123 1430 1159 Β.
1558 1135 1587 1171 7.
1614 1127 1682 1172 φυ-

99 1166 210 1214 σικῆς]
229 1167 339 1202 Addit
355 1167 544 1214 γεννήσεως
561 1167 694 1214 Migne⁴
