2084 3317
117 165 143 205 i.
164 178 232 220 32,
251 179 319 221 33.
367 167 441 207 IN
485 167 527 207 S.
562 166 900 208 JOANNEM.
964 167 1090 207 LIB.
1125 165 1185 206 II.
1249 165 1383 206 CAP.
1419 165 1453 205 I.
1630 167 1708 207 175

117 273 161 342 ἐξ
190 276 367 342 οὐρανοῦ,
395 278 648 344 περιστερᾶς
673 277 722 326 ἐν
749 275 979 343 σχήματι,
1006 276 1082 325 καὶ
1109 273 1179 325 ὅτι
1205 272 1453 342 μεμένηκεν
1474 273 1541 323 ἐπ’
1571 275 1711 324 αὐτόν,

116 353 215 405 εἶτα
246 354 365 422 πρὸς
403 356 567 426 τούτῳ,
599 359 674 408 καὶ
715 355 942 421 αὐτήκοος
981 355 1206 422 γενέσθαι
1246 357 1370 424 φησὶ
1407 359 1490 405 τοῦ
1529 376 1712 416 πεπομ-

117 435 263 503 φότος
293 435 436 487 αὐτὸν
463 439 536 488 ἐπὶ
571 436 625 489 τὸ
659 439 898 509 βαπτίζειν
927 438 963 489 ἐν
990 434 1132 500 ὕδατι,
1161 438 1222 490 ὡς
1257 434 1427 489 ἐκεῖνός
1464 436 1596 486 ἐστιν
1623 442 1641 487 o‘
1674 437 1712 486 ἐν

114 515 257 586 ζΑγίῳ
293 519 533 588 βαπτίζων
561 518 800 587 Πνεόμοιτι,
828 517 955 589 ᾧπερ
990 517 1050 569 ἀν
1083 520 1403 587 ἐπιφοιτῆσαν
1433 517 1712 585 ἐναπομείνῃ

74 619 95 656 5
115 600 160 650 τὶ
203 600 398 668 Πνεῦμα.
455 600 852 668 ἀξιοπιστότατος
891 602 1050 652 τοίνυν
1089 602 1113 652 ὁ
1152 600 1347 667 μάρτυς,
1387 598 1619 668 ὑπερφυὲς
1656 597 1711 650 τὸ

114 685 328 744 σημεῖον,
355 679 512 733 ἐπάνω
538 681 731 733 πάντων
758 683 782 732 ὁ
810 682 965 751 δείξας
993 681 1178 749 Πατήρ.
1728 699 1751 725 Θ

192 764 286 813 Καὶ
331 769 480 814 ταῦτα
524 765 609 827 μὲν
646 767 772 832 τῇδε.
840 763 1182 830 ἀνασκιρτήσει
1224 763 1272 814 δὲ
1314 763 1430 817 ἴσως
1474 765 1498 814 ὁ
1542 767 1711 832 φιλεγ-

115 843 313 908 κλήμων
345 844 586 911 αἱρετικὸς,
620 848 695 896 καὶ
730 845 891 897 πλατὺ
924 845 1139 912 γελάσας
1172 847 1270 913 ἐρεῖ
1300 847 1366 897 Τί
1397 845 1545 897 πάλιν
1578 846 1708 909 ἡμῖν,

115 923 152 975 ὦ
189 926 332 985 οῦτοι,
374 929 450 978 καὶ
488 926 606 994 πρὸς
645 928 785 980 τοῦτό
827 934 967 997 φατε,
1005 927 1034 993 ἦ
1074 933 1210 979 ποῖον
1248 928 1521 996 ἐξυφανεῖτε
1561 927 1712 993 λόγον

51 1034 98 1058 10
116 1008 540 1076 κατασοφιζόμενοι
586 1007 639 1060 τὸ
678 1009 1037 1076 γεγραμμένους
1094 1009 1192 1060 ἰδοὺ
1231 1009 1284 1060 τὸ
1326 1013 1524 1072 Πνεῦμα
1565 1032 1710 1060 κατα-

114 1089 294 1150 βαίνειν
337 1093 490 1158 φησὶν
529 1091 604 1142 ἐπὶ
648 1093 731 1142 τὸν
770 1091 904 1143 Υὶόν·
964 1091 1062 1143 ἰδοῦ
1109 1092 1411 1159 καταχρίεται
1454 1090 1584 1158 παρὰ
1629 1097 1712 1143 τοῦ

116 1174 240 1222 Θεοῦ
291 1175 367 1222 καὶ
419 1172 626 1239 Πατρός,
676 1172 790 1240 ὅπερ
837 1173 886 1224 δὲ
937 1174 1020 1224 οὐκ
1068 1173 1161 1241 ἔχει
1212 1173 1451 1237 λαμβάνει
1503 1172 1708 1238 δηλαδὴ,

115 1261 636 1322 συνεπιμαρτυροῦντος
680 1261 763 1306 τοῦ
808 1257 1025 1325 μελῳδοῦ
1076 1257 1152 1306 καὶ
1198 1256 1439 1320 λέγοντος,
1488 1258 1550 1309 ὡς
1592 1254 1711 1322 πρὸς

116 1334 258 1387 αὐτόν
297 1336 442 1387 “Aede
480 1343 620 1389 τοῦτο
661 1337 828 1404 ἕχρισέ
859 1360 918 1388 σε
958 1339 982 1389 ὁ
1024 1337 1146 1392 Θεὸς
1183 1339 1210 1389 ὁ
1252 1338 1375 1393 Θεός
1416 1361 1508 1389 σου
1550 1336 1711 1388 ἐ’λαιον
1773 1344 1842 1418 {ffv
1870 1388 1888 1418 8

50 1433 95 1470 15
117 1424 144 1446 ‘⁶
170 1417 512 1483 ἀγαλλιάσεως
547 1419 677 1486 παρὰ
709 1420 817 1473 τοὺς
851 1419 1079 1488 μετόχους
1113 1421 1250 1471 σου.”
1304 1425 1404 1474 πῶς
1441 1418 1499 1470 ἀν
1532 1420 1613 1470 οῦν
1643 1420 1752 1485 εἰἠει
1794 1412 1864 1470 1137
1882 1411 1934 1469 A.

116 1498 286 1551 λοιπὸν
316 1502 366 1551 ἐν
397 1501 727 1567 ὀμοουσιότητι
766 1508 850 1553 τοῦ
889 1503 1069 1552 τελείου
1104 1501 1297 1568 Πατρός
1338 1504 1362 1553 ὁ
1402 1502 1466 1566 μὴ
1507 1507 1713 1555 τοιοῦτος

118 1581 231 1644 υἱὸς,
272 1584 347 1632 καὶ
387 1582 464 1633 διὰ
501 1589 640 1635 τοῦτο
680 1583 958 1651 χριόμενος;
1003 1584 1123 1651 πρὸς
1160 1584 1216 1648 δὴ
1254 1590 1394 1635 τοῦτο
1435 1582 1583 1653 φάναι
1619 1586 1714 1634 δεῖν

116 1663 445 1729 ὑπολαμβάνω
489 1671 584 1719 τοῖς
628 1665 687 1717 τὰ
732 1664 887 1729 σεμνὰ
932 1669 1015 1726 τῆς
1054 1667 1348 1730 Ἐκκλησίας
1394 1666 1714 1731 ἀνατρέπουσι

115 1745 346 1811 δόγματα,
373 1749 449 1797 καὶ
475 1747 560 1811 τὴν
587 1752 681 1798 τῶν
707 1748 1049 1814 γεγραμμένων
1075 1747 1310 1814 ὀρθότητα
1337 1748 1713 1816 διαστρέφουσιν

1193 1834 1211 1843 Α
1260 1828 1284 1846 5,
1312 1831 1333 1848 (l

49 1851 97 1876 20
116 1835 143 1858 “
167 1827 440 1895 Ἐκνήψατε
478 1832 520 1880 οἱ
554 1829 804 1893 μεθύοντες
838 1830 894 1898 ἐξ
926 1829 1051 1880 οἴνου
1089 1830 1256 1892 αὐτων,
1314 1854 1387 1880 ινα
1419 1829 1626 1894 δύνησθε
1657 1829 1711 1881 τὸ
1772 1849 1889 1881 J0e1.i.
1906 1857 1935 1889 5-

114 1909 338 1977 λαμπρὸν
382 1913 465 1975 τῆς
511 1912 734 1975 ἀληθείας
778 1911 1187 1978 περιαθρήσαντες
1234 1911 1429 1975 κάλλος,
1469 1910 1562 1963 σὺν
1601 1912 1711 1975 ἡμῖν

1772 1992 1933 2043 S3Matth.

1771 2045 1904 2076 X1v.33.

115 1994 385 2057 ἀναβοῆσαι
411 1992 531 2060 πρὸς
557 1993 640 2044 τὸν
669 1992 785 2045 Υἱόν
813 2002 840 2023 “
860 1995 1082 2058 Ἀληθῶς
1111 1998 1238 2045 Θεοῦ
1265 1995 1380 2048 Υἱὸς
1408 1992 1493 2045 εῗ.”
1549 1998 1586 2045 εἷ
1616 1993 1710 2060 γὰρ

115 2075 239 2130 ὅλως
275 2075 511 2130 πιστεύεις
547 2077 673 2127 Θεὸν
706 2075 819 2127 εἶναι
859 2075 979 2126 κατὰ
1018 2077 1169 2146 φύσιν
1201 2076 1358 2139 αὐτὸν,
1391 2081 1491 2131 πῶς
1532 2077 1615 2127 οὐκ
1654 2076 1710 2127 ἀν
1728 2085 1755 2126 b

115 2159 212 2227 ε”χοι
238 2158 292 2210 τὸ
318 2157 531 2221 τέλειον;
578 2156 676 2225 ὥρα
701 2157 796 2225 γὰρ
824 2160 944 2223 ὑμᾶς
970 2161 1044 2210 καὶ
1073 2163 1134 2212 εἷς
1161 2158 1306 2210 αὐτὸν
1332 2158 1421 2224 ἤδη
1454 2162 1713 2219 δυσσεβεῖν

51 2253 97 2292 25
116 2240 198 2292 τὸν
227 2241 438 2308 Πατέρα·
482 2239 630 2292 πόθεν
657 2240 750 2307 γὰρ
777 2240 929 2303 αὐτὸς,
959 2243 1020 2295 ὡς
1054 2240 1164 2310 φῂς,
1193 2241 1248 2310 ἐξ
1271 2240 1481 2306 ἀνάγκης
1509 2240 1602 2310 ἕξει
1627 2240 1714 2304 τὴν

115 2323 417 2387 τελειότητα;
459 2327 561 2376 πῶς
597 2322 647 2374 δὲ
682 2324 784 2390 οὐχὶ
820 2322 939 2389 πρὸς
977 2321 1062 2387 τὴν
1094 2329 1178 2374 τοῦ
1213 2322 1505 2389 γεννήματος
1542 2324 1715 2390 ὕφεσιν

116 2404 201 2469 τὴν
223 2407 284 2459 ὡς
311 2406 417 2455 καθ’
448 2406 566 2467 ὑμᾶς
592 2407 737 2469 ἀτελῆ
766 2404 1149 2469 κατοισθήσεται,
1166 2404 1556 2473 παραδεξαμένης
1584 2403 1720 2472 ἅπαξ

117 2489 165 2538 ἐν
190 2490 292 2556 Υἱῷ
326 2489 408 2548 τῆς
445 2487 570 2540 θείας
606 2487 772 2540 οὐσίας
808 2485 862 2536 τὸ
899 2486 1133 2537 δύνασθαι
1167 2485 1232 2550 μὴ
1269 2486 1390 2553 ἔχειν
1421 2485 1475 2536 τὸ
1515 2486 1712 2548 τέλειον,

118 2568 238 2620 κατά
262 2592 317 2635 γε
343 2568 425 2621 τὸν
449 2570 558 2635 παρ’
589 2571 696 2632 ὑμῖν
722 2571 881 2633 ἀμαθῆ
910 2572 985 2621 καὶ
1012 2571 1293 2622 ἀπαίδευτον
1320 2569 1498 2636 λόγον;
1542 2571 1596 2620 οὐ
1621 2569 1715 2636 γὰρ

51 2666 101 2701 30
120 2650 269 2716 δήπου
313 2651 399 2716 τὴν
439 2650 657 2718 μεγάλην
702 2652 878 2717 ἐκείνην
920 2654 994 2703 καὶ
1040 2651 1276 2718 ἀκήρατον
1316 2651 1466 2721 φύσιν
1508 2656 1570 2705 εἷς
1615 2655 1753 2705 δια-ο

167 2845 200 2879 3.
228 2835 246 2867 ὁ
264 2839 489 2879 assumptum
506 2846 548 2868 ex
568 2835 660 2869 B.D.
970 2849 1022 2879 14.
1048 2836 1164 2871 ἔλαιον
1183 2836 1319 2870 Veccus
1339 2836 1460 2881 Epigr.
1480 2848 1511 2870 v.
1528 2834 1628 2870 ἔλεον
1647 2836 1715 2870 Ed.

125 2889 177 2925 15.
203 2880 261 2914 οὖν
277 2886 501 2925 assumptum
520 2893 563 2915 ex
584 2882 623 2915 B.
643 2882 740 2917 deest
757 2884 791 2917 in
817 2884 940 2918 Vecco.
1048 2894 1098 2927 17.
1126 2884 1176 2917 δεῖ
1194 2883 1345 2916 Veccus.
1454 2894 1509 2916 21.
1535 2883 1712 2928 ἀληθείας]

122 2926 304 2970 ἐκκλησίας
326 2927 366 2961 Β.
384 2927 495 2961 invito
514 2928 641 2962 Vecco.
851 2942 904 2972 24.
932 2931 1015 2973 ὑμᾶς
1033 2936 1064 2963 et
1084 2931 1143 2973 ἤδη
1163 2930 1253 2963 inter
1271 2941 1307 2963 se
1326 2929 1524 2974 transponit
1544 2930 1586 2964 Β.
1604 2930 1716 2964 invito

122 2973 250 3008 Vecco.
395 2984 449 3019 25.
476 2975 562 3018 ἔφης
580 2982 612 3008 et
629 2976 699 3020 ἔχει
720 2976 761 3010 Β.
781 2976 890 3010 invito
910 2976 1037 3010 Vecco.
