2084 3317
137 142 279 184 iii.11.
390 146 463 186 IN
507 147 549 187 S.
584 148 920 191 JOANNEM.
984 153 1110 193 LIB.
1146 155 1206 194 ΙΙ.
1270 156 1403 198 CAP.
1441 160 1474 198 Ι.
1648 164 1731 202 223

135 251 322 362 μάτωνζ,
356 258 431 305 καὶ
457 263 485 284 “
509 260 746 312 Γνωστῶς
773 258 821 310 δὲ
856 259 1003 311 πάλιν
1031 263 1277 332 ἐπιγνωσῃ
1311 266 1476 334 ψυχὰς
1511 290 1730 332 ποιμνιου
1792 277 1893 350 ξζζᾟ

151 336 322 397 ί”σου,
350 335 468 403 πρὸς
504 338 624 402 ἡμᾶς
658 363 751 391 που
786 344 994 410 φησὶν
975 367 999 394 ο
1036 345 1322 412 σοφώτατος
1351 349 1602 412 Σολομών·
1647 351 1729 401 οὐκ
1794 373 1844 403 23·

134 415 400 483 ἀδιάκριτόν
435 423 588 487 φησιν
621 426 716 475 τοῖς
756 429 1017 488 προσιοῦσι
1055 424 1138 477 τὸν
1177 429 1517 481 διδασκαλικὸν
1552 431 1730 483 ἐθέλων

132 503 411 563 προκεῖσθαι
456 500 618 568 λόγον,
665 503 795 554 ἀλλὰ
846 510 942 559 τοῖς
988 507 1193 559 ἑκάστου
1243 512 1430 578 μέτροις
1481 512 1729 580 ἀναλόγως

91 592 112 630 5
131 579 512 648 ἐφηρμοσμένον.

427 776 501 817 Καὶ
538 776 615 818 τέιν
653 779 886 835 μαρτυρίαν
926 783 1048 830 ἡμῶν
1087 785 1133 824 οὐ
1173 788 1428 837 λαμβάνετε.
1742 808 1762 832 a
1798 800 1947 835 150A·

203 903 345 957 Ως
315 928 435 972 εχων
461 908 509 957 ἐν
535 908 684 959 ἑαυτῶ
718 909 801 961 τὸν
829 912 1021 979 Πατερα
1057 938 1133 966 και
1168 915 1221 967 τὸ
1250 921 1448 983 Πνεῦμα
1485 925 1720 988 φυσικῶς,

129 988 192 1038 εἰς
232 987 555 1051 πληθυντικὸν
595 990 795 1056 ἀριθμὸν
832 993 887 1044 τὸ
925 1000 1021 1047 τῶν
1058 1000 1423 1065 μαρτυρούντων
1461 1003 1724 1069 πρόσωπον

128 1065 350 1135 ἐξέτεινεν
388 1070 413 1120 5
453 1071 638 1138 Σωτήρ
701 1074 775 1125 ἵνα
815 1075 995 1142 τρόπον
1035 1078 1139 1129 τινὰ
1185 1081 1305 1132 κατὰ
1349 1083 1431 1134 τὸν
1474 1088 1723 1141 Μωυσεως

63 1168 109 1193 ῐο
128 1147 272 1211 νόμον
298 1157 327 1179 “
345 1151 457 1203 Ἐπι
484 1153 725 1218 στόματος
752 1157 834 1208 δύο
863 1181 938 1209 και
964 1183 1107 1226 τριων
1132 1163 1410 1230 μαρτύρων”
1439 1168 1721 1233 κρατύνηται
1783 1176 1919 1260 Εἰπὲ.

126 1229 180 1280 τὸ
224 1254 477 1298 ειρημενον.
546 1236 809 1302 οὐδαμόθεν
853 1240 902 1291 δε
947 1241 1072 1297 ὅλως
1116 1246 1448 1313 ἀνασώζεσθαι
1493 1249 1721 1306 θέλοντας

126 1313 393 1366 ἐπιδεικνύει
425 1317 531 1372 τοὺς
565 1319 831 1385 Ἰουδαίους,
864 1325 1107 1390 ἀχαλίνοις
1146 1327 1193 1377 δε
1233 1329 1399 1384 ἁπλῶς
1439 1354 1514 1382 και
1553 1334 1715 1400 ἀπερι-

125 1394 347 1450 σκέπτοις
398 1399 563 1465 ὁρμαῖς
613 1403 687 1453 ἐπὶ
739 1403 792 1454 τὸ
843 1405 969 1465 βαθυ
1019 1411 1102 1470 τῆς
1146 1410 1383 1465 ἀπωλειας
1439 1414 1722 1480 φερομενους

123 1475 387 1544 βάραθρον·
430 1486 467 1531 εὶ
501 1482 594 1550 γὰρ
629 1483 747 1548 μήτε
784 1492 904 1538 νοεῖν
931 1490 1183 1557 ἰσχύουσιν
1211 1493 1260 1543 ἐκ
1294 1497 1485 1558 πολλῆς
1521 1497 1766 1560 ἀμαθίαςῖ)

59 1574 105 1613 ¹5
123 1557 178 1609 τὸ
205 1562 561 1627 κηρυττόμενον,
588 1566 706 1630 μήτε
733 1569 892 1619 πίστει
918 1576 1161 1623 ποιοῦνται
1189 1573 1367 1639 δεκτὸν,
1389 1577 1458 1630 τίς
1484 1577 1541 1628 ἂν
1567 1580 1723 1634 αὐτοῖς

123 1663 362 1707 σωτηριας
390 1667 544 1711 ετερος
569 1650 832 1715 ε”πινοηθειη
858 1652 1065 1717 τρόπος·
1054 1695 1066 1716 ,
1111 1661 1269 1710 καλῶς
1296 1657 1352 1722 δὴ
1380 1659 1461 1709 οὖν
1487 1683 1563 1711 και
1591 1661 1723 1724 μάλα

123 1724 310 1778 δικαίως
345 1727 708 1795 ἀναπολόγητον
742 1732 939 1784 ε’σεσθαι
977 1735 1062 1799 τὴν
1092 1738 1412 1804 Ιερουσαλὴμ
1449 1742 1660 1811 ἔφασκεν
1696 1747 1721 1795 5

124 1805 308 1873 Σωτὴρ,
361 1810 423 1863 ὡς
472 1810 764 1875 αὐτόκλητον
815 1816 886 1882 ἐφ’
941 1817 1110 1882 ἑαυτὴν
1161 1820 1470 1896 ἁρπάζουσαν
1522 1824 1721 1893 ὄλεθρον

122 1894 150 1915 “
176 1887 493 1955 Ιερουσαλὴμ
527 1892 620 1959 γὰρ
648 1895 978 1962 Ἰερουσαλὴμ,
1008 1904 1172 1966 φησὶν,
1202 1902 1229 1965 ἡ
1257 1905 1586 1957 ἀποκτενουσα
1612 1931 1719 1963 τους
1781 1918 1940 2001 Ξῖξὲῑῑὲῑζ

121 1971 424 2068 “προερήτας
481 1997 556 2025 και
616 1981 948 2038 λιθοβολοῦσα
1000 2004 1107 2036 τους
1158 1986 1549 2050 ἀπεσταλμένους
1599 1991 1716 2056 πρὸς
1781 1985 1832 2043 3⁴8·
1869 1986 1874 1990 ³
1917 1984 1943 2001 Π

122 2053 334 2117 “αὐτὴν,
365 2054 568 2111 ποσάκις
606 2058 825 2155 ηθέλησα
864 2063 1231 2131 ἐπισυναγαγεῖν
1265 2067 1324 2118 τὰ
1361 2071 1499 2122 τέκνα
1535 2095 1626 2124 σου
1663 2072 1715 2124 ὃν

121 2134 350 2200 “τρόπον
402 2136 527 2204 ὅρνις
577 2142 852 2208 ἐπισυνάγει
910 2144 969 2195 τὰ
1026 2169 1203 2199 νοσσια
1262 2152 1428 2215 εαυτῆς
1484 2153 1575 2205 ὑπὸ
1630 2154 1753 2209 wdesc-

120 2222 147 2245 “
172 2218 420 2283 πτερυγας,
478 2221 554 2272 καὶ
614 2225 697 2274 οὐκ
757 2225 1044 2290 ἠθελήσατε·
1119 2230 1219 2281 ἰδοὺ
1280 2234 1467 2301 ἀφίεται
1523 2239 1630 2299 ὑμῖν
1687 2240 1711 2288 ὁ

121 2303 148 2326 “
173 2296 296 2352 οἶκος
344 2302 521 2364 ὑμῶν.”

167 2467 198 2491 2.
223 2472 289 2491 που
307 2459 416 2502 φησὶν
433 2459 554 2494 omB.
715 2474 747 2508 3.
774 2466 884 2509 φησιν
897 2474 1123 2519 assumptum
1143 2481 1184 2504 ex
1206 2470 1246 2505 B.
1386 2485 1458 2529 19
1484 2473 1710 2531 Ἰερουσαλὴμ

118 2503 176 2536 alt.
196 2515 266 2561 ⁰,m
286 2504 328 2539 B.
408 2506 641 2542 ἀποκτένουσα
668 2509 714 2544 D.
741 2511 784 2545 ef.
810 2512 845 2546 in
871 2525 918 2547 ΧΠ
947 2513 1074 2560 proph.
1093 2527 1161 2561 504
1182 2517 1216 2559 d,
1243 2517 1356 2563 786e.
1375 2519 1622 2557 ἀποκτείνουσα
1641 2524 1708 2559 Ed.

119 2559 175 2584 22.
200 2550 360 2598 ἐπισυνά)
360 2567 397 2586 ει
414 2564 484 2586 om.
505 2553 546 2587 B.
