2021 3296
115 153 141 194 i.
164 167 198 193 1.
368 153 442 193 IN
485 153 527 194 S.
561 152 897 194 JOANNEM.
959 153 1082 194 LIB.
1116 154 1151 194 Ι.
1213 154 1346 195 CAP.
1381 154 1442 194 ΙΙ.
1644 158 1698 197 29

112 260 390 330 πλεονεξίαν
415 260 690 327 γενομένους
725 257 1018 326 διαβολικήν·
1069 264 1145 312 καὶ
1181 260 1238 325 δὴ
1275 264 1351 313 καὶ
1385 262 1609 330 ἔφασκεν,
1637 265 1699 316 ὡς

111 342 228 409 πρὸς
253 342 335 394 τὸν
362 342 486 394 Θεὸν
512 345 589 394 καὶ
616 343 810 410 Πατέρα
837 350 864 373 “
886 341 1268 411 Ἐξαπόστειλον
1293 344 1347 394 τὸ
1375 346 1477 412 φῶς
1503 366 1595 395 σου
1621 347 1697 395 καὶ

112 429 139 453 “
163 421 251 487 τὴν
276 422 503 490 ἀλήθειάν
528 424 659 476 σου.”
706 429 842 476 ποῖον
876 424 957 475 οὖν
989 423 1082 491 ἄρα
1117 425 1220 475 ἐστὶ
1253 423 1307 475 τὸ
1345 427 1469 493 φῶς,
1498 425 1611 476 ποία
1647 425 1696 477 δὲ

0 497 7 552 {¹
109 505 138 569 ἡ
177 504 395 570 ἀλήθεια,
436 507 578 557 αὐτοῦ
616 506 840 572 λε’γοντος
878 505 1016 557 ἄκουε
1054 510 1137 556 τοῦ
1174 509 1293 556 Υἱοῦ
1333 506 1464 572 Ἐγώ
1509 509 1600 570 εἶμι
1642 506 1696 558 τὸ

0 586 5 651 ᾖ
67 600 89 639 5
109 590 213 654 φῶς
239 589 315 637 καὶ
350 588 441 654 ἐγώ
477 592 567 652 εἶμι
601 588 628 652 ἦ
660 587 875 652 ἀλήθεια·
917 590 955 638 εἰ
992 586 1039 638 δὲ
1074 587 1306 652 πέμπεται
1339 585 1458 654 πρὸς
1489 587 1609 651 ἡμᾶς
1641 586 1695 638 τὸ

3 698 7 738 3.
108 671 211 736 φῶς
244 670 321 720 καὶ
354 669 382 733 ἡ
417 668 613 735 ἀλήθεια
646 674 730 720 τοῦ
757 668 968 736 Πατρὸς,
997 668 1243 720 τουτέστιν
1268 670 1293 719 ὁ
1319 667 1448 731 Υἱὸς,
1475 672 1575 722 πῶς
1609 669 1696 737 οὐχ

107 747 259 816 ἕτερός
284 751 388 802 ἐστι
412 752 522 818 παρ’
550 750 704 813 αὐτὸν,
731 749 851 802 ὅσον
879 755 940 804 εἰς
970 750 1025 801 τὸ
1052 750 1177 804 ἰδίως
1203 749 1443 818 ὑπάρχειν,
1471 754 1510 801 εὶ
1544 751 1619 802 καὶ
1646 750 1695 801 ἕν

105 831 238 882 ἐστιν
262 833 324 886 ὡς
348 831 467 898 πρὸς
493 831 649 895 αὐτὸν,
678 831 796 883 ὅσον
821 836 884 886 εἷς
910 831 996 896 τὴν
1022 834 1104 896 τῆς
1131 832 1295 886 οὐσίας
1320 831 1615 896 ταυτότητα;
1656 836 1694 884 εἰ
1711 854 1733 881 e

105 911 199 978 γὰρ
232 911 298 977 μὴ
335 914 480 967 οὕτως
519 913 639 981 ἔχειν
672 913 850 966 οἴονταί
879 936 1013 976 τινες,
1045 915 1070 964 ὁ
1109 912 1248 967 αὐτὸς
1287 911 1337 964 δὲ
1375 915 1451 965 καὶ
1490 913 1553 968 εἷς
1590 915 1694 965 ἐστι

0 892 4 936 ἕ

0 940 4 963 l

0 965 3 991 r
225 993 239 1010 x
361 997 375 1014 χ
452 995 484 1011 «x
597 996 609 1014 J
676 994 690 1011 x
728 995 749 1013 et
914 997 924 1011 ³
1031 1000 1050 1008 n
1158 994 1172 1010 x
1269 998 1290 1008 n
1382 996 1393 1010 2
1439 998 1459 1008 a
1588 994 1600 1010 r

0 994 4 1065 ᾗ
40 1016 86 1041 10
106 997 274 1061 Πατηρ
301 1017 376 1046 και
401 999 532 1054 Υιος,
559 1018 603 1046 τι
629 1019 695 1060 μη
722 1018 879 1062 ετερον
902 1018 1100 1047 εποιειτο
1126 1018 1209 1046 τον
1235 1018 1317 1059 της
1347 1018 1487 1063 ευχης
1516 1017 1694 1063 τροπον

0 1070 3 1143 ᾖ
104 1076 129 1126 ὁ
155 1076 544 1147 πνευματοφόρος
566 1082 696 1139 βοῶν
711 1076 859 1129 Ἐλθὲ
884 1076 1002 1144 πρὸς
1028 1078 1149 1141 ἡμᾶς
1174 1075 1211 1127 ῶ
1238 1081 1341 1146 φῶς
1367 1079 1443 1128 καὶ
1464 1076 1691 1142 ἀλήθεια;

0 1167 2 1228 j
103 1157 257 1222 ἐπειδὴ
302 1157 351 1209 δὲ
395 1158 449 1210 τό
489 1158 870 1228 Ἐξαπόστειλον
914 1159 1054 1225 λε’γει,
1097 1161 1241 1222 δῆλος
1285 1156 1342 1210 ἂν
1387 1159 1454 1223 εἵη
1499 1158 1688 1222 λοιπὸν,

0 1230 2 1255 Ῑ
103 1239 257 1305 ἕτερον
299 1240 385 1304 μέν
429 1263 533 1292 τινα
577 1239 660 1292 τὸν
702 1241 1069 1292 ἀποστέλλοντα
1120 1239 1263 1304 εἰδὼς,
1309 1241 1466 1307 ἕτερον
1509 1239 1558 1292 δὲ
1609 1241 1692 1292 τὸν

0 1305 2 1349 7
102 1320 541 1387 ἀποστελλόμενον·
609 1324 633 1373 ὁ
693 1321 741 1374 δὲ
799 1326 883 1387 τῆς
943 1324 1221 1386 ἀποστολῆς
1272 1321 1444 1389 τρόπος
1492 1324 1692 1374 νοείσθω

0 1439 1 1442 =
35 1418 82 1457 15
102 1407 386 1469 θεοπρεπῶς.

175 1505 306 1534 ΑΛΛο.
359 1486 432 1535 Δι’
480 1489 599 1536 Υὶοῦ
639 1488 928 1550 πεποιῆσθαι
972 1485 1032 1537 τὰ
1075 1485 1233 1537 πάντα
1279 1489 1433 1555 φασὶν
1481 1488 1528 1536 αἱ
1574 1489 1693 1536 θεῖαι

1758 350 1811 381 Ps.
1827 351 1895 382 xlii.

1759 402 1787 434 3.

102 1570 284 1636 γραφαὶ
311 1566 414 1617 “v-(3⁶
452 1566 600 1633 ὁρατὰ
637 1568 713 1617 καὶ
747 1566 806 1617 τὰ
841 1565 1038 1634 ἀόρατα,
1069 1566 1128 1618 τὰ
1159 1568 1208 1618 ἐν
1239 1572 1335 1621 τοῖς
1369 1568 1580 1633 οὐρανοῖς
1616 1568 1691 1617 καὶ
1752 1588 1912 1621 001.i.16.

103 1658 131 1680 ‘⁶
155 1651 215 1702 τὰ
265 1653 340 1703 ἐπὶ
390 1654 472 1715 τῆς
522 1650 661 1716 γῆς,”
714 1652 792 1702 καὶ
846 1652 966 1702 οὕτω
1021 1650 1324 1704 πιστεύοντες
1373 1651 1422 1701 ἐν
1473 1649 1730 1717 ὀρθότητιιι
1791 1669 1841 1703 19
1860 1668 1912 1704 Α.

102 1737 368 1798 λογισμῶν,
396 1734 471 1783 καὶ
500 1737 595 1783 τῶν
620 1735 703 1796 τῆς
737 1732 977 1793 εὐσεβείας
1005 1731 1255 1798 δογμάτων
1281 1731 1394 1782 ε’ίσω
1420 1730 1692 1797 βεβήκαμεν

34 1837 82 1861 20
102 1818 143 1865 οἱ
190 1817 272 1878 τῆς
319 1814 538 1879 ἀληθείας
582 1814 923 1880 προσκυνηταί·
986 1814 1153 1864 οὐκοῦν
1196 1811 1483 1882 ἐξετάζωμεν
1520 1811 1575 1864 τό
1614 1814 1689 1864 Δι’

101 1899 233 1954 Υἱοῦ,
274 1898 351 1947 καὶ
394 1896 534 1947 ποίαν
572 1896 681 1959 ἡμῖν
721 1895 929 1964 εἰσφέρει
973 1893 1059 1959 τὴν
1100 1894 1307 1946 διάνοιαν
1348 1895 1685 1961 ἐρευνήσωμεν.

101 1979 210 2028 ἀλλ’
252 1978 355 2029 ἔστι
401 1981 562 2042 δῆλον,
600 1979 663 2031 ὡς
707 1977 864 2044 ἕτερον
902 1976 987 2039 μέν
1025 1999 1129 2027 τινα
1169 1982 1290 2028 νοεῖν
1328 1977 1565 2029 ἀναπείθει
1607 1976 1690 2029 τὸν

100 2065 324 2111 ποιοῦντα
367 2062 442 2111 καὶ
487 2058 808 2126 ἐργαζόμενον,
855 2059 1013 2126 ἕτερον
1058 2059 1114 2110 δέ
1151 2082 1256 2110 τινα
1299 2058 1383 2110 τὸν
1427 2060 1481 2110 δι’
1533 2060 1587 2111 οὗ
1631 2059 1691 2111 τὰ

100 2140 255 2192 πάντα
281 2140 536 2208 ἐργάζεται.
593 2140 675 2192 δύο
701 2140 794 2208 γὰρ
818 2140 1094 2207 προσώπων
1121 2142 1183 2194 ὡς
1217 2140 1274 2209 ἐξ
1303 2139 1511 2206 ἀνάγκης
1536 2140 1690 2207 παρά-

34 2239 80 2278 25
99 2246 278 2274 στασιν
301 2223 394 2291 ἔχει
420 2222 474 2275 τό
501 2222 578 2274 Δι’
605 2226 737 2275 Υἶοῦ.
795 2221 822 2287 ἢ
850 2222 1127 2289 λεγέτωσαν
1154 2221 1274 2273 κατὰ
1299 2222 1403 2273 τίνα
1429 2221 1606 2289 τρόπον
1633 2221 1688 2274 τὸ

100 2304 148 2355 ἓν
174 2307 236 2358 ὡς
262 2306 312 2356 ἐν
338 2308 521 2375 ἀριθμῷ
546 2307 622 2356 καὶ
648 2308 706 2373 τῇ
734 2305 834 2356 κατ’
864 2303 1007 2356 αὐτὸν
1032 2303 1267 2369 ποσότητι
1292 2305 1341 2355 ἐν
1366 2308 1433 2374 τῷ
1462 2327 1508 2355 τι
1539 2309 1688 2355 ποιεῖν
1706 2317 1732 2356 b

149 2387 162 2404 Ι
424 2386 434 2400 Ι
544 2387 555 2402 ’
647 2390 656 2403 ἰ
694 2391 714 2401 Α
851 2387 862 2404 Ι
1122 2388 1137 2404 Χ
1198 2387 1209 2402 3
1326 2390 1346 2399 Α
1423 2388 1433 2401 ὶ
1532 2385 1544 2401 Ι

100 2391 343 2452 λεγεσθαι,
381 2410 436 2437 το
481 2392 544 2437 Δι
597 2390 715 2437 Υιου
755 2409 922 2453 κυριως
967 2409 1016 2438 τε
1062 2410 1138 2437 και
1183 2390 1375 2451 αληθως
1414 2385 1685 2454 επιδεξεται,

99 2467 283 2522 οὐδενὸς
321 2468 478 2535 ἑτέρου
516 2467 938 2532 συνεπινοουμένου
977 2470 1052 2519 καὶ
1090 2468 1523 2535 συνειστρέχοντος·
1574 2468 1684 2517 ἀλλ’

99 2547 225 2614 οἶμαι
266 2554 512 2604 παντελῶς
550 2549 812 2617 ἀπορήσειν
848 2549 932 2601 τὸν
970 2550 1026 2600 δι’
1067 2550 1291 2603 ἐναντίας.
1345 2547 1502 2613 ἐπειδὴ
1543 2547 1591 2599 δὲ
1629 2549 1686 2599 δι’

32 2647 80 2683 30
98 2634 216 2682 Υἱοῦ
242 2630 325 2683 τὸν
341 2632 535 2699 Πατέρα
560 2631 619 2684 τὰ
643 2631 800 2684 πάντα
826 2631 1088 2699 εἰργάσθαι,
1110 2633 1185 2682 καὶ
1212 2632 1348 2682 αὑταὶ
1374 2629 1687 2697 κηρύττουσιν

149 2771 180 2795 1.
206 2759 259 2794 καὶ
276 2760 334 2794 alt.
353 2766 575 2805 assumptum
592 2772 634 2795 ex
653 2760 696 2795 B.
871 2772 904 2796 2.
930 2761 988 2796 τὸν
1004 2772 1074 2796 om.
1095 2760 1138 2794 B.
1317 2770 1369 2804 13.
1396 2773 1469 2792 τινα
1485 2770 1555 2793 orn.
1575 2758 1685 2794 Euth.

101 2805 225 2840 Statim
243 2807 302 2840 τὸν
319 2813 540 2852 assumptum
557 2819 598 2842 ex
618 2807 703 2842 B.E.
725 2807 834 2842 Euth.
1058 2818 1113 2841 20.
1141 2806 1346 2850 ἐξετάζωμεν
1364 2805 1405 2839 Ε.
1424 2805 1623 2849 ἐξετάζομεν
1640 2806 1683 2839 B.

100 2852 312 2897 ἐξετάσωμεν
329 2852 395 2887 Ed.
461 2852 503 2887 δι’
521 2854 563 2888 Β.
582 2854 636 2888 διὰ
653 2856 712 2889 τοῦ
730 2854 798 2888 Ed.
997 2865 1051 2888 21.
1079 2853 1234 2897 εἶσφέρει
1252 2852 1329 2896 ἡμῖν
1345 2852 1484 2886 inverso
1500 2851 1623 2887 Ordine
1641 2852 1685 2886 B.

102 2898 157 2933 26.
174 2900 213 2934 τὸ
230 2911 293 2944 pro
311 2901 349 2943 τῇ
370 2899 412 2933 Ε.
509 2908 565 2945 27.
583 2915 619 2934 τε
637 2905 859 2945 assumptum
876 2912 918 2935 ex
937 2901 980 2935 Β.
1046 2899 1235 2943 ἐπιλέξεται
1255 2898 1298 2933 Β.
1398 2909 1453 2943 29.
1470 2896 1545 2943 τὸν]
1560 2902 1627 2933 τῶν
1641 2898 1684 2934 Ε.

100 2945 177 2982 τοὺς
194 2957 211 2980 e
229 2957 293 2981 suo
313 2946 446 2990 Migne.
513 2945 554 2981 δι’
573 2948 653 2982 ’Υἱοῦ
670 2948 728 2982 τὸν
746 2947 882 2993 Πατέρα
899 2946 965 2982 hoc
983 2946 1105 2982 ordine
1124 2945 1166 2981 B.
1264 2955 1320 2991 30.
1346 2944 1547 2990 ἐργάζεσθαι
1566 2945 1609 2980 Β.
