2084 3317
159 136 216 179 iii.
240 139 304 180 18.
422 141 496 183 IN
537 143 580 184 S.
613 144 948 189 JOANNEM.
1011 149 1135 192 LIB.
1170 151 1230 193 ΙΙ.
1294 154 1428 197 CAP.
1462 157 1497 199 I.
1670 162 1755 204 229

157 247 562 314 ἀνακυκλημάτων
587 252 924 322 στρεφόμενος,
953 260 1028 309 καὶ
1055 265 1268 326 συγγενῆ
1292 286 1394 318 πως
1419 270 1514 319 τοῖς
1540 267 1636 318 ἅνω
1664 268 1751 333 τὴν

156 330 354 395 θεωρίαν
401 333 649 401 εἰσφέρων,
691 338 742 387 ἐκ
787 341 1080 406 φιλομαθίας
1124 343 1375 409 εἰρήσεται.
1442 348 1625 415 ἐθεώρει
1667 349 1750 401 τὸν

156 409 429 475 Νικόδημον
467 415 492 464 ὁ
533 415 701 483 Σωτὴρ
739 424 835 473 τοῖς
877 424 1186 479 Μωυσαϊκοῖς
1225 427 1531 495 ἐμπεπηγότα
1570 429 1746 496 νόμοις,

153 494 229 543 καὶ
263 496 345 557 τῆς
378 494 464 559 μὲν
494 498 800 567 ἀρχαιοτέρας
837 504 988 573 ἀπρὶξ
1018 506 1240 574 ἐχόμενον
1269 511 1476 575 ἐντολῆς,
1505 515 1742 583 ἀποφρίτ-

111 587 132 625 5
152 597 295 626 τοντα
337 577 393 628 δέ
431 601 530 633 πως
576 582 696 647 πρὸς
740 583 827 648 τὴν
868 585 944 637 διὰ
988 588 1263 652 Πνεύματος
1305 594 1631 659 ἀναγέννησιν,
1671 599 1747 649 καὶ

151 656 270 723 πρὸς
325 658 412 724 τὴν
463 660 569 712 νέαν
621 667 696 715 καὶ
750 667 1059 733 εὐαγγελικὴν
1110 680 1427 726 κατοκνοῦντα
1479 679 1740 743 πολιτείαν,

150 739 380 805 οἰηθέντα,
411 743 531 794 κατά
566 745 620 796 τὸ
655 746 786 810 εἰκὸς,
822 751 1171 819 φορτικωτέραν
1205 755 1401 808 ἔσεσθαι
1437 759 1613 825 ταύτην
1648 767 1744 813 τῶν

148 821 237 885 ἤδη
274 825 664 891 διατεταγμένων.
721 831 805 881 οὐκ
840 832 1081 898 ἀγνοήσας
1117 844 1380 904 τοιγαροῦν,
1409 842 1469 894 ὡς
1498 841 1634 906 Θεὸς,
1659 843 1741 896 τὸν
1762 855 1787 896 b

147 903 204 971 ἐξ
226 905 429 967 ἀμαθίας
456 909 876 975 ἐπεισπηδήσαντα
905 913 1075 982 φόβον,
1102 920 1167 969 ἑνὶ
1194 925 1268 970 καὶ
1301 923 1527 993 ἀποτόμῳ
1556 927 1741 992 χρησά-

79 1009 126 1034 10
144 1008 282 1048 μενος
317 995 555 1060 λογισμῷ,
587 997 682 1044 τῶν
715 995 788 1045 ἐπὶ
824 996 975 1066 τούτῳ
1015 998 1234 1066 θορύβων
1266 1004 1514 1071 ἐλευθεροῖ,
1545 1011 1620 1058 καὶ
1654 1008 1741 1074 τὴν

141 1067 228 1130 μὲν
254 1067 330 1120 διὰ
359 1073 609 1128 Μωυσέως
645 1076 857 1141 ἐντολὴν,
885 1077 960 1129 διὰ
994 1087 1077 1132 τοῦ
1113 1086 1403 1151 κατακρίνειν
1428 1086 1511 1139 τὸν
1537 1088 1737 1154 κόσμον,

143 1152 532 1220 δυσαχθεστέραν
563 1157 714 1208 οὖσαν
746 1160 1029 1226 ἐπιδεικνύει,
1063 1164 1347 1232 ἡμερότητος
1383 1168 1433 1220 δὲ
1467 1172 1740 1237 βραβευτὴν

141 1232 306 1284 ἑαυτὸν
332 1237 539 1305 εἷσφέρει
573 1239 730 1305 λέγων
756 1246 825 1294 Οὐ
862 1243 952 1313 ’γέιρ
986 1248 1246 1301 ἀπέστειλεν
1273 1257 1290 1302 ὁ
1320 1250 1430 1307 Θεός
1466 1254 1532 1305 τὶν
1559 1257 1652 1308 Τὶἒν
1679 1263 1738 1312 εἷς

139 1314 208 1365 τὶν
245 1318 406 1385 κόσμον
435 1318 507 1371 ἵνα
548 1328 656 1397 κρίνῃ
696 1323 763 1376 τὶν
805 1327 964 1395 κόσμον
1003 1332 1113 1380 ἀλλ’
1155 1331 1226 1383 ’ἵνα
1265 1332 1378 1406 σωθῇ
1415 1339 1432 1385 ὁ
1476 1342 1642 1406 κόσμος
1682 1337 1735 1391 δι’

74 1412 119 1449 15
139 1398 284 1450 αὐτοῦ.

1751 1528 1773 1555 c

131 1585 185 1628 ‘O
224 1591 437 1634 Πιστεύων
476 1591 536 1635 εἰς
574 1596 646 1637 τὸν
681 1595 780 1640 Υἱὸν
816 1599 863 1640 οὐ
904 1601 1103 1658 κρίνεται·
1155 1605 1177 1649 ὁ
1216 1605 1261 1648 δὲ
1299 1608 1355 1657 μὴ
1396 1611 1606 1653 Πιστεύων
1646 1612 1727 1655 ι’ίὸΗ
1753 1619 1799 1655 18

204 1680 405 1737 κέκριται,
446 1686 510 1729 ὅτι
553 1687 609 1736 μή
655 1689 936 1734 Πεπίστευκεν
981 1692 1040 1736 εἰς
1083 1696 1130 1738 τὸ
1176 1697 1311 1748 ὄνομα
1356 1704 1429 1742 τοῦ
1469 1709 1728 1753 μονοΓενοῦε

200 1770 301 1814 Υἷοῡ
340 1779 414 1816 τοῦ
454 1776 579 1819 Θεοῦ.

207 1900 602 1969 Πληροφορήσας
633 1904 710 1956 διὰ
734 1908 1044 1975 πραγμάτων,
1074 1911 1144 1964 ὅτι
1170 1917 1247 1966 καὶ
1273 1915 1389 1972 Υἱὸς
1422 1918 1618 1989 ὑπάρχει
1645 1929 1727 1975 τοῦ

62 1998 112 2023 20
131 1981 257 2030 Θεοῦ
295 1983 371 2032 καὶ
411 1984 618 2051 Πατρὸς,
660 1989 735 2038 καὶ
773 1992 856 2054 τῆς
899 1995 1148 2049 Μωυσέως
1187 2000 1421 2055 διακονίας
1459 2003 1724 2071 ἀξιολογω-

128 2059 266 2126 τέραν
294 2065 502 2132 εἰσφέρει
537 2072 604 2136 τῷ
640 2068 808 2141 κόσμῳ
844 2072 929 2137 τὴν
955 2074 1110 2143 χάριν·
1154 2084 1255 2134 πῶς
1288 2082 1382 2148 γὰρ
1416 2086 1499 2135 οὐκ
1535 2087 1724 2150 ἄμεινον

126 2147 210 2193 τοῦ
236 2148 600 2212 κατακρίνεσθαι
630 2150 757 2222 νόμῳ
784 2153 838 2205 τὸ
866 2158 1161 2211 δικαιοῦσθαι
1187 2161 1374 2230 χάριτι;
1413 2167 1589 2233 τρόπον
1614 2170 1724 2233 ἡμῖν

127 2224 283 2291 ἕτερον
309 2229 578 2295 ἐπενόησεν,
600 2235 661 2287 ὡς
689 2235 824 2299 Θεὸς,
852 2242 914 2292 εἷς
940 2240 1105 2292 πίστιν
1130 2244 1396 2311 ἐπαγωγὸν,
1423 2249 1722 2319 παντάχοθεν

126 2306 233 2361 τοὺς
259 2310 575 2367 ἀπολωλότας
602 2318 909 2370 συνελαύνων
935 2325 997 2376 εἰς
1023 2326 1279 2392 σωτηρίαν.
1335 2331 1591 2396 προτίθησι
1617 2335 1710 2384 τοί·
1737 2342 1764 2384 d

58 2411 106 2446 25
127 2412 208 2440 νυν
234 2394 300 2460 τῷ
327 2392 411 2456 μὲν
437 2397 708 2449 πιστεύοντι
735 2401 875 2467 γέρας
910 2403 964 2454 τὸ
1001 2404 1066 2470 μὴ
1100 2413 1351 2461 καλεῖσθαι
1387 2413 1506 2478 πρὸς
1541 2415 1716 2479 κρίσιν,

124 2475 191 2540 τῷ
226 2473 269 2522 δ’
296 2475 563 2529 ἀπειθοῦντι
597 2479 815 2546 κόλασιν,
842 2488 903 2538 εἷς
931 2486 1015 2550 τὴν
1042 2488 1187 2554 αὐτὴν
1215 2493 1291 2542 καὶ
1316 2494 1429 2556 μίαν
1456 2496 1510 2545 δι’
1540 2498 1720 2565 ἀμφοῖν

123 2553 372 2622 ἀναφέρων
398 2557 523 2622 ὁδὸν,
551 2563 626 2612 καὶ
651 2563 758 2618 τοὺς
784 2565 869 2629 μὲν
894 2568 1052 2636 ἐφέσει
1085 2572 1144 2639 τῇ
1179 2575 1284 2640 περὶ
1317 2574 1404 2638 τὴν
1430 2575 1583 2643 χάριν,
1610 2578 1718 2635 τοὺς

122 2633 170 2685 δὲ
221 2637 362 2707 φόβῳ
412 2646 495 2691 τοῦ
544 2648 726 2708 παθεῖν,
772 2649 845 2699 ἐπὶ
897 2654 963 2719 τῷ
1008 2653 1250 2705 πιστεύειν
1302 2655 1412 2707 ἰέναι
1462 2661 1717 2724 προθύμως

121 2723 396 2782 συγκαλῶν·
452 2723 666 2790 χαλεπὸν
701 2727 750 2779 δὲ
788 2732 865 2781 καὶ
901 2733 1023 2799 μέγα
1062 2737 1145 2798 τῆς
1179 2738 1399 2793 ἀπιστίας
1434 2741 1625 2793 δεικνύει
1659 2744 1714 2795 τὸ

171 2867 224 2900 19.
249 2833 427 2903 7δηόιῖιγμάτων
447 2860 488 2895 Β.
554 2864 698 2909 ὑπάρχει
718 2867 758 2901 Β.
779 2869 924 2915 ὑπάρχοι
944 2871 1010 2906 Ed.
1114 2873 1168 2908 26.
1195 2875 1231 2908 δέ
1251 2875 1357 2911 Cord.
1379 2877 1533 2914 Cramer.
1586 2880 1709 2917 Statim

119 2901 294 2938 ἀπιθοῦντι
313 2905 418 2940 Cord.
517 2919 571 2954 27.
597 2910 776 2957 ἀναφέρων
794 2915 836 2949 Β.
857 2916 964 2953 Cord.
986 2918 1044 2953 Cr.
1064 2919 1188 2955 ὁδεύων
1207 2921 1274 2957 Ed.
1377 2925 1433 2960 28.
1462 2927 1500 2960 τὸ
1519 2926 1628 2963 Cord.
1649 2929 1708 2965 Cr.

119 2949 298 2995 προθύμως
319 2952 358 2986 Β.
379 2953 486 2989 Cord.
508 2954 565 2990 Cr.
583 2959 804 3005 μακροθύμως
823 2962 890 2999 Ed.
