2084 3317
104 121 333 178 vi·52,53-
373 122 446 164 IN
489 122 531 162 s,
565 120 900 163 JOANNEM.
963 120 1086 161 ΜΒ.
1122 120 1199 160 IV.
1262 121 1395 162 CAP.
1431 122 1491 162 11.
1611 125 1694 165 527

106 235 133 260 ‘⁴
158 229 318 298 ἀπέχει
354 232 379 281 ὁ
415 229 610 296 οὐρανὸς
644 229 737 281 ἀπὸ
777 232 858 294 τῆς
894 232 994 295 γῆς,
1027 231 1173 282 οὕτως
1213 230 1477 296 ἀπέχουσιν
1509 234 1553 281 αἱ
1596 232 1700 281 ὁδοί

106 319 133 342 “
158 334 249 374 μου
275 311 368 363 ἀπὸ
393 316 486 362 τῶν
511 313 634 362 ὁδῶν
661 313 790 374 ὑμῶν
815 313 889 362 καὶ
915 310 975 362 τά
1001 310 1291 375 διανοήματα
1324 312 1454 374 ὑμῶν
1481 310 1575 362 ἀπὸ
1610 314 1695 375 Τῆς

105 401 132 423 “
156 393 358 445 διανοίας
397 394 528 457 μου·”
581 394 606 443 ὁ
646 392 694 444 δὲ
732 398 965 444 τοσοῦτον
1000 393 1132 457 ἡμῶν
1167 392 1287 443 κατά
1321 415 1370 443 τε
1405 394 1586 460 σοφίαν
1621 395 1696 444 καὶ

103 473 298 537 δύναμιν
338 474 672 540 ὑπερκείμενος,
705 479 807 528 πῶς
845 475 948 542 οὐχὶ
987 476 1062 526 καὶ
1099 473 1355 540 ἐργάσεται
1393 473 1693 544 παραδόξως,

60 566 83 605 5
103 558 178 607 καὶ
203 555 290 620 τὴν
315 556 543 622 ἡμετεραν
570 557 868 622 ὑπεραλεῖται
895 555 1172 625 κατάληψιν
1193 578 1204 617 ;
1713 581 1734 609 c

177 639 449 702 Βουλοίμην
500 639 543 689 δ’
596 636 654 688 ἂν
705 638 770 689 ε”τι
827 640 902 689 καὶ
958 636 1199 704 λογισμὸν
1249 640 1322 690 ἐπὶ
1381 638 1562 692 τούτοις
1613 639 1697 690 οὐκ

102 719 340 789 ἄκομψον,
374 719 435 774 ὥς
473 743 528 786 γε
567 743 647 784 μοι
687 721 917 788 φαίνεται,
949 725 1344 786 παρεισενεγκεῖν.
1398 724 1439 772 οἱ
1477 719 1563 785 μὲν
1601 719 1696 786 γὰρ

102 802 223 854 κατὰ
248 802 382 853 τονδὲ
408 802 491 854 τ’ὸν
516 803 623 863 βίον
648 805 730 866 τῆς
757 803 1050 867 καλουμένης
1085 806 1346 871 μηχανικῆς
1381 803 1467 867 τὴν
1493 802 1692 867 ἐπιστή-

101 907 195 949 μην
233 882 585 948 ἐπανελόμενοι,
628 885 751 949 μέγα
789 907 834 934 τι
872 883 1108 938 πολλάκις
1149 888 1410 951 κατορθοῦν
1448 885 1692 951 ἐπαγγέλ-

35 982 83 1007 10
101 973 280 1029 λονται,
307 968 382 1017 καὶ
417 970 512 1018 τῶν
548 965 634 1030 μὲν
669 966 977 1031 ἀκροωμένων
1013 964 1315 1017 διαλανθάνει
1351 965 1434 1017 τὸν
1468 972 1577 1017 νοῦν
1603 966 1696 1032 πρὸ

100 1050 183 1111 τῆς
222 1048 417 1114 θεωρίας
455 1052 550 1099 τῶν
583 1048 834 1113 δρωμένων
869 1047 896 1111 ἡ
932 1048 1146 1110 μέθοδος·
1190 1051 1252 1101 εἷς
1291 1048 1339 1099 δὲ
1378 1047 1464 1112 τὴν
1495 1050 1697 1099 ἐνοῦσαν

101 1130 256 1183 αὐτοῖς
291 1132 647 1192 ἀποβλέποντες
682 1129 864 1197 τέχνην,
899 1131 974 1180 καὶ
1012 1129 1106 1196 πρὸ
1145 1130 1308 1196 πείρας
1347 1131 1488 1194 αὐτῆς
1526 1130 1692 1182 ποιού-

101 1216 221 1275 μεθα
265 1216 322 1281 τῇ
366 1214 525 1264 πίστει
569 1211 745 1275 δεκτὸν,
789 1211 842 1263 τὸ
891 1213 1157 1263 ἀντιτείνειν
1201 1212 1265 1263 ε”τι
1318 1213 1691 1276 δυσωπούμενοι.
1714 1221 1742 1261 d

100 1299 201 1349 πῶς
239 1296 334 1358 οῦν,
375 1297 470 1361 ἐρεῖ
502 1318 585 1358 τις,
625 1296 708 1346 οὐκ
748 1292 805 1345 ἀν
845 1292 932 1345 εἶεν
969 1294 1154 1348 εἰκότως
1194 1297 1357 1348 δεινοῖς
1395 1294 1697 1359 ἐγκλήμασιν

35 1392 82 1430 15
102 1377 268 1444 ἔνοχοι,
320 1376 403 1428 τὸν
453 1375 676 1428 ἁπάντων
727 1375 1068 1443 ἀριστοτέχνην
1120 1375 1245 1427 Θεὸν
1296 1381 1396 1430 ταῖς
1444 1378 1697 1430 ἀπειθειάις

102 1458 336 1525 ἀτιμάζειν
373 1463 777 1522 κατατολμῶντες,
814 1461 856 1509 οἱ
895 1458 949 1509 τό
991 1458 1094 1515 Half
1134 1460 1206 1527 ἐφ’
1245 1457 1309 1509 ὧν
1349 1457 1407 1510 ἀν
1447 1458 1697 1526 ἐργάζηται

102 1540 258 1607 λέγειν
303 1542 357 1592 οὐ
406 1540 784 1607 παραιτούμενοι,
831 1540 980 1591 καίτοι
1026 1542 1203 1609 σοφίας
1249 1540 1441 1605 ἀπάσης
1488 1540 1698 1608 χορηγὸν

101 1621 356 1688 ἐγνωκότες
382 1623 538 1686 αὐτὸν,
567 1627 642 1674 καὶ
670 1622 740 1674 ὅτι
766 1622 923 1674 πάντα
951 1623 1143 1674 δύναται
1170 1622 1244 1674 διὰ
1279 1622 1441 1687 πάσης
1472 1621 1692 1674 παιδευό-

101 1728 230 1768 μενοι
264 1709 348 1769 τῆς
383 1706 506 1760 θείας
543 1708 764 1774 γραφῆς;
810 1709 847 1756 εἰ
883 1704 931 1756 δὲ
965 1705 1191 1768 ἐπιμένεις
1222 1706 1415 1756 Ἰουδαῖε
1455 1705 1611 1771 λέγων
1642 1704 1697 1757 τό

33 1809 83 1835 20
104 1787 224 1847 Πῶς,
265 1790 354 1854 ἐρῶ
395 1812 475 1840 σοι
516 1787 648 1854 κάγὼ
687 1787 772 1852 τὴν
810 1786 905 1851 σὴν
943 1788 1147 1850 ἀμαθίαν
1187 1787 1262 1838 διὰ
1309 1787 1367 1838 σὲ
1413 1787 1697 1852 μιμούμενος

104 1873 218 1924 Πῶς
252 1871 450 1939 ἐξῆλθες
484 1870 542 1939 ἐξ
565 1870 840 1937 Αἱγύπτου;
896 1874 997 1923 πῶς
1034 1869 1096 1932 δὲ,
1124 1868 1224 1921 εἶπέ
1254 1893 1347 1933 μοι,
1376 1872 1451 1920 καὶ
1487 1873 1550 1924 εἷς
1585 1869 1736 1939 ὅφινο

100 1951 368 2019 μετετράπη
393 1951 572 2020 ῥάβδος
598 1953 625 2017 ἡ
655 1951 957 2016 Μωυσαϊκής
998 1956 1100 2006 πῶς
1126 1952 1373 2019 ἐλεπρώθη
1400 1951 1485 2016 μὲν
1511 1952 1540 2016 ἡ
1572 1954 1693 2020 χεὶρ,

102 2034 469 2100 ἀποκατεστάθη
496 2035 543 2086 δὲ
571 2036 716 2097 αὖθις,
742 2037 804 2089 ὡς
835 2034 1130 2101 γέγραπταις
1174 2039 1275 2088 πῶς
1301 2038 1363 2088 εἰς
1389 2033 1475 2099 τὴν
1501 2035 1698 2099 αἵματος

103 2117 254 2185 φύσιν
279 2121 486 2182 μετῆλθε
521 2117 574 2168 τὸ
612 2119 768 2183 ὕδωρ;
810 2121 912 2170 πῶς
948 2120 1135 2180 διῆλθες
1163 2116 1239 2167 διὰ
1261 2117 1412 2181 μέσης
1439 2116 1698 2179 θαλάσσης

34 2218 82 2256 25
104 2206 130 2228 ‘⁶
158 2201 220 2252 ὡς
257 2199 332 2250 διὰ
368 2200 516 2268 ξηρᾶς
533 2200 576 2261 ;”
617 2204 718 2252 πῶς
753 2198 802 2250 δὲ
838 2198 914 2249 διὰ
941 2199 1092 2268 ξύλου
1119 2196 1172 2249 τὸ
1199 2196 1368 2265 πικρὸν
1393 2201 1476 2262 τῆς
1504 2200 1697 2266 Μεῤῥᾶς
1759 2211 1846 2243 Heb.
1864 2212 1908 2243 xi.

104 2283 229 2348 ὕδωρ
256 2286 317 2335 εἷς
344 2281 498 2347 γλυκὺ
523 2279 883 2347 μετεσκευάζετο
906 2303 918 2343 3
964 2285 1064 2334 πῶς
1091 2280 1147 2331 δέ
1166 2303 1246 2331 σοι
1273 2283 1349 2331 καὶ
1376 2282 1500 2346 ὕδωρ
1527 2282 1576 2331 ἐκ
1602 2286 1697 2332 τῶν
1762 2264 1810 2298 29·

103 2365 336 2429 πετραίων
387 2363 584 2427 ἀνεδόθη
647 2366 880 2426 μαστῶν;
940 2367 1041 2416 πῶς
1092 2364 1166 2414 ἐπὶ
1217 2362 1274 2413 σὲ
1326 2362 1590 2429 κατηνέχθη
1642 2361 1696 2413 τὸ

104 2443 287 2508 μάννα;
327 2449 429 2498 πῶς
454 2445 502 2496 δὲ
529 2444 648 2496 κατὰ
674 2445 834 2512 χώραν
861 2445 977 2510 ε”στη
1004 2445 1152 2496 πάλιν
1179 2446 1203 2495 ὁ
1230 2443 1499 2511 Ἰορδάνης;
1541 2443 1569 2509 ἢ
1595 2449 1697 2499 πῶς

105 2528 392 2591 κατεσείσθη
425 2527 501 2577 διὰ
535 2526 680 2591 μόνης
714 2530 920 2593 κραυγῆς
954 2530 1037 2590 τῆς
1074 2528 1296 2594 Ἱεριχοῦς
1335 2526 1388 2577 τὸ
1425 2525 1735 2592 ἀπόρθητονὲι
1766 2537 1853 2572 360
1868 2535 1917 2570 A·

36 2634 86 2670 30
105 2614 268 2677 τεῖχος,
297 2611 371 2660 καὶ
405 2610 488 2659 οὐκ
525 2609 759 2678 ἐπιλείψει
794 2609 1000 2676 λέγοντά
1033 2632 1091 2660 σε
1126 2609 1179 2660 τό
1208 2608 1341 2670 Πῶς;
1397 2607 1563 2660 πολλὰ
1602 2608 1695 2676 γὰρ

152 2792 185 2826 3.
213 2795 247 2814 τε
266 2792 336 2814 om.
358 2779 399 2813 B.
544 2789 577 2824 5.
603 2780 765 2824 ὑμετέραν
785 2780 826 2813 Β.
969 2791 1020 2824 13.
1048 2780 1169 2813 λεκτὸν
1190 2779 1231 2813 Β.
1369 2789 1424 2812 20.
1451 2778 1516 2823 ἐρῶ
1535 2777 1610 2824 σοι]
1631 2777 1696 2820 ε’ρῶ

106 2843 143 2863 σι
163 2827 244 2872 (Sic)
268 2827 314 2861 D.
403 2827 457 2860 διὰ
475 2826 516 2860 σὲ
534 2833 758 2871 assumptum
776 2839 817 2860 ex
838 2827 879 2861 B.
1154 2837 1208 2868 24.
1235 2825 1382 2869 μετῆλθε
1403 2825 1444 2860 B.
1462 2825 1609 2869 μετέστη
1628 2825 1696 2859 Ed.

107 2885 163 2920 27.
189 2877 328 2918 μαστῶν
346 2873 487 2916 ἀνεδόθη
506 2874 644 2906 inverso
663 2873 784 2907 ordine
805 2874 846 2908 B.
1010 2884 1064 2917 29.
1091 2873 1234 2915 ἐσεισθη
1256 2872 1296 2906 Β.
1361 2871 1571 2918 ἀπόρθητον]
1591 2872 1698 2916 ἀπόρ-

105 2936 228 2966 ρηκτον
250 2921 290 2956 Β.
434 2931 490 2965 30.
517 2919 683 2964 ε’πιλὴψει
704 2920 796 2955 ΒΧ).
862 2936 919 2956 σοι
940 2920 982 2955 Β.
1035 2920 1160 2954 Statim
1179 2920 1216 2954 τὸ
1235 2931 1305 2953 om.
1328 2919 1368 2953 Β.
