2084 3317
134 150 172 175 v.
194 150 258 193 23.
335 141 409 182 IN
451 144 492 185 S.
528 146 867 190 JOANNEM.
931 151 1055 193 LIB.
1091 154 1151 195 II.
1215 157 1347 199 CAP.
1375 160 1504 202 VIII.
1635 164 1716 203 335

130 244 239 309 ἧκεν
266 251 327 302 εἰς
353 250 538 319 ἀξίωμα
565 257 832 323 θεοπρεπὲς,
858 264 958 314 πῶς
985 263 1067 313 οὐκ
1095 262 1152 314 ἂν
1178 265 1244 329 ε’ίη
1271 267 1453 333 πρέπον
1480 270 1716 322 ἱσοστάθ-

127 349 232 390 μοις
256 330 411 382 ἐκείνω
437 340 797 404 στεφανοῦσθαι
824 347 993 405 τιμαῖς,
1021 343 1104 395 τὸν
1130 344 1258 415 ᾡπερ
1291 349 1423 400 οὐδὲν
1449 354 1512 405 εἷς
1544 352 1713 403 ταυτό-

127 432 245 475 τητα
283 415 366 476 τῆς
404 416 569 473 οὐσίας
605 421 751 483 ἐνδεῖ;
803 425 852 474 τί
886 425 967 476 οὖν
997 425 1089 493 ἄρα
1127 428 1276 480 πάλιν
1306 432 1382 482 καὶ
1421 432 1540 499 πρὸς
1578 433 1757 486 τοῦτόο

127 495 280 559 φασιν
307 502 334 523 “
356 499 397 546 οἱ
431 498 588 552 πάντα
622 502 681 553 τὰ
718 504 836 571 ὀρθὰ
874 509 1280 579 διαστρεφοντες,”
1309 514 1425 568 ὡς
1405 536 1430 564 ο
1466 515 1714 584 προφήτης
1778 514 1921 599 ἔμω·

84 589 106 627 5
128 577 305 641 φησὶν
314 579 533 642 Ησαίαςς
564 587 621 634 ΕΖ
643 584 719 635 διὰ
740 585 794 637 τὸ
820 587 1063 654 λέγεσθαι,
1081 594 1258 659 φησίν
1262 592 1348 646 ‘Im
1366 595 1531 652 πάντες
1552 597 1715 665 τιμῶσι

127 679 194 707 τον
219 658 312 710 Ὑὶον
346 660 490 718 nam:
522 689 684 733 τιμωσι
718 693 785 720 τον
813 670 1009 739 Πατεραι,
1041 675 1243 741 νομίζετε
1280 680 1451 744 χρῆναι
1489 678 1571 729 τὸν
1598 678 1716 731 Υὶὸν

127 740 390 806 ἱσομετροις
440 749 506 814 τῷ
552 750 709 815 Πατρὶ
753 754 1121 815 κατασεμνύνειν
1164 763 1334 821 τιμαῖς,
1379 761 1587 825 ἀγνοεῖτε
1631 765 1714 826 τῆς

124 821 347 885 ἀληθείας
371 827 557 892 μακράν
583 852 675 881 που
700 833 984 899 βαδίζοντες.
1040 838 1093 887 οὐ
1129 837 1223 905 γὰρ
1259 839 1447 894 πάντως
1473 841 1527 893 τό
1556 842 1713 900 Καθως

123 901 320 967 ἰσότητα
358 908 652 974 πραγμάτων
690 914 910 983 εἷσφερει,
951 916 1059 968 καθ’
1099 917 1164 969 ὡν
1203 919 1261 970 ἂν
1299 922 1514 990 φαίνοιτο
1558 924 1708 988 τεθεν,

54 1004 102 1029 10
122 982 347 1044 ὁμοίωσιν
397 990 454 1040 δε
497 1013 601 1043 τινα
648 997 972 1064 χαρακτηρίζει
1022 1001 1272 1065 πολλάκις,
1319 1002 1430 1067 οἷον,
1475 1008 1641 1075 φησιν,
1686 1009 1751 1058 ba
1786 1024 1867 1059 227
1884 1025 1938 1060 A.

121 1065 289 1133 Σωτήρ
314 1091 405 1121 που
431 1075 751 1136 συμβουλεύει
782 1078 937 1144 λέγων
961 1088 986 1110 “
1005 1083 1201 1134 Γίνεσθε
1228 1087 1528 1153 οἱκτιρμονες,
1557 1089 1711 1144 καθὼς
1774 1090 1906 1174 {132⁰

135 1150 249 1199 ίκαὶ
281 1151 305 1200 6
336 1151 504 1220 Πατὴρ
540 1157 669 1218 ὑμῶν
705 1160 730 1209 6
765 1160 977 1261 οὐράνιος
1013 1165 1264 1230 οἱκτιρμων
1299 1168 1460 1221 ἐστίῖν
1528 1168 1600 1237 ἆρ’
1629 1172 1712 1223 οὖν

117 1229 323 1295 ἐσόμεθα
358 1238 735 1304 φιλοικτιρμονες
772 1244 933 1307 οὕτως,
961 1248 1022 1299 ὡς
1058 1248 1083 1297 6
1112 1248 1296 1316 Πατὴρ,
1323 1249 1399 1301 δια
1432 1252 1486 1303 τό
1521 1252 1707 1315 Καθωςς

117 1334 191 1363 και
230 1314 378 1367 πάλιν
413 1319 438 1369 6
475 1320 687 1385 Χριστὸς
727 1324 853 1390 λε’γει
892 1327 1018 1425 πρὸς
1049 1329 1131 1380 τὸν
1169 1332 1335 1384 ἑαυτοῦ
1372 1334 1565 1402 Πατερα
1602 1340 1708 1403 περὶ

51 1410 96 1448 ῐ5
116 1400 210 1446 τῶν
241 1402 467 1463 μαθητῶν
495 1409 521 1431 “
547 1403 842 1470 Ἠγάπησας
881 1409 1060 1474 αὐτοὺς,
1094 1413 1248 1468 καθὼς
1286 1415 1364 1478 ἐμε
1401 1416 1675 1482 ἠγάπησας.
1682 1420 1705 1435 ”
1769 1415 1920 1500 ,Ῑίῗξῖζὸ

114 1479 225 1528 ἀλλ’
262 1482 348 1549 οὐχ
388 1484 509 1535 οὕτω
549 1485 765 1551 δώσομεν
799 1489 1080 1555 ήγαπῆσθαι
1117 1494 1225 1550 τοὺς
1263 1497 1492 1562 μαθητὰς,
1523 1502 1582 1554 ὡς
1623 1500 1707 1552 τὸν

115 1559 233 1611 Υιὸν
259 1561 420 1627 πάλιν,
448 1565 524 1617 διὰ
550 1566 605 1618 τό
634 1569 804 1626 Κοιθως.
851 1574 901 1623 τί
923 1575 1004 1625 οὖν
1028 1577 1344 1645 εὑρεσιλογεῖς
1370 1582 1447 1631 καὶ
1471 1582 1706 1652 ἀποβιάζῃ

113 1641 200 1706 τὴν
227 1644 358 1714 λεξιν
383 1651 444 1701 εἷς
471 1651 761 1718 δυσφημίαν,
785 1655 1004 1719 οὐδεμίαν
1030 1663 1126 1713 τοῖς
1151 1661 1464 1727 ἀκροωμένοις
1495 1664 1706 1731 ἀνάγκην
1723 1672 1750 1714 b

114 1727 447 1794 εἰσφερουσαν,
476 1735 538 1785 εἷς
572 1731 626 1783 τὸ
660 1737 829 1802 χρῆναι
866 1743 1006 1806 τιμᾶν
1032 1766 1098 1793 τον
1125 1742 1216 1794 Τίον
1244 1745 1292 1794 ἐν
1318 1744 1411 1795 ’ίσω
1445 1769 1599 1817 μετρω
1639 1753 1706 1818 τῷ

43 1830 92 1854 20
113 1808 353 1876 φύσαντι;

187 1891 254 1942 Τί
286 1894 367 1945 οὖν
405 1895 523 1962 πρὸς
561 1903 708 1949 ταῦτα
747 1923 822 1952 και
861 1904 971 1969 παρ’
1012 1905 1176 1969 ἡμῶν,
1227 1914 1410 1976 πικροῖς
1447 1935 1535 1976 μεν
1573 1913 1706 1978 ἡμῶν

109 1978 465 2028 καθυλακτοῦσι
501 1977 663 2045 λόγοις
697 1984 740 2032 οἱ
777 1986 1015 2053 θεομάχοι,
1042 1989 1152 2038 ἀλλ’
1182 1992 1234 2020 “’
1234 1988 1362 2060 Ἐξω
1388 1993 1495 2048 τοὺς
1521 1995 1702 2060 κύνας,”
1766 1998 1916 2073 {himin

108 2057 170 2109 ὡς
205 2057 230 2107 6
264 2058 459 2114 Παῦλός
495 2066 661 2130 φησιν,
689 2064 827 2134 “ἐ’ξω
866 2066 973 2122 τοὺς
1011 2069 1182 2125 κακοὺς
1220 2073 1435 2139 εργάτας,
1463 2076 1587 2145 ἐξω”
1621 2081 1704 2143 τῆς

108 2139 250 2203 ὀρθῆς
275 2163 481 2196 πιστεως
510 2150 538 2172 “
557 2143 642 2208 τὴν
668 2147 980 2213 κατατομήνΪ
1024 2152 1150 2215 ἡμεῖς
1176 2177 1264 2218 μεν
1290 2155 1383 2222 γάρ
1415 2159 1559 2222 ἐσμεν
1585 2162 1704 2225 ἀλη-

38 2234 85 2272 25
108 2221 234 2275 θειάς
260 2225 361 2287 υιοῖ,
389 2228 462 2275 καὶ
489 2224 626 2277 τέκνα
662 2229 834 2295 φωτός·
881 2232 1029 2284 διάτοι
1065 2241 1206 2288 τοῦτο
1239 2237 1322 2288 τὸν
1352 2243 1604 2307 Μονογενῆ
1637 2247 1704 2294 ref)

108 2305 217 2373 Θεῷ
253 2327 329 2356 και
359 2309 514 2372 Πατρὶ
549 2310 912 2379 συνδοξάζομεν,
941 2316 994 2366 06
1021 2317 1140 2368 κατά
1173 2341 1275 2370 τινα
1313 2322 1560 2389 διαφορὰν,
1589 2326 1700 2375 ἀλλ’

106 2385 154 2435 ἐν
180 2385 363 2451 ἰσότητι
389 2392 525 2452 τιμῆς
552 2413 599 2441 τε
635 2396 709 2443 καὶ
748 2394 902 2463 δόξης,
932 2399 994 2452 ὡς
1021 2399 1196 2450 Θεὸν’
1174 2424 1223 2452 εκ
1251 2405 1392 2466 Θεοῦ,
1419 2427 1494 2455 και
1522 2408 1674 2474 φῶς’
1651 2430 1701 2458 εκ
1719 2430 1741 2457 c

106 2467 278 2535 φωτὸς,
306 2474 381 2520 καὶ
408 2470 576 2537 ζωὴν’
553 2496 603 2523 εκ
629 2474 762 2541 ζωῆς.
818 2500 893 2529 και
918 2481 1306 2548 περιεργάζεσθαι
1339 2483 1425 2546 μὲν
1451 2485 1505 2537 τὸ
1541 2487 1701 2540 πίστει

103 2550 466 2614 παραδεκτὸν,
439 2576 501 2606 ως
536 2555 610 2605 ε’πι
645 2563 877 2610 πλεῖστον
903 2562 987 2613 οὐκ
1013 2565 1255 2631 ἀσφαλες
1296 2569 1623 2625 βασανιστεον
1651 2570 1697 2621 δ’

32 2651 82 2687 30
104 2631 185 2682 οὖν
211 2632 336 2692 ὅμως
364 2657 438 2685 και
463 2642 546 2687 τοῦ
579 2638 733 2695 Καθως
759 2640 845 2705 τὴν
872 2643 1129 2707 δύναμιν,’
1110 2669 1184 2696 ινα
1210 2646 1275 2711 μὴ
1302 2647 1424 2713 με’γα
1452 2654 1698 2717 φρονῶσιν

102 2714 175 2781 ἐφ’
212 2714 390 2769 ἑαυτοῖς
429 2740 471 2768 οι
511 2718 567 2770 δι’
607 2722 829 2777 ἐναντίας.
890 2726 1056 2777 οὐκοῦν
1095 2728 1169 2778 ἐπὶ
1208 2728 1294 2792 μὲν
1332 2734 1426 2781 τῶν
1464 2733 1700 2797 ἀνομοίων

152 2865 185 2897 5.
212 2854 333 2890 πάντες
352 2855 397 2890 D.
416 2858 524 2892 πάντα
543 2859 609 2895 Ed.
800 2864 832 2898 6.
860 2865 968 2901 καθὼς
989 2865 1030 2900 Β.
1048 2866 1131 2900 καθὰ
1153 2866 1218 2902 Ed.
1413 2880 1466 2906 10.
1493 2871 1616 2915 ὁμοίως
1633 2885 1696 2918 pro

105 2900 268 2943 ὁμοίωσιν
287 2901 328 2936 Β.
500 2916 552 2948 14.
578 2908 671 2952 λέγει
690 2916 769 2954 post
787 2912 924 2955 Πατέρα
942 2914 1140 2957 transponit
1160 2913 1200 2948 B.
1376 2927 1433 2953 22.
1458 2920 1577 2963 λόγοις
1594 2921 1696 2956 καθυ-

104 2949 313 2983 λιικτοῦσιν’
307 2962 443 2986 mverso
462 2953 582 2988 ordine
603 2954 643 2989 Β.
789 2969 843 3000 24.
869 2959 930 3002 μὲν
947 2967 1170 3004 assumptum
1189 2972 1230 2994 ex
1252 2961 1292 2996 B.
