2084 3317
307 161 392 200 346
710 156 760 196 B.
794 152 1071 195 CYRILLI
1113 148 1494 192 ALEXANDR.
1684 161 1723 186 v.
1744 145 1812 195 26,
1831 153 1897 197 27.

266 263 699 367 ᾶπρεπωδεῖστερόν
739 286 840 316 πως
879 263 1032 314 αὐτοῖς
1071 258 1408 328 ἐφαρμόσομεν
1451 261 1573 317 νοῦν,
1615 257 1896 305 διαστελοῦ-

310 373 394 415 μεν
421 348 469 401 δε
494 349 615 400 οὕτω
642 346 696 397 τὸ
723 344 1033 410 ἀνάγνωσμα.

383 430 522 499 Ἀμην
546 427 659 496 ἀμην
686 441 809 493 Myce)
848 449 944 493 υμιν
978 425 1039 475 ὀτι
1081 423 1254 493 ἔρχεται
1296 444 1384 489 copae.
1426 444 1503 471 και
1545 421 1605 471 νῧν
1632 420 1743 470 ἐστιν
1770 417 1837 468 ’ὅτε
1871 422 1904 467 οἱ

314 538 442 582 νεκροι
476 510 700 562 ἀκουσωσι
735 533 809 567 της
850 518 992 575 φωνης
1033 529 1103 555 του
1137 506 1235 554 ‘riou
1268 528 1337 554 του
1371 513 1499 553 Θεου·
1560 524 1649 569 capot.
1688 496 1907 563 δηλονότι

313 595 460 647 πάλιν
501 592 577 643 ὅτε
621 614 695 642 και
739 595 773 640 οἱ
815 587 1085 641 ἀκούσαντες
1127 587 1316 655 {no-ovem.
1373 582 1449 633 διὰ
1489 582 1572 645 μὲν
1611 583 1692 632 οὐν
1729 585 1823 631 τῶν
1859 581 1949 634 ἐν5

314 678 451 743 ἀρχῇ,
477 673 560 725 τὸν
598 675 680 737 τῆς
724 667 1037 721 ἀναστάσεως
1080 667 1211 730 ἡμῶν
1249 664 1468 729 σημαίνει
1508 663 1683 730 καιρὸν,
1713 661 1821 713 καθ’
1855 684 1908 712 ον

314 762 377 811 εὶς
404 755 670 820 ἀπολογίαν
696 755 779 817 τῆς
813 752 862 802 ἐν
889 748 1055 818 κόσμῳ
1080 747 1197 814 ζωῆς
1225 745 1589 811 ἀναστήσεσθαι
1617 743 1724 798 τοὺς
1755 765 1903 794 κεκοι-

315 840 547 904 μημένους
599 835 675 887 διὰ
724 837 806 898 τῆς
857 838 939 883 τοῦ
991 830 1255 897 δικάζοντος
1305 827 1566 880 ἐκδιδάσκει
1616 828 1791 896 φωνῆς,
1835 824 1912 874 ἵνα

278 920 527 987 θκαθάπερ
573 918 662 983 ἤδη
707 920 948 982 προεῖπον,
985 913 1149 978 ὥσπερ
1194 911 1298 962 τινὰ
1336 909 1534 979 χαλινὸν
1578 908 1661 959 τὸν
1705 909 1912 958 ἐντεῦθεν

317 1004 474 1056 αὐτοῖς
501 999 754 1064 ἐπινοήσας
781 997 951 1066 φόβον,
979 999 1136 1047 καλῶς
1162 993 1218 1058 δὴ
1245 992 1440 1062 σφόδρα
1477 994 1553 1042 καὶ
1587 987 1913 1053 ἐπιστημόνως
1937 1010 1985 1035 ιο

319 1083 554 1151 ἀναπείσῃ
593 1087 742 1145 βιοῦν·
792 1078 867 1130 διὰ
918 1077 966 1129 δὲ
1011 1081 1106 1128 τῶν
1146 1077 1195 1127 ἐν
1236 1074 1445 1142 ὑστέροις
1490 1073 1573 1124 τὸν
1616 1078 1699 1123 τοῦ
1745 1073 1914 1139 χρῆναι

319 1165 555 1219 πιστεύειν
597 1165 722 1233 αὐτῶ
763 1159 1031 1213 ἐπιδεικνύει
1071 1157 1285 1222 παρόντα
1327 1157 1501 1220 καιρὸν,
1544 1153 1674 1206 ἀλλὰ
1716 1155 1791 1204 καὶ
1831 1155 1914 1216 τῆς

320 1247 574 1300 εὐπειθειας
609 1215 784 1310 μισιθὸν
810 1243 895 1307 τὴν
922 1241 1107 1292 αιώνιον
1131 1240 1332 1291 ἔσεσθαί
1356 1243 1479 1307 φησι
1507 1234 1640 1303 ζωὴν,
1666 1235 1916 1300 μονονουχὶ

320 1329 533 1381 τοιοῦτόν
559 1350 602 1379 τι
642 1329 802 1390 δηλῶν
828 1322 1009 1392 Ἵ·Ιξετε
1048 1322 1219 1376 πάντες
1258 1325 1320 1374 εἰς
1360 1321 1529 1386 κρίσιν,
1556 1315 1593 1368 ὠ
1632 1317 1771 1379 οὗτοι,
1797 1337 1916 1366 κατα

321 1411 403 1463 τὸν
441 1413 524 1475 τῆς
563 1406 872 1460 ἀναστάσεως
913 1402 1134 1469 δηλονότι
1173 1426 1347 1470 καιρον,
1379 1402 1490 1452 ἀλλ’
1528 1423 1566 1451 ει
1603 1398 1771 1466 πικρὸν
1810 1399 1917 1461 ὑμῖν
1941 1419 1987 1458 15

321 1492 436 1545 εἶναι
476 1491 530 1543 τὸ
569 1489 857 1557 κολάζεσθαι
898 1490 1034 1549 δοκεῖ,
1065 1509 1138 1537 και
1177 1484 1464 1552 ἀπεράντους
1504 1479 1815 1549 λελυπημένω
1852 1482 1919 1548 τῷ

103 1593 252 1629 235A
284 1576 526 1642 ακρίνοντι
570 1573 654 1626 τὰς
700 1571 830 1625 δίκας
876 1569 1075 1637 ὑπέχειν,
1113 1567 1179 1631 μὴ
1218 1588 1528 1633 παρατρεχειν
1568 1566 1669 1615 ε’ἂτε
1713 1562 1797 1614 τὸν
1837 1564 1918 1625 τῆς

323 1657 576 1709 εὐπειθείας
602 1654 776 1721 καιρὸν,
797 1650 908 1703 ἀλλ’
929 1651 995 1702 ε’τι
1021 1648 1254 1716 παρόντος
1282 1646 1673 1715 ἐπιδραττόμενοι,
1692 1667 1810 1712 προς
1835 1641 1921 1707 τὴν

325 1739 511 1790 αἰώνιον
537 1737 806 1799 ἀναβαίνειν
833 1735 1075 1800 ἐπείγεσθε
1103 1731 1238 1799 ζωήν.

264 1887 494 1942 26“Ὠσπερ
536 1886 613 1941 Γὰρ
658 1885 679 1927 ὅ
722 1883 872 1939 Πατήρ
916 1882 1001 1937 ἔχει
1042 1880 1152 1938 ζωήν
1191 1881 1234 1920 ὲν
1271 1880 1421 1933 ἐαυτῷ,
1455 1881 1593 1919 οὕτως
1635 1876 1701 1917 καὶ
1745 1878 1807 1929 τῷ
1839 1871 1928 1928 Υἰῴ
1945 1889 1994 1914 20

266 1979 309 2016 27
398 1969 536 2010 ἔδωκε
591 1969 700 2025 ζωήν
755 1966 864 2022 ἔχειν
913 1965 958 2005 ὲν
1009 1965 1161 2017 ἑαυτῷ·
1225 1962 1292 2003 καὶ
1345 1961 1541 2004 ἐξουσίαν
1592 1959 1757 2002 ἔδωκεν
1807 1957 1924 2009 αὐτῷ

401 2051 534 2108 κρίσιν
573 2047 724 2101 Ποιεῖν,
764 2051 828 2091 ὅτι
865 2046 954 2089 υἱὸς
992 2045 1224 2103 ἀνθρώπου
1250 2044 1377 2086 ἐστίν.

399 2176 530 2242 ‘'Opa
559 2175 614 2239 δή
647 2197 724 2238 μοι
750 2171 898 2224 πάλιν
926 2173 1001 2222 καὶ
1035 2169 1120 2234 τὴν
1147 2172 1195 2220 ἐν
1221 2169 1401 2223 τούτοις
1436 2166 1717 2229 οἰκονομίαν,
1743 2164 1818 2215 ἵνα
1844 2168 1927 2214 τοῦ

291 2268 318 2308 b
336 2259 486 2324 λόγου
519 2255 768 2323 θαυμάσῃς
806 2252 861 2305 τὸ
899 2256 1081 2320 σχῆμα,
1108 2254 1183 2301 καὶ
1220 2250 1285 2315 μὴ
1323 2255 1419 2303 τοῖς
1457 2249 1515 2318 ἐξ
1550 2248 1752 2312 ἀμαθίας
1789 2267 1922 2312 περι-

335 2342 522 2392 πίπτων
561 2338 863 2398 σκανδάλοις,
904 2335 1042 2387 αὐτὸς
1083 2335 1156 2384 ἐπὶ
1196 2336 1382 2401 σεαυτῷ
1422 2330 1631 2398 καλέσῃς
1671 2328 1756 2389 τὴν
1789 2327 1924 2379 ἀπώ-
1949 2344 1996 2383 25

338 2430 484 2474 λειαν.
540 2420 788 2487 ἄνθρωπος
823 2417 1065 2484 ὑπάρχων,
1095 2415 1212 2466 ὅσον
1243 2419 1305 2468 εἷς
1339 2414 1424 2478 τὴν
1461 2412 1610 2482 φύσιν
1637 2416 1720 2462 τοῦ
1755 2409 1923 2473 σώμα-

339 2528 430 2567 τος,
457 2506 482 2555 ὁ
511 2501 802 2567 Μονογενὴς,
831 2503 906 2551 καὶ
941 2502 1002 2552 ὡς
1037 2497 1100 2551 εἷς
1134 2498 1190 2566 ἐξ
1222 2497 1354 2561 ἡμῶν
1381 2498 1456 2547 ἐπὶ
1481 2498 1563 2559 τῆς
1596 2497 1684 2560 γῆς
1715 2494 1779 2544 ε”τι
1812 2490 1931 2557 μετὰ

832 2605 892 2621 vra«.

387 2647 420 2676 4.
447 2633 622 2668 ἀκούσωσι
642 2631 684 2665 Β.
701 2629 889 2665 ἀκουσουσι
909 2628 954 2662 D.
972 2627 1159 2661 ἀκούσουσι
1181 2625 1245 2659 Ed.
1350 2623 1553 2669 ι3.ζὴσουσι
1573 2623 1614 2657 Β.
1621 2623 1666 2657 D.
1686 2619 1852 2679 ζὴσονται
1863 2620 1930 2656 Ed.

343 2681 375 2714 6.
402 2680 494 2724 ἡμῶν
511 2685 734 2723 assumptum
751 2689 792 2711 ex
813 2676 855 2710 B.
983 2675 1015 2709 8.
1042 2675 1233 2716 δικάζοντος
1252 2672 1293 2706 Β.
1313 2634 1535 2706 διδάσκοντος
1553 2670 1619 2704 Ed.
1752 2680 1804 2703 ΙΙ.
1831 2667 1931 2703 ὑστε-

342 2726 431 2780 ροις]
456 2732 492 2768 4-
514 2728 641 2769 καιροῖς
662 2725 702 2758 B.
853 2734 905 2756 12.
933 2720 1129 2756 ἐπιδεικνύει
1150 2720 1191 2753 B.
1210 2719 1358 2753 δείκνυσι
1379 2718 1444 2752 Ed.
1582 2728 1635 2762 13.
1661 2716 1771 2762 φησιν
1789 2715 1932 2750 ἔσεσθαι

342 2775 482 2808 inverso
499 2772 622 2807 ordine
643 2771 683 2806 Β.
840 2780 893 2812 14.
919 2769 991 2813 ἥξει
1008 2782 1045 2801 τε
1061 2768 1193 2802 πάντως
1213 2766 1253 2800 Β.
1411 2765 1462 2798 16.
1489 2761 1571 2798 εἰναι
1589 2769 1810 2807 assumptum
1828 2773 1870 2795 ex
1891 2761 1932 2795 B.

343 2821 530 2864 ἀπέραντον
547 2819 624 2853 τοὺς
644 2818 686 2853 Β.
836 2826 889 2861 17.
914 2817 971 2859 τῆς
989 2827 1059 2848 om.
1080 2814 1122 2847 B.
1280 2824 1331 2857 19.
1358 2812 1550 2852 ἀναβαινειν
1567 2809 1746 2855 επείγεσθε
1764 2807 1848 2852 ζωήν
1865 2807 1932 2842 hoc

344 2867 466 2901 ordlne
485 2867 526 2900 B.
532 2866 578 2900 D.
596 2864 680 2909 ζωήν
698 2870 776 2899 ante
794 2863 892 2904 ἀναβ.
911 2871 953 2896 tr.
972 2861 1039 2896 Ed.
1137 2871 1192 2894 21.
1218 2860 1319 2893 εδωκε
1339 2859 1434 2903 plius
1452 2858 1492 2892 B.
1512 2857 1634 2892 δεδωκε
1654 2856 1721 2890 Ed.
1741 2855 1860 2910 [ἔδωκε
1879 2855 1932 2888 καὶ

345 2917 391 2960 τῷ
410 2915 468 2959 υἱῷ
487 2912 550 2958 a.].
651 2923 706 2945 22.
734 2911 847 2954 κρίσιν
860 2910 900 2944 Β.
906 2910 951 2943 D.
972 2909 1025 2942 καὶ
1043 2907 1154 2951 κρίσιν
1168 2906 1200 2941 D
1217 2918 1287 2951 mg.
1305 2905 1370 2940 Ed.
1468 2915 1522 2947 25.
1550 2903 1698 2947 καλεσῃς
1717 2902 1758 2937 Β.
1777 2901 1932 2937 καλεσεις

348 2948 620 3004 Ed.u'tru1nque
639 2958 671 2992 h
665 2958 743 2992 1bet
762 2958 808 2991 D.
828 2957 871 2991 cf.
892 2967 998 3002 supra
1020 2963 1080 2999 197
1101 2966 1130 2988 a.
