2084 3317
153 150 206 192 vi.
227 153 294 206 67.
371 153 445 194 IN
489 154 529 195 S.
565 153 899 194 JOANNEM.
963 151 1087 191 LIB.
1122 151 1200 190 IV.
1264 151 1397 191 CAP.
1431 150 1516 189 III.
1658 148 1740 187 559

153 267 181 290 “
206 260 401 328 ψάμεθα
433 261 590 326 αὐτὴν,
619 261 774 328 ἀγαθὴ
809 260 1018 328 σφόδρα·
1070 264 1107 310 εἰ
1143 258 1351 324 αἱρετίζει
1384 258 1504 321 ἡμᾶς
1541 255 1734 321 Κύριος,

153 348 180 370 “
207 341 385 410 εἰσάξει
421 343 540 405 ἡμᾶς
576 347 638 397 εἰς
676 343 867 406 αὐτήν.”
909 341 1041 392 ἀλλά
1065 345 1159 392 τῶν
1183 340 1423 390 Ἰουδαίων
1449 342 1490 389 οὶ
1515 335 1741 405 πρόγονοι

153 427 440 474 καταλιθοῦν
469 423 553 487 μὲν
588 424 659 475 ὅτι
697 425 867 520 πρέποι
906 422 989 474 τὸν
1014 424 1205 486 Ἰησοῦν
1241 421 1527 472 διετείνοντο·
1569 424 1652 470 τοῦ
1693 417 1741 468 δὲ

151 502 345 554 πάντα’
333 506 582 572 ισχύοντος
609 510 734 557 Θεοῦ
758 529 812 556 το
845 505 990 570 μηδὲν
1017 504 1248 556 δύνασθαι
1280 500 1738 569 καταψηφιζόμενοι,

111 594 133 633 5
154 591 180 615 “
207 586 486 641 καθίσαντες
536 585 766 685 ἐ’κλαιρν,”
808 586 930 639 καθὰ
973 587 1248 653 γε’,γραπται
1291 607 1366 635 και
1416 582 1742 651 παροξύνουσι
1804 587 1907 618 Num
1920 598 1965 617 Χῖ·

151 666 235 732 μὲν
265 669 340 720 ἐπὶ
377 669 558 723 τούτοις
589 669 774 723 εἰκότως
805 692 887 720 τον
921 667 1144 720 ἁπάντων
1170 664 1442 725 Δεσπότην.
1495 663 1652 728 ἐπειδὴ
1693 662 1740 713 δὲ
1761 640 1834 713 d4

152 747 279 813 ἦσαν
304 751 506 804 ἀπειθεῖς
533 752 654 801 οὕτω
680 753 756 801 καὶ
783 752 1019 817 ὑβρισται,
1041 752 1123 813 τῆς
1149 747 1434 813 ἐπαγγελίας
1461 744 1743 798 ἀποπεπτώ-

1804 823 1860 854 Ps.

1804 868 1889 898 xciv.
1908 875 1919 896 1
1931 875 1957 898 1.

154 851 311 882 κασιν·
361 839 388 861 “
413 833 497 886 Ως
530 831 623 931 γὰρ
658 831 842 895 ὤμοσα,
871 835 1039 899 φησὶν,
1068 833 1116 882 ἐν
1150 834 1209 897 τῇ
1243 831 1363 897 ὀργῇ
1398 852 1488 893 μου
1520 832 1578 879 Εἰ
1613 831 1737 878 εἰσε-

154 919 181 942 “
207 913 460 964 λεύσονται
510 917 572 966 εἰς
622 912 708 977 τὴν
760 911 1058 964 κατάπαυσίν
1109 913 1229 974 μου.’
1323 908 1422 962 εἶτα
1470 910 1520 960 τί
1563 907 1617 960 τὸ
1669 910 1743 960 ἐπὶ

87 1016 134 1040 10
152 994 367 1048 τούτοις
356 1035 368 1056 ,
422 997 759 1060 παλινδρομεῖν
798 995 967 1056 αὐτοῖς,
1004 1017 1078 1044 και
1118 993 1274 1044 ὀπίσω
1313 990 1516 1057 βαδιζειν
1554 992 1744 1043 ἐσαῦθις

152 1075 381 1127 ἐπιτάττει
402 1074 536 1129 Θεός·
573 1075 702 1142 λέγει
727 1074 820 1141 γὰρ
845 1074 964 1141 πρὸς
993 1074 1210 1126 Μωυσέα
1233 1080 1260 1103 “
1278 1074 1454 1140 Αὔριον
1479 1071 1744 1138 ἀπάραντες
1805 1073 1940 1156 {guz-

153 1164 181 1187 ‘⁴
208 1157 533 1226 ἐπιστράφητε
572 1158 698 1220 ὑμεῖς
737 1157 848 1208 ὁδὸν
879 1156 1141 1209 θάλασσαν
1171 1153 1408 1221 ἐρυθράν.”
1460 1153 1616 1218 ἐπειδὴ
1650 1152 1744 1218 γὰρ

152 1242 384 1290 εἰσελθεῖν
427 1240 512 1290 οὐκ
558 1239 910 1303 ἐβουλήθησαν,
953 1242 1014 1292 εἰς
1060 1237 1118 1302 ἢν
1159 1236 1434 1302 ἐκλήθησαν
1477 1239 1581 1301 γῆν,
1625 1236 1744 1297 πέμ-

151 1344 319 1372 πονται
362 1320 480 1387 πρὸς
523 1320 852 1390 ἀποστροφὴν,
893 1322 966 1372 καὶ
1007 1319 1094 1384 τὴν
1131 1318 1277 1383 αὐτὴν
1315 1319 1446 1372 αὖθις
1488 1318 1783 1369 ἀνελίττεινο

87 1422 133 1459 15
154 1401 263 1453 ὁδὸν
307 1401 663 1469 ἀναγκάζονται·
723 1403 776 1453 οὐ
826 1401 920 1469 γὰρ
970 1400 1219 1466 ἠθέλησαν
1270 1402 1595 1464 ἀκολουθῆσαι
1646 1404 1743 1452 τοῖς

150 1486 315 1548 Ἰησοῦ
354 1485 531 1549 λόγοις,
568 1483 672 1535 οὐδὲ
711 1483 894 1550 ἀγαθὴν
933 1483 1180 1536 ἀκούοντες
1218 1481 1304 1546 τὴν
1338 1485 1449 1549 γῆν,
1483 1483 1653 1545 ἐτίμων
1684 1485 1742 1549 τῇ

153 1566 419 1618 συναινέσει
444 1565 527 1617 τὸν
552 1566 849 1630 σύμβουλον.
891 1564 1005 1631 ὅπερ
1032 1565 1113 1615 οὖν
1140 1566 1301 1615 ἐκεῖνοι
1327 1563 1432 1615 τότε
1458 1563 1741 1625 πεπόνθασι,

153 1655 292 1700 τοῦτο
318 1651 394 1699 καὶ
420 1648 546 1699 οῦτοι
573 1648 684 1699 νυνί.
726 1646 1054 1710 διδασκόμενοι
1081 1645 1173 1712 γὰρ
1198 1644 1285 1709 τὴν
1311 1644 1421 1696 ὁδὸν
1447 1648 1530 1709 τῆς
1557 1646 1743 1696 αἰωνίου

154 1729 284 1796 ζωῆς,
313 1732 389 1781 καὶ
427 1734 490 1784 εἰς
527 1728 613 1794 τὴν
642 1733 737 1780 τῶν
771 1730 982 1796 οὐρανῶν
1015 1728 1271 1789 βασιλείαν
1302 1727 1558 1794 εἰστρέχειν
1591 1750 1744 1793 παρα-

84 1834 133 1859 20
154 1812 447 1875 καλούμενοι,
489 1816 589 1865 ταῖς
638 1811 889 1864 ἀπειθείαις
941 1810 1199 1877 ὑβρίζουσι·
1257 1809 1333 1860 διὰ
1377 1814 1514 1859 τοῦτο
1558 1809 1744 1862 δικαίως

152 1892 350 1953 ἀπῆλθον
377 1899 435 1948 εἰς
470 1892 532 1945 τοὶ
567 1896 722 1956 ὀπίσω,
755 1894 830 1943 καὶ
869 1891 923 1943 τὸ
962 1890 1269 1958 συμβαδίζειν
1299 1891 1364 1942 ἔτι
1402 1895 1469 1960 τῷ
1510 1894 1742 1955 καθηγου-

150 1974 274 2045 μένῳ
299 1974 418 2041 πρὸς
444 1976 685 2041 σωτηρίαν
709 1979 809 2028 ταῖς
835 1975 1012 2025 ἑαυτῶν
1039 1974 1348 2040 δυστροπίαις
1374 1971 1684 2038 ζημιούμενοι.

1761 2089 1782 2113 a
1814 2081 1899 2115 382
1916 2079 1967 2115 A.

250 2146 377 2192 Εἶπεν
415 2148 489 2191 οὖν
526 2148 616 2192 τοῖς
654 2150 824 2192 δώδεκα
862 2151 885 2194 ὁ
916 2150 1086 2193 ἸΗσοῦε
1121 2149 1194 2191 M&
1236 2149 1304 2191 καὶ
1342 2145 1460 2198 ὑμεῖς
1498 2149 1646 2191 θέλετε
1762 2162 1810 2209 67

844 2234 1020 2281 ὒΠάΓειν
1038 2254 1048 2286 5

83 2368 132 2406 25
227 2342 303 2392 Οὐ
328 2341 576 2407 προτρέπει
600 2340 717 2407 πρὸς
743 2341 1019 2393 ἀπόστασιν
1045 2339 1153 2395 τοὺς
1188 2341 1350 2406 ἁγίους
1385 2339 1688 2393 ἀποστόλους
1716 2341 1740 2390 ὁ

153 2422 309 2489 κύριος
344 2423 476 2487 ἡμῶν
508 2423 698 2486 Ἰησοῦς
732 2424 757 2473 6
792 2422 1019 2489 Χριστὸς,
1051 2423 1155 2474 οὐδὲ
1193 2422 1441 2487 ἐλευθέραν
1473 2421 1628 2474 αὐτοῖς
1665 2422 1741 2471 καὶ

152 2503 506 2570 ἀκατηγόρητον
544 2508 626 2554 τοῦ
663 2502 945 2570 πράγματος
983 2503 1249 2556 ἐπιδεικνύει
1289 2501 1375 2566 τὴν
1412 2503 1588 2563 ἄδειαν,
1627 2503 1739 2551 ἀλλ’

152 2585 256 2637 οὐδὲ
291 2586 550 2652 προχείρως
584 2585 824 2636 ἀπονεύειν
857 2585 1062 2655 ἐφίησιν,
1090 2587 1152 2639 ὡς
1188 2584 1318 2636 οὐδὲν
1348 2583 1656 2647 πεισομένους
1693 2584 1743 2634 ἐκ

152 2667 319 2719 τούτου
360 2665 415 2718 τὸ
453 2665 658 2727 βλάβος·
720 2669 905 2718 ἀπειλεῖ
939 2666 988 2718 δὲ
1026 2671 1216 2732 μᾶλλον
1255 2666 1451 2735 εὐφυῶς,
1491 2666 1552 2718 ὡς
1599 2668 1635 2715 εἰ
1676 2663 1742 2728 μὴ

205 2818 236 2841 1.
263 2806 400 2850 ἐρετίζει
420 2806 462 2841 Β.
598 2817 630 2841 2.
657 2806 806 2850 εἰσάξειν
825 2806 867 2841 Β.
995 2806 1029 2840 8.
1057 2805 1097 2839 Εἰ
1114 2817 1184 2840 om.
1205 2805 1248 2839 B.
1269 2804 1384 2849 (Alex.
1402 2803 1514 2847 prima
1530 2814 1578 2837 m.
1601 2801 1666 2837 106
1683 2803 1742 2846 31.)

158 2865 211 2888 10.
237 2852 345 2899 τούτῳ
366 2853 406 2886 Β.
472 2852 592 2887 αὐτοὺς
611 2853 644 2886 D
663 2865 704 2887 ex
723 2865 812 2887 corr.
937 2852 990 2887 16.
1016 2852 1077 2895 τὴν
1094 2858 1317 2896 assumptum
1336 2862 1377 2884 ex
1398 2850 1440 2883 Β.
1565 2860 1617 2894 17.
1644 2850 1743 2884 συνέ-

154 2915 209 2935 σει
230 2900 271 2934 Β.
348 2901 425 2932 τότε
444 2905 666 2943 assumptum
685 2911 727 2933 ex
749 2900 789 2934 Β.
934 2910 990 2933 22.
1017 2899 1125 2932 αὐτῶν
1146 2898 1186 2932 Β.
1331 2907 1385 2941 25.
1413 2896 1481 2930 Ουκ
1498 2896 1681 2941 ἀποτρέπει
1702 2896 1742 2930 Β.

156 2948 210 2981 26.
237 2949 254 2979 ὁ
274 2952 495 2990 assumptum
514 2957 555 2979 ex
578 2945 616 2979 Β.
