<?xml version="1.0" encoding="UTF-8"?>
<!DOCTYPE html PUBLIC "-//W3C//DTD XHTML 1.0 Transitional//EN"
    "http://www.w3.org/TR/xhtml1/DTD/xhtml1-transitional.dtd">
<html xmlns="http://www.w3.org/1999/xhtml" xml:lang="en" lang="en">
 <head>
  <title>
</title>
<meta http-equiv="Content-Type" content="text/html;charset=utf-8" />
  <meta name='ocr-system' content='tesseract 3.04.00' />
  <meta name='ocr-capabilities' content='ocr_page ocr_carea ocr_par ocr_line ocrx_word'/>
</head>
<body>
  <div class='ocr_page' id='page_1' title='image "./operacyrilli03cyriuoft_0237.png"; bbox 0 0 2084 3317; ppageno 0'>
   <div class='ocr_carea' id='block_1_1' title="bbox 132 159 1721 220">
    <p class='ocr_par' dir='ltr' id='par_1_1' title="bbox 132 159 1721 220">
     <span class='ocr_line' id='line_1_1' title="bbox 132 159 1721 220; baseline -0.002 -19"><span class='ocrx_word' id='word_1_1' title='bbox 132 161 158 202; x_wconf 90' lang='lat' dir='ltr'>i.</span> <span class='ocrx_word' id='word_1_2' title='bbox 178 177 246 218; x_wconf 83' lang='lat'>32,</span> <span class='ocrx_word' id='word_1_3' title='bbox 265 178 332 220; x_wconf 82' lang='lat'>33.</span> <span class='ocrx_word' id='word_1_4' title='bbox 389 165 464 206; x_wconf 92' lang='lat' dir='ltr'>IN</span> <span class='ocrx_word' id='word_1_5' title='bbox 506 165 547 205; x_wconf 90' lang='lat' dir='ltr'>S.</span> <span class='ocrx_word' id='word_1_6' title='bbox 583 163 919 205; x_wconf 84' lang='lat' dir='ltr'><strong>JOANNEM.</strong></span> <span class='ocrx_word' id='word_1_7' title='bbox 982 161 1106 202; x_wconf 90' lang='lat' dir='ltr'>LIB.</span> <span class='ocrx_word' id='word_1_8' title='bbox 1141 161 1202 202; x_wconf 93' lang='grc' dir='ltr'>Π.</span> <span class='ocrx_word' id='word_1_9' title='bbox 1265 161 1400 202; x_wconf 89' lang='lat' dir='ltr'>CAP.</span> <span class='ocrx_word' id='word_1_10' title='bbox 1434 161 1470 201; x_wconf 91' lang='grc' dir='ltr'>Ι.</span> <span class='ocrx_word' id='word_1_11' title='bbox 1639 159 1721 199; x_wconf 87' lang='lat'>189</span> 
     </span>
    </p>
   </div>
   <div class='ocr_carea' id='block_1_2' title="bbox 1382 271 1402 280">
    <p class='ocr_par' dir='ltr' id='par_1_2' title="bbox 1382 271 1402 280">
     <span class='ocr_line' id='line_1_2' title="bbox 1382 271 1402 280; baseline 0 0"><span class='ocrx_word' id='word_1_12' title='bbox 1382 271 1402 280; x_wconf 67' lang='grc' dir='ltr'>Α</span> 
     </span>
    </p>
   </div>
   <div class='ocr_carea' id='block_1_3' title="bbox 132 264 1950 350">
    <p class='ocr_par' dir='ltr' id='par_1_3' title="bbox 132 264 1950 350">
     <span class='ocr_line' id='line_1_3' title="bbox 132 264 1950 350; baseline -0.004 -28"><span class='ocrx_word' id='word_1_13' title='bbox 132 273 207 322; x_wconf 82' lang='grc' dir='ltr'>καὶ</span> <span class='ocrx_word' id='word_1_14' title='bbox 246 279 274 301; x_wconf 88' lang='lat'><strong>“</strong></span> <span class='ocrx_word' id='word_1_15' title='bbox 292 277 476 336; x_wconf 88' lang='grc' dir='ltr'>πνεῦμα</span> <span class='ocrx_word' id='word_1_16' title='bbox 523 271 790 326; x_wconf 81' lang='grc' dir='ltr'>υἱοθεσιάς”</span> <span class='ocrx_word' id='word_1_17' title='bbox 832 271 1035 336; x_wconf 74' lang='grc' dir='ltr'>λέγεται,</span> <span class='ocrx_word' id='word_1_18' title='bbox 1076 271 1152 319; x_wconf 81' lang='grc' dir='ltr'>καὶ</span> <span class='ocrx_word' id='word_1_19' title='bbox 1191 270 1239 319; x_wconf 88' lang='grc' dir='ltr'>ἐν</span> <span class='ocrx_word' id='word_1_20' title='bbox 1279 269 1404 335; x_wconf 77' lang='grc' dir='ltr'>αὐτῳ</span> <span class='ocrx_word' id='word_1_21' title='bbox 1445 274 1472 297; x_wconf 85' lang='grc'><strong>“</strong></span> <span class='ocrx_word' id='word_1_22' title='bbox 1492 264 1720 332; x_wconf 76' lang='grc' dir='ltr'>κράζομεν</span> <span class='ocrx_word' id='word_1_23' title='bbox 1785 266 1950 350; x_wconf 51' lang='lat' dir='ltr'>{zgmxiih</span> 
     </span>
    </p>
   </div>
   <div class='ocr_carea' id='block_1_4' title="bbox 133 346 1946 458">
    <p class='ocr_par' dir='ltr' id='par_1_4' title="bbox 133 346 1946 458">
     <span class='ocr_line' id='line_1_4' title="bbox 133 346 1721 420; baseline -0.003 -16"><span class='ocrx_word' id='word_1_24' title='bbox 133 360 160 382; x_wconf 87' lang='lat'><strong>“</strong></span> <span class='ocrx_word' id='word_1_25' title='bbox 182 353 348 413; x_wconf 81' lang='grc' dir='ltr'>Ἀββᾶ</span> <span class='ocrx_word' id='word_1_26' title='bbox 383 355 408 405; x_wconf 84' lang='grc' dir='ltr'>ὁ</span> <span class='ocrx_word' id='word_1_27' title='bbox 442 354 639 420; x_wconf 83' lang='grc' dir='ltr'>πατήρ,”</span> <span class='ocrx_word' id='word_1_28' title='bbox 669 355 744 404; x_wconf 81' lang='grc' dir='ltr'>καὶ</span> <span class='ocrx_word' id='word_1_29' title='bbox 777 354 838 406; x_wconf 79' lang='grc' dir='ltr'>ὡς</span> <span class='ocrx_word' id='word_1_30' title='bbox 871 354 896 403; x_wconf 85' lang='grc' dir='ltr'>ὁ</span> <span class='ocrx_word' id='word_1_31' title='bbox 932 349 1159 417; x_wconf 87' lang='grc' dir='ltr'>μακάριός</span> <span class='ocrx_word' id='word_1_32' title='bbox 1190 372 1283 402; x_wconf 89' lang='grc' dir='ltr'>που</span> <span class='ocrx_word' id='word_1_33' title='bbox 1321 350 1473 417; x_wconf 76' lang='grc' dir='ltr'>φησὶν</span> <span class='ocrx_word' id='word_1_34' title='bbox 1499 346 1721 410; x_wconf 77' lang='grc' dir='ltr'>Ἰωάννης</span> 
     </span>
     <span class='ocr_line' id='line_1_5' title="bbox 1789 427 1946 458; baseline 0.006 -2"><span class='ocrx_word' id='word_1_35' title='bbox 1789 427 1946 458; x_wconf 68' lang='lat' dir='ltr'>stoan.</span> 
     </span>
    </p>
   </div>
   <div class='ocr_carea' id='block_1_5' title="bbox 132 429 1899 508">
    <p class='ocr_par' dir='ltr' id='par_1_5' title="bbox 132 429 1899 508">
     <span class='ocr_line' id='line_1_6' title="bbox 132 429 1899 508; baseline -0.005 -21"><span class='ocrx_word' id='word_1_36' title='bbox 132 443 159 464; x_wconf 73' lang='lat'>‘⁴</span> <span class='ocrx_word' id='word_1_37' title='bbox 184 436 272 486; x_wconf 88' lang='grc' dir='ltr'>Ἐκ</span> <span class='ocrx_word' id='word_1_38' title='bbox 316 434 482 486; x_wconf 83' lang='grc' dir='ltr'>τούτου</span> <span class='ocrx_word' id='word_1_39' title='bbox 526 434 844 500; x_wconf 80' lang='grc' dir='ltr'>γινώσκομεν,</span> <span class='ocrx_word' id='word_1_40' title='bbox 889 433 960 484; x_wconf 76' lang='grc' dir='ltr'>ὅτι</span> <span class='ocrx_word' id='word_1_41' title='bbox 1002 435 1050 483; x_wconf 83' lang='grc' dir='ltr'>ἐν</span> <span class='ocrx_word' id='word_1_42' title='bbox 1091 433 1201 497; x_wconf 81' lang='grc' dir='ltr'>ἡμῖν</span> <span class='ocrx_word' id='word_1_43' title='bbox 1244 433 1392 490; x_wconf 87' lang='grc' dir='ltr'>ἐστιν,</span> <span class='ocrx_word' id='word_1_44' title='bbox 1432 429 1503 481; x_wconf 82' lang='grc' dir='ltr'>ὅτι</span> <span class='ocrx_word' id='word_1_45' title='bbox 1547 430 1596 480; x_wconf 84' lang='grc' dir='ltr'>ἐκ</span> <span class='ocrx_word' id='word_1_46' title='bbox 1638 434 1722 479; x_wconf 87' lang='grc' dir='ltr'>τοῦ</span> <span class='ocrx_word' id='word_1_47' title='bbox 1786 469 1899 508; x_wconf 78' lang='lat' dir='ltr'><strong>iv.13.</strong></span> 
     </span>
    </p>
   </div>
   <div class='ocr_carea' id='block_1_6' title="bbox 68 513 1766 1318">
    <p class='ocr_par' dir='ltr' id='par_1_6' title="bbox 68 513 1766 1318">
     <span class='ocr_line' id='line_1_7' title="bbox 134 513 1012 579; baseline -0.002 -12"><span class='ocrx_word' id='word_1_48' title='bbox 134 523 160 546; x_wconf 89' lang='grc'><strong>“</strong></span> <span class='ocrx_word' id='word_1_49' title='bbox 188 516 466 579; x_wconf 82' lang='grc' dir='ltr'>Πνεύματος</span> <span class='ocrx_word' id='word_1_50' title='bbox 492 518 634 567; x_wconf 83' lang='grc' dir='ltr'>αὐτοῦ</span> <span class='ocrx_word' id='word_1_51' title='bbox 661 516 830 566; x_wconf 77' lang='grc' dir='ltr'>ἔδωκεν</span> <span class='ocrx_word' id='word_1_52' title='bbox 857 513 1012 579; x_wconf 85' lang='grc' dir='ltr'>ἡμῖν.”</span> 
     </span>
     <span class='ocr_line' id='line_1_8' title="bbox 91 592 1766 665; baseline -0.004 -17"><span class='ocrx_word' id='word_1_53' title='bbox 91 617 114 655; x_wconf 88' lang='lat'>5</span> <span class='ocrx_word' id='word_1_54' title='bbox 209 596 357 660; x_wconf 79' lang='grc' dir='ltr'>Οἶμαι</span> <span class='ocrx_word' id='word_1_55' title='bbox 396 597 481 661; x_wconf 81' lang='grc' dir='ltr'>μὲν</span> <span class='ocrx_word' id='word_1_56' title='bbox 519 599 600 648; x_wconf 76' lang='grc' dir='ltr'>οὖν</span> <span class='ocrx_word' id='word_1_57' title='bbox 635 596 907 665; x_wconf 71' lang='grc' dir='ltr'>ἐξαρκέσειν</span> <span class='ocrx_word' id='word_1_58' title='bbox 943 597 1017 646; x_wconf 76' lang='grc' dir='ltr'>καὶ</span> <span class='ocrx_word' id='word_1_59' title='bbox 1055 600 1203 645; x_wconf 89' lang='grc' dir='ltr'>ταῦτα</span> <span class='ocrx_word' id='word_1_60' title='bbox 1242 592 1362 660; x_wconf 80' lang='grc' dir='ltr'>πρὸς</span> <span class='ocrx_word' id='word_1_61' title='bbox 1399 592 1453 644; x_wconf 83' lang='grc' dir='ltr'>τὸ</span> <span class='ocrx_word' id='word_1_62' title='bbox 1493 593 1766 643; x_wconf 76' lang='grc' dir='ltr'>δύνασθαιθ</span> 
     </span>
     <span class='ocr_line' id='line_1_9' title="bbox 132 673 1720 745; baseline -0.004 -15"><span class='ocrx_word' id='word_1_63' title='bbox 132 678 193 730; x_wconf 79' lang='grc' dir='ltr'>τὰ</span> <span class='ocrx_word' id='word_1_64' title='bbox 228 682 310 743; x_wconf 84' lang='grc' dir='ltr'>τῆς</span> <span class='ocrx_word' id='word_1_65' title='bbox 335 678 627 744; x_wconf 85' lang='grc' dir='ltr'>Ἐκκλησίας</span> <span class='ocrx_word' id='word_1_66' title='bbox 664 677 802 730; x_wconf 80' lang='grc' dir='ltr'>τέκνα</span> <span class='ocrx_word' id='word_1_67' title='bbox 834 676 895 728; x_wconf 80' lang='grc' dir='ltr'>τὰ</span> <span class='ocrx_word' id='word_1_68' title='bbox 930 681 1024 728; x_wconf 79' lang='grc' dir='ltr'>τῶν</span> <span class='ocrx_word' id='word_1_69' title='bbox 1056 676 1452 745; x_wconf 75' lang='grc' dir='ltr'>ἑτεροδοξούντων</span> <span class='ocrx_word' id='word_1_70' title='bbox 1485 673 1720 741; x_wconf 83' lang='grc' dir='ltr'>ἀποκρού-</span> 
     </span>
     <span class='ocr_line' id='line_1_10' title="bbox 133 755 1727 829; baseline -0.004 -17"><span class='ocrx_word' id='word_1_71' title='bbox 133 764 317 812; x_wconf 90' lang='grc' dir='ltr'>σασθαι</span> <span class='ocrx_word' id='word_1_72' title='bbox 344 760 527 825; x_wconf 91' lang='grc' dir='ltr'>βλάβη·</span> <span class='ocrx_word' id='word_1_73' title='bbox 578 765 615 811; x_wconf 79' lang='grc' dir='ltr'>εἰ</span> <span class='ocrx_word' id='word_1_74' title='bbox 653 759 706 811; x_wconf 80' lang='grc' dir='ltr'>δέ</span> <span class='ocrx_word' id='word_1_75' title='bbox 736 783 806 814; x_wconf 88' lang='grc' dir='ltr'>τις</span> <span class='ocrx_word' id='word_1_76' title='bbox 841 758 1028 829; x_wconf 76' lang='grc' dir='ltr'>ἀκράτῳ</span> <span class='ocrx_word' id='word_1_77' title='bbox 1056 761 1138 823; x_wconf 85' lang='grc' dir='ltr'>τῆς</span> <span class='ocrx_word' id='word_1_78' title='bbox 1166 758 1368 821; x_wconf 81' lang='grc' dir='ltr'>ἀμαθίας</span> <span class='ocrx_word' id='word_1_79' title='bbox 1403 755 1727 818; x_wconf 86' lang='grc' dir='ltr'>βεβάπτισται</span> 
     </span>
     <span class='ocr_line' id='line_1_11' title="bbox 132 837 1726 910; baseline -0.003 -18"><span class='ocrx_word' id='word_1_80' title='bbox 132 841 265 910; x_wconf 79' lang='grc' dir='ltr'>με’θῃ,</span> <span class='ocrx_word' id='word_1_81' title='bbox 290 842 394 894; x_wconf 86' lang='grc' dir='ltr'>τότε</span> <span class='ocrx_word' id='word_1_82' title='bbox 420 843 469 895; x_wconf 80' lang='grc' dir='ltr'>δὲ</span> <span class='ocrx_word' id='word_1_83' title='bbox 494 847 684 908; x_wconf 80' lang='grc' dir='ltr'>πρῶτον</span> <span class='ocrx_word' id='word_1_84' title='bbox 711 840 764 892; x_wconf 80' lang='grc' dir='ltr'>τὸ</span> <span class='ocrx_word' id='word_1_85' title='bbox 793 845 990 905; x_wconf 86' lang='grc' dir='ltr'>Πνεῦμα</span> <span class='ocrx_word' id='word_1_86' title='bbox 1017 845 1184 901; x_wconf 80' lang='grc' dir='ltr'>λαβεῖν</span> <span class='ocrx_word' id='word_1_87' title='bbox 1210 840 1352 890; x_wconf 78' lang='grc' dir='ltr'>οἴεται</span> <span class='ocrx_word' id='word_1_88' title='bbox 1383 839 1465 890; x_wconf 83' lang='grc' dir='ltr'>τὸν</span> <span class='ocrx_word' id='word_1_89' title='bbox 1491 837 1624 900; x_wconf 81' lang='grc' dir='ltr'>Υὶὸν,</span> <span class='ocrx_word' id='word_1_90' title='bbox 1651 837 1726 888; x_wconf 80' lang='grc' dir='ltr'>ὅτε</span> 
     </span>
     <span class='ocr_line' id='line_1_12' title="bbox 133 919 1727 991; baseline -0.001 -16"><span class='ocrx_word' id='word_1_91' title='bbox 133 923 326 990; x_wconf 82' lang='grc' dir='ltr'>γέγονεν</span> <span class='ocrx_word' id='word_1_92' title='bbox 369 925 632 991; x_wconf 78' lang='grc' dir='ltr'>ἅνθρωπος·</span> <span class='ocrx_word' id='word_1_93' title='bbox 695 923 1011 975; x_wconf 81' lang='grc' dir='ltr'>ἀποδεικνύτω</span> <span class='ocrx_word' id='word_1_94' title='bbox 1052 920 1146 988; x_wconf 82' lang='grc' dir='ltr'>πρὸ</span> <span class='ocrx_word' id='word_1_95' title='bbox 1191 924 1274 985; x_wconf 85' lang='grc' dir='ltr'>τῆς</span> <span class='ocrx_word' id='word_1_96' title='bbox 1326 919 1727 986; x_wconf 77' lang='grc' dir='ltr'>ε’νανθρωπήσεως</span> 
     </span>
     <span class='ocr_line' id='line_1_13' title="bbox 68 1000 1692 1072; baseline -0.002 -15"><span class='ocrx_word' id='word_1_97' title='bbox 68 1031 115 1056; x_wconf 91' lang='lat'>10</span> <span class='ocrx_word' id='word_1_98' title='bbox 134 1003 269 1072; x_wconf 79' lang='grc' dir='ltr'>ἅγιον</span> <span class='ocrx_word' id='word_1_99' title='bbox 294 1007 377 1057; x_wconf 83' lang='grc' dir='ltr'>οὐκ</span> <span class='ocrx_word' id='word_1_100' title='bbox 405 1005 519 1057; x_wconf 79' lang='grc' dir='ltr'>ὅντα</span> <span class='ocrx_word' id='word_1_101' title='bbox 544 1004 627 1057; x_wconf 80' lang='grc' dir='ltr'>τὸν</span> <span class='ocrx_word' id='word_1_102' title='bbox 650 1011 734 1056; x_wconf 89' lang='grc' dir='ltr'>τοῦ</span> <span class='ocrx_word' id='word_1_103' title='bbox 762 1008 888 1056; x_wconf 88' lang='grc' dir='ltr'>Θεοῦ</span> <span class='ocrx_word' id='word_1_104' title='bbox 910 1004 1086 1070; x_wconf 84' lang='grc' dir='ltr'>Λόγον,</span> <span class='ocrx_word' id='word_1_105' title='bbox 1106 1006 1182 1054; x_wconf 78' lang='grc' dir='ltr'>καὶ</span> <span class='ocrx_word' id='word_1_106' title='bbox 1208 1003 1338 1066; x_wconf 83' lang='grc' dir='ltr'>ἡμεῖς</span> <span class='ocrx_word' id='word_1_107' title='bbox 1364 1000 1692 1065; x_wconf 87' lang='grc' dir='ltr'>σιωπήσομεν.</span> 
     </span>
     <span class='ocr_line' id='line_1_14' title="bbox 201 1082 1728 1152; baseline -0.005 -13"><span class='ocrx_word' id='word_1_108' title='bbox 201 1086 573 1152; x_wconf 86' lang='grc' dir='ltr'>Ἀποθαυμάσαι</span> <span class='ocrx_word' id='word_1_109' title='bbox 599 1088 642 1137; x_wconf 86' lang='grc' dir='ltr'>δ’</span> <span class='ocrx_word' id='word_1_110' title='bbox 673 1086 731 1138; x_wconf 77' lang='grc' dir='ltr'>ἄν</span> <span class='ocrx_word' id='word_1_111' title='bbox 752 1109 821 1141; x_wconf 87' lang='grc' dir='ltr'>τις</span> <span class='ocrx_word' id='word_1_112' title='bbox 849 1088 925 1137; x_wconf 76' lang='grc' dir='ltr'>καὶ</span> <span class='ocrx_word' id='word_1_113' title='bbox 952 1086 1062 1137; x_wconf 85' lang='grc' dir='ltr'>λίαν</span> <span class='ocrx_word' id='word_1_114' title='bbox 1088 1084 1274 1139; x_wconf 75' lang='grc' dir='ltr'>εἰκότως</span> <span class='ocrx_word' id='word_1_115' title='bbox 1301 1082 1383 1135; x_wconf 81' lang='grc' dir='ltr'>τὸν</span> <span class='ocrx_word' id='word_1_116' title='bbox 1410 1082 1546 1149; x_wconf 84' lang='grc' dir='ltr'>ἅγιον</span> <span class='ocrx_word' id='word_1_117' title='bbox 1566 1083 1728 1147; x_wconf 85' lang='grc' dir='ltr'>Εὐαγ-</span> 
     </span>
     <span class='ocr_line' id='line_1_15' title="bbox 133 1165 1730 1238; baseline -0.002 -17"><span class='ocrx_word' id='word_1_118' title='bbox 133 1168 364 1236; x_wconf 87' lang='grc' dir='ltr'>γελιστὴν</span> <span class='ocrx_word' id='word_1_119' title='bbox 389 1169 448 1221; x_wconf 81' lang='grc' dir='ltr'>τὰ</span> <span class='ocrx_word' id='word_1_120' title='bbox 479 1174 537 1237; x_wconf 85' lang='grc' dir='ltr'>τῇ</span> <span class='ocrx_word' id='word_1_121' title='bbox 564 1169 664 1238; x_wconf 76' lang='grc' dir='ltr'>θείᾳ</span> <span class='ocrx_word' id='word_1_122' title='bbox 697 1168 941 1235; x_wconf 72' lang='grc' dir='ltr'>πρέποντα</span> <span class='ocrx_word' id='word_1_123' title='bbox 968 1167 1113 1237; x_wconf 85' lang='grc' dir='ltr'>φύσει</span> <span class='ocrx_word' id='word_1_124' title='bbox 1139 1165 1258 1230; x_wconf 78' lang='grc' dir='ltr'>μετὰ</span> <span class='ocrx_word' id='word_1_125' title='bbox 1283 1168 1472 1229; x_wconf 86' lang='grc' dir='ltr'>πολλῆς</span> <span class='ocrx_word' id='word_1_126' title='bbox 1496 1187 1621 1218; x_wconf 90' lang='grc' dir='ltr'>τινος</span> <span class='ocrx_word' id='word_1_127' title='bbox 1646 1167 1730 1229; x_wconf 78' lang='grc' dir='ltr'>τῆς</span> 
     </span>
     <span class='ocr_line' id='line_1_16' title="bbox 133 1246 1727 1318; baseline -0.004 -15"><span class='ocrx_word' id='word_1_128' title='bbox 133 1252 450 1318; x_wconf 82' lang='grc' dir='ltr'>ἐπιτηρήσεως</span> <span class='ocrx_word' id='word_1_129' title='bbox 500 1253 720 1318; x_wconf 86' lang='grc' dir='ltr'>πανταχῆ</span> <span class='ocrx_word' id='word_1_130' title='bbox 772 1249 1080 1316; x_wconf 76' lang='grc' dir='ltr'>διασώζοντα.</span> <span class='ocrx_word' id='word_1_131' title='bbox 1150 1247 1307 1312; x_wconf 84' lang='grc' dir='ltr'>ἐπειδὴ</span> <span class='ocrx_word' id='word_1_132' title='bbox 1358 1246 1452 1313; x_wconf 79' lang='grc' dir='ltr'>γὰρ</span> <span class='ocrx_word' id='word_1_133' title='bbox 1497 1247 1588 1316; x_wconf 76' lang='grc' dir='ltr'>ἔφη</span> <span class='ocrx_word' id='word_1_134' title='bbox 1633 1246 1727 1312; x_wconf 81' lang='grc' dir='ltr'>πρὸ</span> 
     </span>
    </p>
   </div>
   <div class='ocr_carea' id='block_1_7' title="bbox 1711 1330 1724 1346">
    <p class='ocr_par' dir='ltr' id='par_1_7' title="bbox 1711 1330 1724 1346">
     <span class='ocr_line' id='line_1_17' title="bbox 1711 1330 1724 1346; baseline 0 0"><span class='ocrx_word' id='word_1_135' title='bbox 1711 1330 1724 1346; x_wconf 58' lang='grc' dir='ltr'><strong>Χ</strong></span> 
     </span>
    </p>
   </div>
   <div class='ocr_carea' id='block_1_8' title="bbox 70 1329 1952 1813">
    <p class='ocr_par' dir='ltr' id='par_1_8' title="bbox 70 1329 1952 1485">
     <span class='ocr_line' id='line_1_18' title="bbox 134 1329 1921 1404; baseline -0.003 -20"><span class='ocrx_word' id='word_1_136' title='bbox 134 1333 313 1384; x_wconf 83' lang='grc' dir='ltr'>τούτων</span> <span class='ocrx_word' id='word_1_137' title='bbox 338 1333 408 1384; x_wconf 76' lang='grc' dir='ltr'>ὅτι</span> <span class='ocrx_word' id='word_1_138' title='bbox 437 1341 463 1364; x_wconf 81' lang='grc'><strong>“</strong></span> <span class='ocrx_word' id='word_1_139' title='bbox 484 1334 608 1385; x_wconf 81' lang='grc' dir='ltr'>Θεὸν</span> <span class='ocrx_word' id='word_1_140' title='bbox 635 1334 780 1387; x_wconf 77' lang='grc' dir='ltr'>οὐδεὶς</span> <span class='ocrx_word' id='word_1_141' title='bbox 807 1332 981 1398; x_wconf 80' lang='grc' dir='ltr'>ἑώρακε</span> <span class='ocrx_word' id='word_1_142' title='bbox 1007 1330 1239 1394; x_wconf 78' lang='grc' dir='ltr'>πώποτε,”</span> <span class='ocrx_word' id='word_1_143' title='bbox 1267 1334 1521 1381; x_wconf 84' lang='grc' dir='ltr'>τεθεᾶσθαι</span> <span class='ocrx_word' id='word_1_144' title='bbox 1548 1329 1595 1380; x_wconf 75' lang='grc' dir='ltr'>δὲ</span> <span class='ocrx_word' id='word_1_145' title='bbox 1628 1352 1727 1380; x_wconf 88' lang='grc' dir='ltr'>νυνι</span> <span class='ocrx_word' id='word_1_146' title='bbox 1789 1331 1921 1404; x_wconf 34' lang='grc' dir='ltr'>ἓξᾙᾟὸ.</span> 
     </span>
     <span class='ocr_line' id='line_1_19' title="bbox 70 1411 1952 1485; baseline -0.002 -19"><span class='ocrx_word' id='word_1_147' title='bbox 70 1413 189 1473; x_wconf 80' lang='grc' dir='ltr'>Ι5τὸ</span> <span class='ocrx_word' id='word_1_148' title='bbox 230 1415 426 1479; x_wconf 84' lang='grc' dir='ltr'>Πνεῦμά</span> <span class='ocrx_word' id='word_1_149' title='bbox 464 1419 589 1485; x_wconf 86' lang='grc' dir='ltr'>φησι</span> <span class='ocrx_word' id='word_1_150' title='bbox 626 1414 709 1466; x_wconf 82' lang='grc' dir='ltr'>τὸν</span> <span class='ocrx_word' id='word_1_151' title='bbox 746 1413 976 1479; x_wconf 87' lang='grc' dir='ltr'>μακάριον</span> <span class='ocrx_word' id='word_1_152' title='bbox 1014 1411 1301 1476; x_wconf 84' lang='grc' dir='ltr'>βαπτιστὴν,</span> <span class='ocrx_word' id='word_1_153' title='bbox 1341 1414 1616 1472; x_wconf 69' lang='grc' dir='ltr'>καταβαῖνον</span> <span class='ocrx_word' id='word_1_154' title='bbox 1652 1412 1767 1463; x_wconf 53' lang='lat' dir='ltr'>{fia</span> <span class='ocrx_word' id='word_1_155' title='bbox 1805 1423 1880 1457; x_wconf 84' lang='lat'>127</span> <span class='ocrx_word' id='word_1_156' title='bbox 1901 1421 1952 1455; x_wconf 86' lang='lat' dir='ltr'>A·</span> 
     </span>
    </p>

    <p class='ocr_par' dir='ltr' id='par_1_9' title="bbox 135 1492 1724 1567">
     <span class='ocr_line' id='line_1_20' title="bbox 135 1492 1724 1567; baseline -0.002 -19"><span class='ocrx_word' id='word_1_157' title='bbox 135 1495 219 1548; x_wconf 81' lang='grc' dir='ltr'>τὸν</span> <span class='ocrx_word' id='word_1_158' title='bbox 245 1496 362 1548; x_wconf 80' lang='grc' dir='ltr'>Υἱὸν</span> <span class='ocrx_word' id='word_1_159' title='bbox 388 1498 432 1567; x_wconf 64' lang='grc' dir='ltr'>ἐξ</span> <span class='ocrx_word' id='word_1_160' title='bbox 467 1498 643 1566; x_wconf 69' lang='grc' dir='ltr'>οὐρανοῦ,</span> <span class='ocrx_word' id='word_1_161' title='bbox 670 1496 991 1562; x_wconf 87' lang='grc' dir='ltr'>προστίθησιν</span> <span class='ocrx_word' id='word_1_162' title='bbox 1018 1495 1283 1560; x_wconf 83' lang='grc' dir='ltr'>ἀναγκαίως</span> <span class='ocrx_word' id='word_1_163' title='bbox 1298 1492 1406 1545; x_wconf 69' lang='lat' dir='ltr'><em>‘&#39;Ora</em></span> <span class='ocrx_word' id='word_1_164' title='bbox 1434 1492 1644 1561; x_wconf 63' lang='grc' dir='ltr'>τεθέαμαι</span> <span class='ocrx_word' id='word_1_165' title='bbox 1676 1493 1724 1545; x_wconf 62' lang='grc' dir='ltr'>τὶ</span> 
     </span>
    </p>

    <p class='ocr_par' dir='ltr' id='par_1_10' title="bbox 137 1575 1727 1647">
     <span class='ocr_line' id='line_1_21' title="bbox 137 1575 1727 1647; baseline -0.002 -17"><span class='ocrx_word' id='word_1_166' title='bbox 137 1581 334 1647; x_wconf 70' lang='grc' dir='ltr'>Πνεῦμα,</span> <span class='ocrx_word' id='word_1_167' title='bbox 364 1578 493 1643; x_wconf 90' lang='grc' dir='ltr'>πλὴν</span> <span class='ocrx_word' id='word_1_168' title='bbox 521 1581 574 1630; x_wconf 78' lang='grc' dir='ltr'>ἐν</span> <span class='ocrx_word' id='word_1_169' title='bbox 609 1579 715 1630; x_wconf 74' lang='grc' dir='ltr'>εἴδει</span> <span class='ocrx_word' id='word_1_170' title='bbox 753 1581 1025 1647; x_wconf 74' lang='grc' dir='ltr'>περιστερᾶς,</span> <span class='ocrx_word' id='word_1_171' title='bbox 1054 1578 1136 1627; x_wconf 79' lang='grc' dir='ltr'>οὐκ</span> <span class='ocrx_word' id='word_1_172' title='bbox 1175 1576 1289 1627; x_wconf 82' lang='grc' dir='ltr'>αὐτὸ</span> <span class='ocrx_word' id='word_1_173' title='bbox 1329 1575 1377 1627; x_wconf 77' lang='grc' dir='ltr'>δὲ</span> <span class='ocrx_word' id='word_1_174' title='bbox 1417 1575 1537 1626; x_wconf 81' lang='grc' dir='ltr'>κατὰ</span> <span class='ocrx_word' id='word_1_175' title='bbox 1577 1577 1727 1644; x_wconf 85' lang='grc' dir='ltr'>φύσιν</span> 
     </span>
    </p>

    <p class='ocr_par' dir='ltr' id='par_1_11' title="bbox 137 1656 1728 1730">
     <span class='ocr_line' id='line_1_22' title="bbox 137 1656 1728 1730; baseline -0.003 -18"><span class='ocrx_word' id='word_1_176' title='bbox 137 1660 252 1728; x_wconf 77' lang='grc' dir='ltr'>ὅπερ</span> <span class='ocrx_word' id='word_1_177' title='bbox 286 1660 482 1730; x_wconf 79' lang='grc' dir='ltr'>ὑπάρχει</span> <span class='ocrx_word' id='word_1_178' title='bbox 513 1661 708 1727; x_wconf 82' lang='grc' dir='ltr'>γυμνὸν,</span> <span class='ocrx_word' id='word_1_179' title='bbox 735 1661 845 1711; x_wconf 87' lang='grc' dir='ltr'>ἀλλ’</span> <span class='ocrx_word' id='word_1_180' title='bbox 875 1661 924 1710; x_wconf 85' lang='grc' dir='ltr'>ἐν</span> <span class='ocrx_word' id='word_1_181' title='bbox 949 1662 1015 1728; x_wconf 73' lang='grc' dir='ltr'>τῷ</span> <span class='ocrx_word' id='word_1_182' title='bbox 1040 1657 1294 1728; x_wconf 75' lang='grc' dir='ltr'>πρᾳοτάτῳ</span> <span class='ocrx_word' id='word_1_183' title='bbox 1321 1656 1728 1725; x_wconf 76' lang='grc' dir='ltr'>σχηματιζόμενον</span> 
     </span>
    </p>

    <p class='ocr_par' dir='ltr' id='par_1_12' title="bbox 136 1737 1727 1813">
     <span class='ocr_line' id='line_1_23' title="bbox 136 1737 1727 1813; baseline -0.004 -18"><span class='ocrx_word' id='word_1_184' title='bbox 136 1742 254 1813; x_wconf 66' lang='grc' dir='ltr'>ζῴῳ·</span> <span class='ocrx_word' id='word_1_185' title='bbox 312 1743 388 1794; x_wconf 81' lang='grc' dir='ltr'>ἵνα</span> <span class='ocrx_word' id='word_1_186' title='bbox 433 1744 655 1812; x_wconf 87' lang='grc' dir='ltr'>φαίνηται</span> <span class='ocrx_word' id='word_1_187' title='bbox 697 1741 845 1794; x_wconf 88' lang='grc' dir='ltr'>πάλιν</span> <span class='ocrx_word' id='word_1_188' title='bbox 893 1742 968 1791; x_wconf 72' lang='grc' dir='ltr'>καὶ</span> <span class='ocrx_word' id='word_1_189' title='bbox 1016 1740 1091 1791; x_wconf 81' lang='grc' dir='ltr'>διὰ</span> <span class='ocrx_word' id='word_1_190' title='bbox 1137 1740 1305 1791; x_wconf 86' lang='grc' dir='ltr'>τούτου</span> <span class='ocrx_word' id='word_1_191' title='bbox 1351 1737 1606 1803; x_wconf 79' lang='grc' dir='ltr'>οἰκειότητα</span> <span class='ocrx_word' id='word_1_192' title='bbox 1650 1741 1727 1790; x_wconf 81' lang='grc' dir='ltr'>καὶ</span> 
     </span>
    </p>
   </div>
   <div class='ocr_carea' id='block_1_9' title="bbox 68 1820 1728 1893">
    <p class='ocr_par' dir='ltr' id='par_1_13' title="bbox 68 1820 1728 1893">
     <span class='ocr_line' id='line_1_24' title="bbox 68 1820 1728 1893; baseline -0.001 -20"><span class='ocrx_word' id='word_1_193' title='bbox 68 1849 118 1874; x_wconf 89' lang='lat'>20</span> <span class='ocrx_word' id='word_1_194' title='bbox 137 1826 363 1889; x_wconf 85' lang='grc' dir='ltr'>ὁμοίωσιν</span> <span class='ocrx_word' id='word_1_195' title='bbox 412 1824 644 1891; x_wconf 74' lang='grc' dir='ltr'>διασῶζον</span> <span class='ocrx_word' id='word_1_196' title='bbox 690 1822 898 1893; x_wconf 87' lang='grc' dir='ltr'>φυσικὴν</span> <span class='ocrx_word' id='word_1_197' title='bbox 942 1822 1062 1888; x_wconf 83' lang='grc' dir='ltr'>πρὸς</span> <span class='ocrx_word' id='word_1_198' title='bbox 1112 1822 1194 1873; x_wconf 83' lang='grc' dir='ltr'>τὸν</span> <span class='ocrx_word' id='word_1_199' title='bbox 1232 1821 1351 1872; x_wconf 81' lang='grc' dir='ltr'>Υὶὸν</span> <span class='ocrx_word' id='word_1_200' title='bbox 1395 1820 1478 1872; x_wconf 81' lang='grc' dir='ltr'>τὸν</span> <span class='ocrx_word' id='word_1_201' title='bbox 1523 1822 1728 1886; x_wconf 82' lang='grc' dir='ltr'>λέγοντα</span> 
     </span>
    </p>
   </div>
   <div class='ocr_carea' id='block_1_10' title="bbox 1701 1901 1948 1933">
    <p class='ocr_par' dir='ltr' id='par_1_14' title="bbox 1701 1901 1948 1933">
     <span class='ocr_line' id='line_1_25' title="bbox 1701 1901 1948 1933; baseline 0.004 -1"><span class='ocrx_word' id='word_1_202' title='bbox 1701 1903 1724 1920; x_wconf 87' lang='grc'>”</span> <span class='ocrx_word' id='word_1_203' title='bbox 1788 1901 1948 1933; x_wconf 73' lang='lat' dir='ltr'>S.Matth.</span> 
     </span>
    </p>
   </div>
   <div class='ocr_carea' id='block_1_11' title="bbox 136 1902 1885 1986">
    <p class='ocr_par' dir='ltr' id='par_1_15' title="bbox 136 1902 1885 1986">
     <span class='ocr_line' id='line_1_26' title="bbox 136 1902 1885 1986; baseline -0.003 -28"><span class='ocrx_word' id='word_1_204' title='bbox 136 1915 163 1937; x_wconf 77' lang='lat'>‘⁶</span> <span class='ocrx_word' id='word_1_205' title='bbox 193 1908 385 1958; x_wconf 87' lang='grc' dir='ltr'>Μάθετε</span> <span class='ocrx_word' id='word_1_206' title='bbox 413 1908 490 1959; x_wconf 84' lang='grc' dir='ltr'>ἀπ’</span> <span class='ocrx_word' id='word_1_207' title='bbox 519 1909 646 1970; x_wconf 85' lang='grc' dir='ltr'>ἐμοῦ,</span> <span class='ocrx_word' id='word_1_208' title='bbox 677 1906 747 1957; x_wconf 81' lang='grc' dir='ltr'>ὅτι</span> <span class='ocrx_word' id='word_1_209' title='bbox 773 1904 923 1974; x_wconf 75' lang='grc' dir='ltr'>πρᾷός</span> <span class='ocrx_word' id='word_1_210' title='bbox 950 1909 1040 1967; x_wconf 76' lang='grc' dir='ltr'>εἰμι</span> <span class='ocrx_word' id='word_1_211' title='bbox 1066 1906 1140 1955; x_wconf 78' lang='grc' dir='ltr'>καὶ</span> <span class='ocrx_word' id='word_1_212' title='bbox 1167 1902 1384 1957; x_wconf 79' lang='grc' dir='ltr'>ταπεινὸς</span> <span class='ocrx_word' id='word_1_213' title='bbox 1420 1906 1477 1971; x_wconf 84' lang='grc' dir='ltr'>τῇ</span> <span class='ocrx_word' id='word_1_214' title='bbox 1513 1903 1695 1972; x_wconf 77' lang='grc' dir='ltr'>καρδίᾳ.</span> <span class='ocrx_word' id='word_1_215' title='bbox 1788 1945 1819 1976; x_wconf 69' lang='lat' dir='ltr'>xi</span> <span class='ocrx_word' id='word_1_216' title='bbox 1848 1954 1885 1986; x_wconf 88' lang='lat'>29</span> 
     </span>
    </p>
   </div>
   <div class='ocr_carea' id='block_1_12' title="bbox 69 1983 1772 2714">
    <p class='ocr_par' dir='ltr' id='par_1_16' title="bbox 69 1983 1772 2714">
     <span class='ocr_line' id='line_1_27' title="bbox 136 1983 1726 2054; baseline -0.003 -15"><span class='ocrx_word' id='word_1_217' title='bbox 136 1989 304 2040; x_wconf 76' lang='grc' dir='ltr'>οὐκοῦν</span> <span class='ocrx_word' id='word_1_218' title='bbox 347 1990 430 2040; x_wconf 83' lang='grc' dir='ltr'>οὐκ</span> <span class='ocrx_word' id='word_1_219' title='bbox 481 1991 790 2040; x_wconf 84' lang='grc' dir='ltr'>ἀποπεσεῖται</span> <span class='ocrx_word' id='word_1_220' title='bbox 839 1994 922 2038; x_wconf 90' lang='grc' dir='ltr'>τοῦ</span> <span class='ocrx_word' id='word_1_221' title='bbox 973 1984 1087 2037; x_wconf 78' lang='grc' dir='ltr'>εἶναι</span> <span class='ocrx_word' id='word_1_222' title='bbox 1133 1985 1254 2040; x_wconf 80' lang='grc' dir='ltr'>Θεὸς</span> <span class='ocrx_word' id='word_1_223' title='bbox 1305 1984 1424 2036; x_wconf 78' lang='grc' dir='ltr'>κατὰ</span> <span class='ocrx_word' id='word_1_224' title='bbox 1476 1984 1626 2054; x_wconf 82' lang='grc' dir='ltr'>φύσιν</span> <span class='ocrx_word' id='word_1_225' title='bbox 1672 1983 1726 2036; x_wconf 77' lang='grc' dir='ltr'>τὸ</span> 
     </span>
     <span class='ocr_line' id='line_1_28' title="bbox 138 2066 1772 2138; baseline -0.002 -16"><span class='ocrx_word' id='word_1_226' title='bbox 138 2074 348 2134; x_wconf 83' lang='grc' dir='ltr'>Πνεῦμα·</span> <span class='ocrx_word' id='word_1_227' title='bbox 405 2070 652 2137; x_wconf 87' lang='grc' dir='ltr'>τετήρηται</span> <span class='ocrx_word' id='word_1_228' title='bbox 697 2070 790 2137; x_wconf 77' lang='grc' dir='ltr'>γὰρ</span> <span class='ocrx_word' id='word_1_229' title='bbox 837 2070 962 2138; x_wconf 70' lang='grc' dir='ltr'>αὐτῷ</span> <span class='ocrx_word' id='word_1_230' title='bbox 1007 2067 1060 2120; x_wconf 79' lang='grc' dir='ltr'>τὸ</span> <span class='ocrx_word' id='word_1_231' title='bbox 1105 2067 1170 2133; x_wconf 87' lang='grc' dir='ltr'>μὴ</span> <span class='ocrx_word' id='word_1_232' title='bbox 1214 2071 1465 2119; x_wconf 81' lang='grc' dir='ltr'>τεθεᾶσθαι</span> <span class='ocrx_word' id='word_1_233' title='bbox 1511 2066 1721 2129; x_wconf 83' lang='grc' dir='ltr'>πώποτε,</span> <span class='ocrx_word' id='word_1_234' title='bbox 1745 2078 1772 2119; x_wconf 91' lang='lat' dir='ltr'>b</span> 
     </span>
     <span class='ocr_line' id='line_1_29' title="bbox 135 2147 1727 2222; baseline -0.003 -19"><span class='ocrx_word' id='word_1_235' title='bbox 135 2151 265 2216; x_wconf 89' lang='grc' dir='ltr'>πλὴν</span> <span class='ocrx_word' id='word_1_236' title='bbox 296 2152 414 2204; x_wconf 79' lang='grc' dir='ltr'>ὅσον</span> <span class='ocrx_word' id='word_1_237' title='bbox 446 2154 494 2204; x_wconf 87' lang='grc' dir='ltr'>ἐν</span> <span class='ocrx_word' id='word_1_238' title='bbox 527 2157 592 2222; x_wconf 70' lang='grc' dir='ltr'>τῷ</span> <span class='ocrx_word' id='word_1_239' title='bbox 630 2155 714 2216; x_wconf 82' lang='grc' dir='ltr'>τῆς</span> <span class='ocrx_word' id='word_1_240' title='bbox 753 2155 1005 2222; x_wconf 76' lang='grc' dir='ltr'>περιστερᾶς</span> <span class='ocrx_word' id='word_1_241' title='bbox 1043 2153 1383 2219; x_wconf 72' lang='grc' dir='ltr'>σχηματισμῷ,</span> <span class='ocrx_word' id='word_1_242' title='bbox 1412 2147 1487 2200; x_wconf 81' lang='grc' dir='ltr'>διὰ</span> <span class='ocrx_word' id='word_1_243' title='bbox 1525 2148 1611 2213; x_wconf 87' lang='grc' dir='ltr'>τὴν</span> <span class='ocrx_word' id='word_1_244' title='bbox 1642 2154 1727 2200; x_wconf 86' lang='grc' dir='ltr'>τοῦ</span> 
     </span>
     <span class='ocr_line' id='line_1_30' title="bbox 69 2231 1729 2303; baseline 0.001 -20"><span class='ocrx_word' id='word_1_245' title='bbox 69 2255 117 2294; x_wconf 88' lang='lat'>25</span> <span class='ocrx_word' id='word_1_246' title='bbox 136 2233 455 2298; x_wconf 82' lang='grc' dir='ltr'>μανθάνοντος</span> <span class='ocrx_word' id='word_1_247' title='bbox 489 2235 663 2303; x_wconf 82' lang='grc' dir='ltr'>χρείαν.</span> <span class='ocrx_word' id='word_1_248' title='bbox 728 2236 789 2288; x_wconf 88' lang='grc' dir='ltr'>ὡς</span> <span class='ocrx_word' id='word_1_249' title='bbox 827 2232 920 2299; x_wconf 80' lang='grc' dir='ltr'>γὰρ</span> <span class='ocrx_word' id='word_1_250' title='bbox 959 2234 1007 2284; x_wconf 84' lang='grc' dir='ltr'>ἐν</span> <span class='ocrx_word' id='word_1_251' title='bbox 1045 2233 1242 2296; x_wconf 87' lang='grc' dir='ltr'>σημείου</span> <span class='ocrx_word' id='word_1_252' title='bbox 1282 2234 1358 2282; x_wconf 82' lang='grc' dir='ltr'>καὶ</span> <span class='ocrx_word' id='word_1_253' title='bbox 1396 2231 1729 2297; x_wconf 79' lang='grc' dir='ltr'>γνωρίσματος</span> 
     </span>
     <span class='ocr_line' id='line_1_31' title="bbox 136 2312 1728 2385; baseline -0.003 -19"><span class='ocrx_word' id='word_1_254' title='bbox 136 2315 267 2385; x_wconf 74' lang='grc' dir='ltr'>τάξει</span> <span class='ocrx_word' id='word_1_255' title='bbox 313 2315 535 2368; x_wconf 86' lang='grc' dir='ltr'>δεδόσθαι</span> <span class='ocrx_word' id='word_1_256' title='bbox 580 2318 732 2384; x_wconf 74' lang='grc' dir='ltr'>φησὶν</span> <span class='ocrx_word' id='word_1_257' title='bbox 770 2317 918 2384; x_wconf 72' lang='grc' dir='ltr'>ἑαυτῷ</span> <span class='ocrx_word' id='word_1_258' title='bbox 958 2312 1044 2377; x_wconf 83' lang='grc' dir='ltr'>τὴν</span> <span class='ocrx_word' id='word_1_259' title='bbox 1082 2319 1166 2365; x_wconf 89' lang='grc' dir='ltr'>τοῦ</span> <span class='ocrx_word' id='word_1_260' title='bbox 1206 2314 1482 2377; x_wconf 84' lang='grc' dir='ltr'>Πνεύματος</span> <span class='ocrx_word' id='word_1_261' title='bbox 1527 2313 1728 2363; x_wconf 82' lang='grc' dir='ltr'>κάθοδον</span> 
     </span>
     <span class='ocr_line' id='line_1_32' title="bbox 136 2396 1728 2465; baseline -0.004 -17"><span class='ocrx_word' id='word_1_262' title='bbox 136 2399 162 2448; x_wconf 84' lang='grc' dir='ltr'>ὁ</span> <span class='ocrx_word' id='word_1_263' title='bbox 200 2397 426 2465; x_wconf 85' lang='grc' dir='ltr'>μακάριος</span> <span class='ocrx_word' id='word_1_264' title='bbox 464 2397 749 2462; x_wconf 81' lang='grc' dir='ltr'>βαπτιστὴς,</span> <span class='ocrx_word' id='word_1_265' title='bbox 779 2401 879 2450; x_wconf 83' lang='grc' dir='ltr'>ταῖς</span> <span class='ocrx_word' id='word_1_266' title='bbox 917 2398 1022 2463; x_wconf 83' lang='grc' dir='ltr'>περὶ</span> <span class='ocrx_word' id='word_1_267' title='bbox 1061 2402 1144 2447; x_wconf 89' lang='grc' dir='ltr'>τοῦ</span> <span class='ocrx_word' id='word_1_268' title='bbox 1181 2399 1401 2462; x_wconf 81' lang='grc' dir='ltr'>Σωτῆρος</span> <span class='ocrx_word' id='word_1_269' title='bbox 1440 2396 1573 2459; x_wconf 81' lang='grc' dir='ltr'>ἡμῶν</span> <span class='ocrx_word' id='word_1_270' title='bbox 1607 2417 1728 2460; x_wconf 89' lang='grc' dir='ltr'>μαρ-</span> 
     </span>
     <span class='ocr_line' id='line_1_33' title="bbox 136 2475 1729 2548; baseline -0.003 -17"><span class='ocrx_word' id='word_1_271' title='bbox 136 2480 311 2547; x_wconf 85' lang='grc' dir='ltr'>τυρίαις</span> <span class='ocrx_word' id='word_1_272' title='bbox 335 2480 596 2546; x_wconf 84' lang='grc' dir='ltr'>ἐπενεγκὼν</span> <span class='ocrx_word' id='word_1_273' title='bbox 622 2479 691 2531; x_wconf 82' lang='grc' dir='ltr'>ὅτι</span> <span class='ocrx_word' id='word_1_274' title='bbox 719 2486 736 2532; x_wconf 81' lang='grc' dir='ltr'><em>ὁ</em></span> <span class='ocrx_word' id='word_1_275' title='bbox 764 2475 972 2547; x_wconf 64' lang='grc' dir='ltr'>πέμψας</span> <span class='ocrx_word' id='word_1_276' title='bbox 1000 2503 1059 2546; x_wconf 77' lang='grc' dir='ltr'>με</span> <span class='ocrx_word' id='word_1_277' title='bbox 1085 2479 1321 2548; x_wconf 70' lang='grc' dir='ltr'>βαπτίζειν</span> <span class='ocrx_word' id='word_1_278' title='bbox 1349 2479 1385 2529; x_wconf 80' lang='grc' dir='ltr'>ἐν</span> <span class='ocrx_word' id='word_1_279' title='bbox 1413 2475 1553 2539; x_wconf 64' lang='grc' dir='ltr'>ὕδατι,</span> <span class='ocrx_word' id='word_1_280' title='bbox 1578 2477 1729 2531; x_wconf 68' lang='grc' dir='ltr'>ἐκεῖνός</span> 
     </span>
     <span class='ocr_line' id='line_1_34' title="bbox 137 2558 1727 2631; baseline -0.003 -18"><span class='ocrx_word' id='word_1_281' title='bbox 137 2586 212 2631; x_wconf 79' lang='grc' dir='ltr'>μοι</span> <span class='ocrx_word' id='word_1_282' title='bbox 251 2561 368 2614; x_wconf 71' lang='grc' dir='ltr'>εἶπεν</span> <span class='ocrx_word' id='word_1_283' title='bbox 391 2566 493 2631; x_wconf 68' lang='lat' dir='ltr'>&#39;&#39;Eqb</span> <span class='ocrx_word' id='word_1_284' title='bbox 521 2564 562 2614; x_wconf 65' lang='grc' dir='ltr'>ἓν</span> <span class='ocrx_word' id='word_1_285' title='bbox 594 2561 646 2613; x_wconf 67' lang='grc' dir='ltr'>ἂν</span> <span class='ocrx_word' id='word_1_286' title='bbox 674 2559 764 2622; x_wconf 47' lang='grc' dir='ltr'>29ης</span> <span class='ocrx_word' id='word_1_287' title='bbox 800 2563 846 2613; x_wconf 67' lang='lat' dir='ltr'>rb</span> <span class='ocrx_word' id='word_1_288' title='bbox 878 2564 1060 2628; x_wconf 74' lang='grc' dir='ltr'>Πνεῦμα</span> <span class='ocrx_word' id='word_1_289' title='bbox 1099 2562 1374 2619; x_wconf 68' lang='grc' dir='ltr'>καταβαῖνον</span> <span class='ocrx_word' id='word_1_290' title='bbox 1402 2564 1478 2609; x_wconf 61' lang='grc' dir='ltr'>καὶ</span> <span class='ocrx_word' id='word_1_291' title='bbox 1515 2558 1632 2623; x_wconf 64' lang='grc' dir='ltr'>με’νον</span> <span class='ocrx_word' id='word_1_292' title='bbox 1659 2558 1727 2609; x_wconf 79' lang='grc' dir='ltr'>ἐπ’</span> 
     </span>
     <span class='ocr_line' id='line_1_35' title="bbox 69 2637 1728 2714; baseline -0.003 -19"><span class='ocrx_word' id='word_1_293' title='bbox 69 2665 121 2703; x_wconf 87' lang='lat'>30</span> <span class='ocrx_word' id='word_1_294' title='bbox 140 2643 279 2707; x_wconf 55' lang='grc' dir='ltr'>αὐτον,</span> <span class='ocrx_word' id='word_1_295' title='bbox 301 2643 416 2699; x_wconf 69' lang='grc' dir='ltr'>οὗτός</span> <span class='ocrx_word' id='word_1_296' title='bbox 443 2645 554 2696; x_wconf 76' lang='grc' dir='ltr'>ἐστιν</span> <span class='ocrx_word' id='word_1_297' title='bbox 580 2650 597 2696; x_wconf 84' lang='grc' dir='ltr'><em>ὁ</em></span> <span class='ocrx_word' id='word_1_298' title='bbox 624 2644 861 2714; x_wconf 70' lang='grc' dir='ltr'>βαπτίζων</span> <span class='ocrx_word' id='word_1_299' title='bbox 888 2644 925 2694; x_wconf 78' lang='grc' dir='ltr'>ἐν</span> <span class='ocrx_word' id='word_1_300' title='bbox 951 2643 1173 2711; x_wconf 74' lang='grc' dir='ltr'>Πνεύματι</span> <span class='ocrx_word' id='word_1_301' title='bbox 1199 2641 1358 2711; x_wconf 64' lang='grc' dir='ltr'>εΑ’γῖςι).</span> <span class='ocrx_word' id='word_1_302' title='bbox 1403 2641 1476 2708; x_wconf 82' lang='grc' dir='ltr'>ἐφ’</span> <span class='ocrx_word' id='word_1_303' title='bbox 1505 2638 1542 2709; x_wconf 74' lang='grc' dir='ltr'><em>ᾧ</em></span> <span class='ocrx_word' id='word_1_304' title='bbox 1569 2637 1626 2703; x_wconf 80' lang='grc' dir='ltr'>δὴ</span> <span class='ocrx_word' id='word_1_305' title='bbox 1653 2641 1728 2690; x_wconf 77' lang='grc' dir='ltr'>καὶ</span> 
     </span>
    </p>
   </div>
   <div class='ocr_carea' id='block_1_13' title="bbox 140 2773 1731 2963">
    <p class='ocr_par' dir='ltr' id='par_1_17' title="bbox 140 2773 1731 2963">
     <span class='ocr_line' id='line_1_36' title="bbox 186 2773 1729 2823; baseline -0.003 -11"><span class='ocrx_word' id='word_1_306' title='bbox 186 2779 220 2813; x_wconf 89' lang='grc'>6.</span> <span class='ocrx_word' id='word_1_307' title='bbox 239 2779 279 2812; x_wconf 82' lang='grc' dir='ltr'>τὰ</span> <span class='ocrx_word' id='word_1_308' title='bbox 297 2778 394 2823; x_wconf 82' lang='lat' dir='ltr'>prius</span> <span class='ocrx_word' id='word_1_309' title='bbox 412 2783 492 2823; x_wconf 83' lang='lat' dir='ltr'>post</span> <span class='ocrx_word' id='word_1_310' title='bbox 509 2778 692 2822; x_wconf 83' lang='grc' dir='ltr'>ἐκκλησίας</span> <span class='ocrx_word' id='word_1_311' title='bbox 709 2778 907 2822; x_wconf 83' lang='lat' dir='ltr'>transponit</span> <span class='ocrx_word' id='word_1_312' title='bbox 927 2777 968 2811; x_wconf 90' lang='lat' dir='ltr'>B.</span> <span class='ocrx_word' id='word_1_313' title='bbox 1052 2789 1104 2819; x_wconf 78' lang='lat'>14.</span> <span class='ocrx_word' id='word_1_314' title='bbox 1125 2775 1246 2809; x_wconf 69' lang='grc' dir='ltr'>τούτου</span> <span class='ocrx_word' id='word_1_315' title='bbox 1268 2775 1308 2808; x_wconf 90' lang='grc' dir='ltr'>Β.</span> <span class='ocrx_word' id='word_1_316' title='bbox 1359 2774 1394 2808; x_wconf 78' lang='grc' dir='ltr'>δὲ</span> <span class='ocrx_word' id='word_1_317' title='bbox 1414 2786 1483 2808; x_wconf 86' lang='lat' dir='ltr'>om.</span> <span class='ocrx_word' id='word_1_318' title='bbox 1506 2773 1546 2807; x_wconf 87' lang='lat' dir='ltr'>B.</span> <span class='ocrx_word' id='word_1_319' title='bbox 1598 2773 1667 2808; x_wconf 78' lang='grc' dir='ltr'>νυνὶ</span> <span class='ocrx_word' id='word_1_320' title='bbox 1689 2773 1729 2808; x_wconf 90' lang='grc' dir='ltr'>Β.</span> 
     </span>
     <span class='ocr_line' id='line_1_37' title="bbox 140 2821 1730 2868; baseline -0.004 -8"><span class='ocrx_word' id='word_1_321' title='bbox 140 2828 198 2860; x_wconf 88' lang='grc' dir='ltr'>νῦν</span> <span class='ocrx_word' id='word_1_322' title='bbox 217 2825 283 2860; x_wconf 87' lang='lat' dir='ltr'>Ed.</span> <span class='ocrx_word' id='word_1_323' title='bbox 407 2825 460 2859; x_wconf 87' lang='lat'>16.</span> <span class='ocrx_word' id='word_1_324' title='bbox 485 2825 641 2868; x_wconf 84' lang='grc' dir='ltr'>τεθέαμαι</span> <span class='ocrx_word' id='word_1_325' title='bbox 659 2826 697 2858; x_wconf 86' lang='grc' dir='ltr'>τὸ</span> <span class='ocrx_word' id='word_1_326' title='bbox 715 2827 852 2867; x_wconf 83' lang='grc' dir='ltr'>Πνεῦμα</span> <span class='ocrx_word' id='word_1_327' title='bbox 873 2824 912 2857; x_wconf 87' lang='grc' dir='ltr'>Β.</span> <span class='ocrx_word' id='word_1_328' title='bbox 933 2824 1091 2857; x_wconf 83' lang='grc' dir='ltr'>θεάσοιτο</span> <span class='ocrx_word' id='word_1_329' title='bbox 1108 2824 1169 2866; x_wconf 78' lang='grc' dir='ltr'>μέν</span> <span class='ocrx_word' id='word_1_330' title='bbox 1190 2822 1254 2856; x_wconf 84' lang='lat' dir='ltr'>Ed.</span> <span class='ocrx_word' id='word_1_331' title='bbox 1372 2833 1382 2853; x_wconf 92' lang='lat'>1</span> <span class='ocrx_word' id='word_1_332' title='bbox 1395 2832 1424 2865; x_wconf 76' lang='lat'>7.</span> <span class='ocrx_word' id='word_1_333' title='bbox 1452 2821 1487 2853; x_wconf 79' lang='grc' dir='ltr'>δέ</span> <span class='ocrx_word' id='word_1_334' title='bbox 1506 2828 1730 2865; x_wconf 78' lang='lat' dir='ltr'>assumptum</span> 
     </span>
     <span class='ocr_line' id='line_1_38' title="bbox 141 2867 1731 2916; baseline -0.004 -10"><span class='ocrx_word' id='word_1_335' title='bbox 141 2885 183 2906; x_wconf 85' lang='lat' dir='ltr'>ex</span> <span class='ocrx_word' id='word_1_336' title='bbox 204 2872 245 2905; x_wconf 93' lang='lat' dir='ltr'>B.</span> <span class='ocrx_word' id='word_1_337' title='bbox 354 2882 406 2916; x_wconf 87' lang='lat'>19.</span> <span class='ocrx_word' id='word_1_338' title='bbox 434 2870 561 2905; x_wconf 82' lang='grc' dir='ltr'>τούτων</span> <span class='ocrx_word' id='word_1_339' title='bbox 579 2883 609 2905; x_wconf 86' lang='lat' dir='ltr'>a.</span> <span class='ocrx_word' id='word_1_340' title='bbox 628 2871 735 2905; x_wconf 87' lang='lat' dir='ltr'>Cord.</span> <span class='ocrx_word' id='word_1_341' title='bbox 834 2882 888 2913; x_wconf 78' lang='lat'>24.</span> <span class='ocrx_word' id='word_1_342' title='bbox 914 2869 1016 2915; x_wconf 80' lang='grc' dir='ltr'>ὅσον]</span> <span class='ocrx_word' id='word_1_343' title='bbox 1041 2874 1077 2909; x_wconf 41' lang='grc' dir='ltr'>-Ιε</span> <span class='ocrx_word' id='word_1_344' title='bbox 1099 2871 1137 2903; x_wconf 84' lang='grc' dir='ltr'>τὸ</span> <span class='ocrx_word' id='word_1_345' title='bbox 1159 2869 1198 2902; x_wconf 88' lang='lat' dir='ltr'>B.</span> <span class='ocrx_word' id='word_1_346' title='bbox 1216 2868 1334 2902; x_wconf 69' lang='lat' dir='ltr'>invitis</span> <span class='ocrx_word' id='word_1_347' title='bbox 1354 2867 1494 2901; x_wconf 78' lang='lat' dir='ltr'>catenis.</span> <span class='ocrx_word' id='word_1_348' title='bbox 1594 2877 1649 2909; x_wconf 84' lang='lat'>25.</span> <span class='ocrx_word' id='word_1_349' title='bbox 1678 2868 1731 2900; x_wconf 81' lang='grc' dir='ltr'>καὶ</span> 
     </span>
     <span class='ocr_line' id='line_1_39' title="bbox 141 2912 1730 2963; baseline -0.002 -11"><span class='ocrx_word' id='word_1_350' title='bbox 141 2931 205 2962; x_wconf 79' lang='lat' dir='ltr'>pro</span> <span class='ocrx_word' id='word_1_351' title='bbox 223 2920 266 2953; x_wconf 83' lang='grc' dir='ltr'>ὡς</span> <span class='ocrx_word' id='word_1_352' title='bbox 284 2924 435 2952; x_wconf 80' lang='lat' dir='ltr'><strong>catenae.</strong></span> <span class='ocrx_word' id='word_1_353' title='bbox 572 2918 627 2952; x_wconf 85' lang='lat'>26.</span> <span class='ocrx_word' id='word_1_354' title='bbox 654 2918 824 2963; x_wconf 79' lang='grc' dir='ltr'>δεδεῖχθαι</span> <span class='ocrx_word' id='word_1_355' title='bbox 844 2930 905 2961; x_wconf 83' lang='lat' dir='ltr'>pro</span> <span class='ocrx_word' id='word_1_356' title='bbox 924 2917 1085 2951; x_wconf 80' lang='grc' dir='ltr'>δεδόσθαι</span> <span class='ocrx_word' id='word_1_357' title='bbox 1104 2922 1255 2950; x_wconf 79' lang='lat' dir='ltr'>catenae.</span> <span class='ocrx_word' id='word_1_358' title='bbox 1395 2925 1450 2959; x_wconf 83' lang='lat'>30.</span> <span class='ocrx_word' id='word_1_359' title='bbox 1479 2912 1530 2959; x_wconf 85' lang='grc' dir='ltr'>ἐν]</span> <span class='ocrx_word' id='word_1_360' title='bbox 1556 2917 1590 2952; x_wconf 62' lang='lat'><em>4</em></span> <span class='ocrx_word' id='word_1_361' title='bbox 1614 2915 1659 2960; x_wconf 74' lang='grc' dir='ltr'>τῷ</span> <span class='ocrx_word' id='word_1_362' title='bbox 1682 2914 1730 2949; x_wconf 88' lang='lat' dir='ltr'>D.</span> 
     </span>
    </p>
   </div>
   <div class='ocr_carea' id='block_1_14' title="bbox 141 2963 993 3011">
    <p class='ocr_par' dir='ltr' id='par_1_18' title="bbox 141 2963 993 3011">
     <span class='ocr_line' id='line_1_40' title="bbox 141 2963 993 3011; baseline -0.002 -12"><span class='ocrx_word' id='word_1_363' title='bbox 141 2964 261 3011; x_wconf 75' lang='grc' dir='ltr'>Ἀγίῳ]</span> <span class='ocrx_word' id='word_1_364' title='bbox 282 2967 327 3011; x_wconf 82' lang='grc' dir='ltr'>τῴ</span> <span class='ocrx_word' id='word_1_365' title='bbox 345 2964 448 3010; x_wconf 70' lang='grc' dir='ltr'>Ἀγίῳ</span> <span class='ocrx_word' id='word_1_366' title='bbox 468 2963 533 2998; x_wconf 85' lang='lat' dir='ltr'>Ed.</span> <span class='ocrx_word' id='word_1_367' title='bbox 553 2965 661 2998; x_wconf 78' lang='lat' dir='ltr'>invito</span> <span class='ocrx_word' id='word_1_368' title='bbox 682 2964 723 2998; x_wconf 85' lang='lat' dir='ltr'>B.</span> <span class='ocrx_word' id='word_1_369' title='bbox 791 2965 843 2998; x_wconf 81' lang='grc' dir='ltr'>καὶ</span> <span class='ocrx_word' id='word_1_370' title='bbox 862 2976 930 2997; x_wconf 86' lang='lat' dir='ltr'>om.</span> <span class='ocrx_word' id='word_1_371' title='bbox 953 2963 993 2997; x_wconf 83' lang='lat' dir='ltr'>B.</span> 
     </span>
    </p>
   </div>
  </div>
 </body>
</html>
