2084 3317
347 140 429 180 472
748 142 795 181 B.
831 142 1106 183 CYRILLI
1149 143 1525 183 ALEXANDR.
1794 142 1846 182 vi.
1866 154 1932 196 35.

346 247 515 313 μυριάς
540 256 789 316 τοιγαροῦν
816 252 841 301 ὁ
870 250 1039 318 Σωτὴρ
1066 251 1320 316 ἐπινοήσας
1355 257 1450 305 τοῖς
1486 250 1648 317 λόγοις
1682 250 1765 305 τὰς
1797 274 1929 317 περι-

346 327 579 397 στροφὰς,
606 331 793 399 ἐπείπερ
829 335 990 384 ἐθεᾶτο
1025 333 1251 386 συνέντας
1286 331 1418 383 οὐδὲν
1448 332 1555 387 τοὺς
1591 332 1931 399 ἀκροωμένους,

347 410 634 478 γυμνότερον
658 412 747 477 ἤδη
784 415 935 482 φησίν
961 418 1082 480 Ἐγώ
1118 420 1204 482 εἰμι
1242 421 1259 466 ὁ
1296 414 1424 484 ἄρτος
1459 414 1533 474 τῆς
1568 414 1689 485 ζωῆς,
1716 414 1861 478 μόνον
1888 414 1936 465 δὲ

347 493 449 559 οὐχὶ
493 498 593 546 ταῖς
634 495 907 561 ἀμετρήτοις
946 497 1100 547 αὐτῶν
1141 496 1356 561 ἀλογίαις
1395 496 1644 547 ἐνάλλεται
1684 495 1839 560 λέγων
1869 494 1936 546 ςΩ

347 573 465 639 πρὸς
500 574 649 639 μόνην
676 578 985 629 ἀπαιδευσίαν
1012 578 1302 645 ἀσύγκριτον
1327 578 1509 645 ἔχοντες
1544 577 1629 642 τὴν
1655 576 1775 628 κατὰ
1807 577 1930 629 πάν-

345 677 440 706 των
465 656 714 724 ὑπεροχὴν,
735 659 1027 726 χορηγήσειν
1049 661 1154 723 ὑμῖν
1181 660 1351 727 ἄρτους
1376 660 1432 729 ἐξ
1455 661 1653 726 οὐρανοῦ
1681 659 1936 713 διειπόντος

345 742 428 787 τοῦ
456 741 595 802 Θεοῦ,
617 742 692 790 καὶ
718 741 959 806 τοσαύτην
981 743 1053 811 ἐφ’
1078 743 1195 805 ὑμᾶς
1220 741 1532 806 πεποιημένου
1558 741 1644 806 τὴν
1671 739 1937 809 ὑπόσχεσιν

298 827 325 867 b
344 819 393 869 ἐν
416 822 474 887 τῇ
499 825 584 871 τοῦ
609 821 764 883 μάννα
790 828 963 892 τροφῇ,
991 823 1078 889 τὴν
1105 824 1233 875 θείαν
1260 826 1504 890 ὡρίσασθε
1542 824 1832 892 φιλοτιμίαν,
1862 824 1937 873 καὶ

343 900 480 969 μέχρι
524 902 704 954 τούτων
746 907 970 960 ἱστῶντες
1015 907 1097 957 οὐκ
1143 908 1381 972 ἐρυθριᾶτε
1425 905 1510 970 τὴν
1551 906 1730 956 ἄνωθεν
1775 904 1932 972 χάριν,

343 984 623 1048 ἀγνοοῦντες
661 986 731 1037 ὅτι
767 986 935 1055 μικρὸν
962 990 1037 1039 καὶ
1073 990 1180 1052 ὑμῖν
1206 988 1259 1039 τὸ
1295 993 1461 1049 λαβεῖν
1486 986 1545 1038 τὰ
1583 993 1773 1038 τοιαῦτα
1807 987 1936 1054 παρὰ

346 1069 486 1129 Θεοῦ,
532 1069 608 1118 καὶ
658 1069 785 1138 αὐτῷ
835 1069 884 1121 δὲ
933 1075 1000 1139 τῷ
1046 1074 1154 1140 Θεῷ
1205 1070 1259 1121 τὸ
1305 1070 1592 1138 χαρίζεο-θαι.
1663 1067 1728 1133 μὴ
1780 1069 1934 1121 τοίνυν

344 1149 530 1211 ἐκεῖνον,
572 1152 709 1217 φησὶ,
751 1151 835 1202 τὸν
876 1152 1018 1219 ἄρτον
1058 1150 1172 1203 εἶναι
1212 1151 1295 1203 τὸν
1333 1152 1390 1221 ἐξ
1430 1153 1628 1218 οὐρανοῦ
1669 1151 1930 1203 πιστεύετε.

345 1228 434 1295 ἐγὼ
479 1230 572 1297 γάρ
617 1237 705 1300 εἰμι
750 1239 767 1284 ὁ
810 1232 937 1304 ἄρτος
979 1233 1053 1294 τῆς
1093 1234 1214 1304 ζωῆς,
1255 1235 1279 1284 ὁ
1324 1234 1474 1285 πάλαι
1514 1233 1599 1297 μὲν
1638 1235 1744 1295 ὑμῖν
1783 1235 1843 1286 ὡς
1888 1235 1936 1283 ἐν

345 1312 606 1380 ὑποσχέσει
643 1315 1120 1381 προκατηγγελμένος
1161 1319 1237 1367 καὶ
1276 1319 1338 1370 ὡς
1374 1317 1422 1366 ἐν
1456 1315 1588 1384 τύπῳ
1628 1314 1930 1379 δηλούμενος·

344 1393 511 1460 παρὼν
549 1396 598 1446 δὲ
639 1398 738 1447 νυνὶ
777 1399 852 1448 καὶ
893 1397 1281 1465 χρεωστουμένην
1320 1396 1585 1465 ὑπόσχεσιν
1622 1399 1930 1464 ἀποπληρῶν.

346 1481 435 1544 εἰμὶ
465 1475 514 1527 δὲ
546 1477 673 1547 ἄρτος
705 1479 827 1550 ζωῆς,
855 1481 939 1531 οὐκ
978 1481 1119 1547 ἄρτος
1153 1479 1435 1545 σωματικὸς,
1463 1480 1585 1544 μόνα
1619 1479 1677 1531 τὰ
1710 1482 1759 1531 ἐκ
1796 1487 1937 1544 λιμοῦ

305 1585 327 1612 o
346 1558 642 1626 περικόπτων
666 1561 812 1626 πάθη,
834 1564 910 1613 καὶ
938 1567 1244 1632 καταφθορᾶς
1271 1566 1351 1627 τῆς
1377 1564 1586 1614 ἐντεῦθεν
1612 1562 1936 1615 ἀπαλλάττων

344 1639 431 1705 τὴν
457 1641 631 1708 σάρκα,
657 1644 768 1694 ἀλλ’
799 1644 914 1696 ὅλον
941 1645 997 1714 ἐξ
1020 1644 1136 1697 ὅλου
1162 1645 1215 1697 τὸ
1241 1644 1356 1715 ζῷον
1382 1649 1444 1700 εἰς
1472 1644 1591 1712 ζωὴν
1620 1643 1936 1697 ἀναπλάττων

344 1721 431 1787 τὴν
476 1724 675 1789 αἰώνιον,
722 1728 798 1777 καὶ
845 1725 1050 1778 θανάτου
1091 1729 1330 1796 κρείττονα
1377 1727 1461 1778 τὸν
1505 1730 1567 1781 εἷς
1610 1726 1665 1778 τὸ
1709 1725 1822 1778 εἶναι
1867 1729 1936 1778 ἀεὶ

344 1807 662 1871 πεποιημένον
688 1807 941 1875 ἄνθρωπον
967 1810 1257 1864 ἀποδεικνύς’
1301 1809 1613 1862 ὑπαινίττεται
1646 1808 1694 1860 δὲ
1720 1809 1797 1860 διὰ
1821 1808 1930 1861 τούζ

346 1910 441 1939 των
467 1887 553 1953 τὴν
577 1888 653 1940 διὰ
690 1893 774 1955 τῆς
809 1890 946 1957 ἁγίας
982 1892 1162 1959 σαρκὸς
1197 1891 1317 1959 ζωήν
1342 1914 1393 1943 τε
1428 1895 1504 1943 καὶ
1539 1891 1690 1960 χάριν,
1718 1893 1774 1942 δι’
1802 1892 1857 1957 ἧς
1889 1893 1937 1943 ἐν

346 1969 457 2033 ἡμῖν
501 1969 555 2022 τὸ
600 1977 683 2023 τοῦ
731 1975 1033 2039 Μονογενοῦς
1076 1974 1194 2026 ’ίδιον
1234 1974 1587 2040 ἐπεισκρίνεται,
1625 1973 1868 2025 τουτέστιν
1907 1974 1936 2037 ἡ

346 2051 454 2118 ζωή.

422 2135 604 2187 Ἰστέον
630 2136 679 2187 δὲ
705 2135 789 2187 ὄπ’
830 2139 923 2187 δεῖν
951 2136 1044 2203 γὰρ
1071 2136 1197 2202 οἶμαι
1226 2142 1507 2208 φιλομαθῶς
1531 2136 1585 2188 τὸ
1611 2141 1673 2192 εἷς
1699 2136 1937 2206 ὠφέλειαν

302 2223 517 2269 ἀτελοῦν
541 2221 780 2285 θηρᾶσθαι
813 2218 1112 2285 σπουδάζειν·
1155 2221 1228 2290 ἐφ’
1255 2220 1383 2274 ὅλοις
1417 2219 1502 2284 μὲν
1528 2220 1653 2271 ε”τεσι
1688 2219 1772 2272 τὸν
1797 2222 1932 2287 ἀριθ-

347 2299 439 2364 μὸν
471 2301 834 2369 τεσσαράκοντα
872 2299 926 2352 τὸ
965 2302 1161 2353 τυπικὸν
1198 2307 1294 2356 τοῖς
1334 2303 1390 2372 ἐξ
1426 2302 1629 2370 Ἰσραὴλ
1669 2303 1936 2370 ἐχορηγήθη

346 2382 502 2446 μάννα
551 2382 682 2450 παρὰ
733 2386 874 2446 Θεοῦ,
925 2382 1152 2438 συνόντος
1202 2384 1267 2436 ε”τι
1321 2385 1567 2439 Μωυσέως
1619 2384 1710 2436 σὺν
1761 2387 1932 2440 αὐτοῖς·

347 2464 503 2530 ἐπειδὴ
530 2464 579 2517 δὲ
606 2469 669 2521 εἰς
695 2463 750 2517 τὸ
775 2464 930 2517 κοινὸν
955 2471 1038 2517 τοῦ
1062 2466 1170 2527 βίου
1202 2466 1458 2532 κατήντηκε
1489 2465 1640 2530 τέλος,
1667 2465 1937 2534 καθηγητὴς

348 2547 397 2599 δὲ
430 2547 521 2613 ἤδη
557 2550 633 2599 καὶ
668 2545 939 2615 στρατηγὸς
974 2552 1070 2599 τῶν
1095 2549 1363 2600 Ἰουδαϊκῶν
1387 2549 1644 2616 ταγμάτων
1669 2548 1936 2614 κατεστάθη

400 2722 429 2744 1.
453 2709 651 2757 τοιγαροῦν]
670 2711 782 2746 τοίνυν
798 2710 856 2746 οῦν
876 2711 918 2746 Β.
1016 2722 1049 2746 2.
1076 2711 1242 2746 ἐθεάσατο
1263 2712 1306 2747 Β.
1415 2726 1447 2755 4.
1468 2710 1526 2757 ἲΩ]
1551 2713 1595 2748 ὡς
1614 2713 1656 2748 Β.
1767 2722 1801 2758 5.
1826 2714 1936 2759 ἀσυγ·

349 2756 469 2800 κρὶτως
486 2757 528 2791 Β.
672 2767 703 2803 7.
729 2757 804 2803 ἐφ’]
824 2758 871 2794 εἷς
892 2758 933 2793 Β.
1076 2759 1109 2793 8.
1135 2758 1330 2804 ὡρίσασθε]
1351 2760 1496 2804 ὡρίσθαι
1518 2760 1559 2793 Β.
1702 2771 1753 2794 12.
1779 2758 1862 2794 εἶναι
1879 2762 1938 2795 τὸν

348 2803 451 2848 ἄρτον
468 2804 607 2837 inverso
624 2804 747 2839 ordine
765 2805 809 2839 B.
937 2804 990 2840 16.
1015 2805 1081 2851 γὰρ
1099 2817 1163 2851 pro
1182 2806 1217 2839 δέ
1237 2806 1343 2840 Cord.
1410 2807 1469 2840 οὐκ
1487 2805 1604 2851 {ipa-05]
1625 2806 1664 2840 οὐ
1683 2808 1810 2851 καρπός
1828 2806 1936 2842 Cord.

353 2861 406 2894 19.
431 2850 483 2884 ἀεὶ
500 2856 724 2895 assumptum
741 2863 783 2885 ex
802 2851 910 2886 Cord.
1138 2864 1192 2886 20.
1219 2852 1414 2889 ἀποδεικνύς
1436 2853 1510 2888 B.a.
1531 2853 1638 2887 Cord.
1657 2853 1851 2889 ὑποδεικνύς
1870 2854 1936 2888 Ed.

353 2906 408 2940 27.
434 2897 483 2930 ἔτι
502 2897 692 2943 Μωυσέως]
714 2903 836 2933 Μωυσι
855 2899 904 2933 ἔτι
925 2898 966 2932 Β.
1035 2898 1161 2932 Statim
1180 2899 1245 2933 σὺν
1261 2906 1484 2945 assumptum
1503 2912 1544 2935 ex
1566 2900 1605 2934 Β.
1760 2911 1815 2945 29.
1843 2914 1937 2934 κοτε·

351 2943 459 2985 στάθη
481 2943 521 2978 Β.
539 2943 723 2990 ἀπεδείχθη
743 2945 809 2980 Ed.
878 2945 1003 2980 Statim
1021 2947 1039 2979 ὁ
1057 2945 1155 2980 addit
1176 2945 1216 2980 Β.

1956 592 1977 629 Ul

1960 1009 2006 1032 10

1958 1835 2008 1860 20
