2084 3317
152 249 245 280 Infra
258 261 311 281 xv.

154 302 203 324 22.

373 137 458 178 518
776 141 825 181 Β.
860 141 1135 182 CYRILLI
1176 141 1558 182 ALEXANDR.
1816 141 1958 195 vi.51.

375 252 469 299 τῶν
494 250 734 301 Ἰουδαίων
761 257 789 279 “
809 254 867 301 ΕΖ
893 249 957 314 μὴ
990 249 1141 315 ἦλθον
1167 253 1243 301 καὶ
1277 248 1499 315 ἐλάλησα
1535 251 1701 313 αὐτοῖς,
1729 251 1961 316 ἁμαρτίαν

375 338 401 360 “
428 332 510 382 οὐκ
542 332 751 399 εἴχοσαν·
797 335 893 383 νυνὶ
921 332 968 383 δὲ
994 332 1244 400 πρόφασιν
1269 333 1351 383 οὐκ
1375 333 1538 400 ἔχουσι
1563 334 1668 398 περὶ
1695 335 1775 396 τῆς
1803 333 1956 399 ἁμαρ-

374 420 401 442 “
427 414 527 467 τίας
573 415 772 464 αὐτῶν.”
833 418 874 465 οἱ
918 414 1004 478 μὲν
1048 413 1143 480 γὰρ
1194 415 1409 477 οὐδαμῶς
1459 414 1535 464 διὰ
1583 417 1666 478 τῆς
1713 417 1854 478 ἀκοῆς
1899 418 1962 468 εἰς

374 497 570 561 καρδίαν
596 495 962 560 εἰσοικισάμενοι
998 499 1081 559 τῆς
1115 497 1352 562 σωτηρίας
1386 495 1468 547 τὸν
1495 496 1657 562 λόγον,
1684 496 1961 566 ἡμερωτέρῳ

375 576 519 644 τυχὸν
546 577 896 646 περιτεύξονται
931 582 997 647 τῷ
1034 582 1182 646 κριτῇ,
1208 577 1262 629 τὸ
1293 577 1515 642 μηδόλως
1546 580 1746 628 ἀκοῦσαι
1769 579 1958 644 προτεί-
1980 591 2003 629 5

150 675 235 709 353
249 673 303 708 A.
334 681 544 721 εινοντες,
578 664 616 710 εὶ
653 663 730 711 καὶ
769 659 839 711 ὅτι
877 660 1096 724 μάλιστα
1133 659 1217 711 τὸν
1248 662 1321 712 ε’πῖ
1359 665 1426 730 τῷ
1463 657 1528 724 μὴ
1568 660 1765 727 ζητῆσαι
1797 664 1964 724 μαθεῖν

145 1973 235 2004 Heb.
252 1973 284 2004 ii.

151 2025 164 2046 1
173 2023 201 2057 7.

144 2239 196 2271 Ib.
217 2248 265 2280 14.

376 741 686 793 ἀποδώσουσι
737 742 904 808 λόγον·
969 745 1011 793 οἱ
1057 741 1105 793 δὲ
1151 744 1226 793 καὶ
1271 740 1507 796 πολλάκις
1552 740 1629 792 διὰ
1671 746 1766 792 τῶν
1808 743 1962 794 αὐτῶν

374 828 632 875 νουθεσιῶν
672 848 719 875 τε
769 826 844 875 καὶ
888 825 1050 891 λόγων
1091 829 1154 879 εἰς
1195 824 1281 888 τὴν
1320 831 1403 875 τοῦ
1444 824 1771 894 συμφέροντος
1813 824 1963 891 θήραν

372 906 878 973 ἐκπαιδαγωγούμενοι,
905 912 1038 975 σφᾶς
1074 906 1124 957 δὲ
1155 906 1322 961 αὐτοὺς
1348 907 1418 958 ὅτι
1444 906 1536 975 χρὴ
1563 911 1657 957 τῶν
1683 907 1963 958 καλλίστων

373 990 652 1055 ἀποστερεῖν
678 988 886 1054 ἀνοήτως
912 988 1219 1055 λογιζόμενοι,
1243 989 1531 1055 πικροτάτην
1557 989 1844 1040 ἀποτίσουσι
1875 988 1956 1040 κό-

372 1077 532 1134 λασιν,
579 1074 655 1122 καὶ
703 1071 800 1123 οἷον
845 1072 1156 1141 λελυπημένῳ
1207 1077 1573 1138 περιπεσοῦνται
1623 1074 1689 1140 τῷ
1739 1071 1958 1137 κρίνοντι,

371 1152 620 1221 πρόφασιν
657 1157 739 1217 τῆς
779 1156 920 1218 αὐτῆς
965 1155 1187 1208 ἀπονοίας
1232 1156 1555 1205 δυσωποῦσαν
1594 1152 1737 1204 αὐτὸν
1775 1155 1958 1220 ἀνευρί-

371 1258 504 1286 σκειν
543 1236 630 1303 οὐχ
669 1236 866 1304 ἔχοντες.

421 1378 494 1419 Καὶ
533 1379 555 1421 ὁ
593 1378 723 1436 ἄρτος
762 1378 808 1421 δὲ
846 1380 893 1421 ὃν
931 1379 1016 1427 {fob
1054 1378 1185 1421 δώσω
1223 1380 1246 1421 ὦ
1286 1380 1393 1437 σάρξ
1431 1394 1510 1429 μου
1546 1380 1661 1423 ἐστὶν
1698 1380 1804 1438 ὑπὲρ
1840 1382 1918 1422 τῆς

948 1467 1022 1504 τοῦ
1063 1464 1221 1512 κόσμου
1260 1467 1382 1521 ζωῆς.

446 1570 781 1634 Ἀποθνήσκω,
810 1573 974 1639 φησὶν,
1004 1570 1119 1637 ὑπὲρ
1145 1570 1350 1633 πάντων,
1377 1571 1452 1622 ἵνα
1477 1571 1658 1626 πάντας
1685 1570 1962 1638 ζωοποιήσω

372 1653 426 1703 δι’
455 1654 670 1716 ἐμαυτοῦ,
696 1654 772 1703 καὶ
812 1653 1094 1719 ἀντίλυτρον
1129 1656 1212 1716 τῆς
1251 1653 1475 1705 ἁπάντων
1511 1653 1690 1720 σαρκὸς
1729 1653 1815 1718 τὴν
1849 1653 1964 1719 ἐμὴν

371 1732 682 1798 ἐποιησάμην.
735 1734 1009 1804 τεθνήξεται
1042 1735 1135 1802 γὰρ
1173 1737 1198 1786 ὁ
1235 1735 1436 1790 θάνατος
1470 1738 1518 1787 ἐν
1545 1736 1732 1807 θανάτῳ
1757 1740 1823 1806 τῷ
1849 1739 1962 1806 ἐμῷ,

371 1819 446 1867 καὶ
483 1817 909 1882 συναναστήσεταί
939 1840 1033 1881 μοι,
1068 1820 1234 1886 φησιν,
1268 1819 1295 1882 ἡ
1334 1824 1556 1869 πεσοῦσα
1591 1825 1674 1870 τοῦ
1713 1819 1964 1886 ἀνθρώπου

371 1899 532 1968 φύσις.
598 1899 774 1965 γέγονα
813 1898 905 1966 γὰρ
945 1898 1020 1951 διὰ
1060 1900 1228 1951 τούτου
1266 1900 1374 1951 καθ’
1415 1902 1548 1964 ὑμᾶς,
1588 1901 1836 1967 ἄνθρωπος
1873 1903 1960 1966 δη-

372 1981 533 2033 λονότι
572 1984 648 2033 καὶ
688 1983 738 2032 ἐκ
776 1981 1050 2049 σπέρματος
1083 1982 1322 2049 εΑβραόιμ,
1358 1983 1434 2034 ἵνα
1469 1989 1496 2012 “
1516 1982 1636 2034 κατὰ
1673 1983 1830 2034 πάντα
1867 1988 1964 2037 τοῖς

444 2067 454 2081 9
618 2069 637 2077 Α
664 2065 687 2080 3,
727 2066 737 2079 Q
909 2069 929 2078 Α
1115 2066 1128 2081 Χ
1227 2063 1239 2080 Χ
1337 2069 1358 2079 Α
1560 2068 1580 2078 Α
1647 2063 1669 2082 (Ι
1809 2066 1820 2081 2
1893 2066 1904 2083 Ι

330 2075 353 2103 0
374 2071 400 2094 “
428 2067 656 2133 αδελφοις
718 2069 948 2127 ομοιωθω.
997 2086 1156 2117 συνεις
1191 2066 1241 2114 δε
1275 2087 1415 2116 τουτο
1450 2071 1609 2118 καλως
1645 2087 1759 2131 οπερ
1794 2088 1963 2131 αρτιως

370 2148 480 2212 ἡμῖν
523 2147 614 2215 ε”φη
660 2145 888 2213 Χριστὸς,
931 2148 1007 2196 καὶ
1049 2145 1188 2200 αὐτός
1232 2151 1385 2214 φησιν
1427 2148 1452 2197 ὁ
1493 2147 1722 2214 μακάριος
1765 2151 1963 2201 Παῦλος

371 2236 399 2260 “
424 2228 556 2281 Ἐπεὶ
583 2229 665 2279 οὖν
690 2227 750 2280 τὰ
775 2229 938 2280 παιδιά
961 2228 1291 2293 κεκοινώνηκεν
1319 2229 1513 2293 αἵματος
1550 2230 1626 2280 καὶ
1660 2229 1856 2296 σαρκὸς,
1886 2231 1963 2281 καὶ

370 2320 398 2342 “
423 2310 561 2365 αὐτὸς
611 2310 963 2378 παραπλησίως
1012 2311 1213 2379 μετέσχε
1264 2316 1358 2362 τῶν
1406 2312 1575 2375 αὐτῶν,
1625 2311 1702 2362 ἵνα
1752 2310 1828 2363 διὰ
1878 2318 1962 2363 τοῦ

370 2402 397 2424 “
424 2393 629 2446 θανάτου
667 2394 950 2462 καταργήσῃ
988 2392 1071 2444 τὸν
1103 2392 1157 2444 τὸ
1193 2393 1362 2460 κράτος
1401 2394 1571 2461 ἔχοντα
1610 2399 1694 2445 τοῦ
1733 2393 1957 2457 θανάτου,

370 2484 396 2507 “
423 2476 638 2528 τουτέστι
669 2474 752 2528 τὸν
778 2474 1052 2538 διάβολον·”
1094 2476 1148 2526 οὐ
1182 2474 1275 2543 γὰρ
1310 2475 1368 2540 ἧν
1394 2475 1561 2542 ἑτέρως
1594 2475 1678 2527 τὸν
1702 2475 1756 2527 τὸ
1793 2475 1962 2543 κράτος

367 2559 537 2626 ἔχοντα
575 2564 659 2610 τοῦ
698 2557 903 2610 θανάτου
941 2559 1300 2624 καταργηθῆναί
1333 2581 1462 2621 ποτε,
1501 2560 1577 2610 καὶ
1617 2557 1759 2609 αὐτὸν
1791 2557 1841 2610 δὲ
1878 2558 1962 2610 τὸν

367 2641 583 2705 θάνατον,
620 2645 656 2691 εἰ
694 2640 759 2706 μὴ
799 2641 997 2692 δέδωκεν
1034 2638 1200 2692 ἑαυτὸν
1239 2639 1354 2707 ὑπὲρ
1392 2641 1524 2706 ἡμῶν
1563 2642 1588 2692 ὁ
1627 2639 1856 2708 Χριστὸς,
1897 2640 1963 2695 εἷς

416 2777 447 2799 2.
475 2765 535 2799 οὐκ
554 2766 674 2811 ἔχουσι
693 2772 773 2810 post
790 2766 900 2800 αὐτῶν
917 2765 1117 2810 transponit
1136 2764 1178 2798 Β.
1198 2771 1238 2799 ut
1256 2777 1362 2810 supra
1378 2776 1446 2811 309
1462 2777 1492 2799 e.
1633 2778 1666 2807 4.
1694 2765 1961 2809 εἰσοικισάμενοι

370 2812 413 2846 Β.
433 2812 671 2858 εἷσῳκισμὲνοι
690 2813 758 2846 Ed.
839 2825 872 2858 9.
899 2813 966 2857 χρὴ
984 2811 1066 2857 τῶν]
1086 2813 1268 2856 χρημάτων
1288 2813 1329 2845 B.
1416 2823 1468 2846 12.
1495 2812 1597 2857 αὐτῆς
1615 2818 1838 2858 assumptum
1857 2824 1899 2846 ex
1917 2811 1960 2847 Β.

372 2870 425 2901 14.
452 2858 564 2904 ἐστὶν]
589 2864 625 2900 4-
647 2859 686 2903 ἣν
703 2860 769 2904 ἐγὼ
788 2859 888 2894 δώσω
909 2859 975 2894 Ed.
993 2859 1104 2893 invito
1124 2858 1166 2893 Β.
1286 2869 1338 2903 15.
1367 2858 1467 2904 ζωῆς]
1487 2859 1656 2903 σωτηρίας
1674 2859 1716 2893 Β.
1832 2859 1886 2893 18.
1912 2860 1959 2893 τῶ

366 2905 436 2951 ἐμῷ
454 2907 584 2953 θανάτῳ
603 2906 743 2940 inverso
761 2906 883 2940 ordine
903 2906 995 2940 Catt.
1088 2917 1140 2950 19.
1158 2907 1218 2939 τοῦ
1236 2905 1414 2950 ἀνθρώπου
1434 2906 1476 2940 Β.
1496 2905 1588 2940 Catt.
1606 2910 1673 2939 τῶν
1689 2905 1876 2951 ἀνθρώπων
1890 2894 1959 2940 Εᾶ.

370 2963 425 2985 21.
453 2954 504 2986 καὶ
523 2959 745 2997 assumptum
765 2965 805 2987 ex
827 2953 917 2987 B.D.
1066 2963 1118 2986 22.
1147 2952 1224 2996 ἡμῖν
1241 2953 1362 2997 ἀρτίως
1380 2953 1519 2988 inverso
1537 2952 1658 2987 ordine
1678 2953 1720 2988 B.

1984 1016 2032 1040 10

1984 1477 2032 1516 15

1983 1924 2033 1950 20
