2084 3317
146 164 197 205 vi.
218 166 285 219 36.
381 165 454 204 IN
498 165 540 205 S.
574 164 911 206 JOANNEM.
975 164 1099 205 LIB.
1134 165 1220 205 III.
1282 166 1414 206 CAP.
1439 167 1518 206 VI.
1646 169 1729 209 477

146 270 256 322 ἀλλ’
284 272 367 322 οὐκ
400 271 606 337 ἠγνόησε
643 273 791 324 πάλιν
817 275 878 327 ὡς
905 272 1040 337 Θεὸς,
1067 274 1138 324 ὅτι
1172 273 1291 340 πρὸς
1326 274 1541 343 ἀδελφὴν
1567 275 1731 340 ὥσπερ

145 352 249 403 τινὰ
282 355 356 404 καὶ
388 354 572 418 συνήθη
603 357 888 421 δραμοῦνται
914 353 1000 419 τὴν
1026 354 1302 424 σύντροφον
1330 358 1568 419 ἀπιστίαν,
1594 379 1726 423 περι-

147 433 349 501 όψονται
388 433 437 485 δὲ
477 437 539 488 ὡς
578 435 711 487 οὐδὲν
742 437 825 487 τὸν
857 442 1095 488 καλοῦντα
1131 436 1250 502 πρὸς
1288 436 1424 504 ζωήν.
1466 437 1541 488 ἵνα
1578 438 1734 489 τοίνυν

146 519 301 566 εἰδεῖεν
327 516 410 566 οὐκ
436 517 702 581 ἠγνοηκότα
727 517 810 569 τὸν
835 519 1040 582 Ἰησοῦν,
1069 519 1222 570 ὁποῖοί
1249 541 1368 572 τινες
1400 518 1733 586 εὑρεθήσονται

105 617 126 655 5
146 596 308 660 πάλιν,
348 602 540 660 μᾶλλον
584 598 645 661 δὲ,
692 598 806 664 ὅπερ
851 601 954 651 ἐστὶ
1004 600 1394 667 πρεπωδέστερον
1437 604 1594 664 εἰπεῖν,
1642 600 1733 652 ὑπὸ

147 679 274 730 θείαν
306 677 443 733 ὄντας
481 679 670 734 ἑαυτοὺς
708 680 952 744 ἐκμάθοιεν
983 681 1145 748 ὀργὴν,
1177 683 1383 751 ἐπιφέρει
1420 681 1570 734 πάλιν
1599 686 1731 733 Ἀλλ’
1752 705 1773 731 e

149 759 266 812 εἶπον
294 764 389 829 ὑμῖν
415 762 476 812 ὅτι
511 766 589 813 καὶ
627 762 859 831 ἑωράκατέ
887 786 946 831 με
984 766 1062 814 καὶ
1102 767 1145 814 οὐ
1177 764 1414 816 πιστεύετε.
1468 764 1730 831 προέγνων,

149 845 286 910 φησὶ,
308 845 381 893 καὶ
407 844 662 909 προείρηκα
689 848 876 912 σαφῶς,
904 844 974 895 ὅτι
1002 843 1058 908 δὴ
1084 843 1273 899 πάντως
1300 848 1550 910 διαμενεΐτε
1576 854 1731 910 σκλη-

148 926 234 989 ροὶ,
265 926 340 974 καὶ
379 927 460 988 τῆς
494 925 600 987 ὑμῖν
633 925 916 991 φιλαιτάτης
952 926 1184 980 ἀπειθείας
1223 927 1373 995 ἀπρὶξ
1408 928 1614 991 ἡμμένοι,
1641 933 1737 979 τῶν

84 1007 270 1069 Ιοέμῶν
309 1005 528 1073 ἀμέτοχοι
567 1006 877 1074 χαρισμάτων
916 1007 1377 1076 καταλειφθήσεσθε.
1429 1011 1504 1059 καὶ
1541 1009 1656 1061 πότε
1691 1032 1736 1060 τι

147 1093 358 1138 τοιοῦτον
393 1089 460 1139 ἐπ’
500 1089 654 1142 αὐτοῖς
693 1089 869 1155 εἴρηκεν
908 1090 933 1139 ὁ
971 1090 1216 1156 Χριστός;
1262 1091 1621 1156 ἀναμιμνήσκου
1659 1092 1738 1143 λέ-

147 1191 314 1235 γοντος
351 1169 470 1235 πρὸς
506 1169 590 1221 τὸν
628 1170 856 1237 μακάριον
893 1170 1146 1240 προφήτην
1177 1171 1391 1223 εΗσαίοιν
1423 1180 1449 1203 “
1473 1174 1738 1240 Πορεύθητι
1798 1171 1951 1246 11331vi.9‚

151 1257 178 1281 “
204 1254 278 1302 καὶ
305 1251 435 1302 εἰπὸν
460 1256 526 1322 τῷ
553 1256 655 1322 λαῷ
681 1252 831 1323 τούτῳ
849 1252 998 1321 Ἀκοῇ
1026 1254 1251 1305 ἀκούσετε
1278 1257 1354 1305 καὶ
1381 1256 1434 1306 οὐ
1460 1255 1525 1319 μὴ
1551 1259 1737 1320 συνῆτε,

150 1340 178 1363 “
206 1336 281 1384 καὶ
306 1333 567 1393 βλέποντες
592 1335 802 1403 βλέψετε
835 1336 909 1386 καὶ
945 1337 999 1386 οὐ
1030 1334 1094 1400 μὴ
1128 1336 1270 1400 ἰ’δητε·
1312 1336 1552 1405 ἐπαχύνθη
1586 1337 1679 1404 γὰρ
1713 1338 1781 1402 ἡει
1811 1354 1894 1388 326
1910 1352 1963 1386 A.

86 1433 132 1472 15
153 1423 180 1445 “
207 1416 373 1482 καρδία
407 1421 490 1467 τοῦ
525 1422 646 1467 λαοῦ
683 1417 891 1469 τούτου.”
945 1416 973 1482 ἢ
1006 1417 1100 1484 γὰρ
1127 1419 1210 1469 οὐκ
1237 1418 1418 1483 ἀληθὴς
1445 1422 1521 1470 καὶ
1549 1420 1624 1471 διὰ
1649 1425 1744 1472 τῶν

152 1500 201 1548 ἐν
225 1499 364 1566 χερσὶ
393 1498 612 1562 κειμένων
638 1499 749 1562 ἡμῖν
774 1498 1070 1566 πραγμάτων
1097 1500 1121 1550 ὃ
1148 1500 1294 1566 λόγος
1321 1501 1740 1569 ἀναδειχθήσεται;

153 1578 276 1631 εἶδον
302 1579 396 1646 γὰρ
432 1579 553 1631 εἶδον
580 1580 705 1631 Θεὸν
737 1580 851 1632 ὄντα
886 1580 1005 1632 κατὰ
1043 1581 1194 1649 φύσιν
1220 1581 1302 1633 τὸν
1332 1582 1521 1650 Κύριον,
1549 1583 1625 1635 ὅτε
1659 1583 1744 1649 τὴν

153 1664 353 1728 ἀριθμοῦ
390 1663 630 1728 κρείττονα
665 1667 759 1713 τῶν
785 1663 854 1713 ἐπ’
884 1663 1024 1714 αὐτὸν
1051 1663 1216 1715 ἰόντων
1245 1665 1435 1729 πληθὺν
1464 1665 1602 1717 πέντε
1636 1690 1739 1734 κρι-

153 1744 296 1797 θίνοις
336 1744 582 1812 διέθρεψεν
621 1744 791 1810 ἄρτοις,
831 1747 906 1795 καὶ
947 1745 1030 1796 δύο
1070 1746 1332 1800 διακλάσας
1371 1746 1568 1816 ὀψάρια.
1629 1750 1740 1800 ἀλλ’

86 1849 135 1875 20
154 1824 397 1895 ἑωρακότες
437 1830 481 1877 οὐ
518 1825 800 1889 πιστεύουσι,
840 1826 916 1876 διὰ
959 1826 1044 1891 τὴν
1083 1829 1134 1878 ἐκ
1175 1831 1257 1892 τῆς
1296 1830 1421 1883 θείας
1459 1830 1604 1896 ὀργῆς
1641 1835 1743 1885 ταῖς

154 1908 372 1961 διανοίαις
400 1908 552 1958 αὐτῶν
577 1907 757 1975 ἀχλύος
783 1909 915 1972 δίκην
941 1908 1288 1978 ἐπισκήψασαν
1312 1910 1555 1977 πώρωσιν.
1614 1910 1742 1976 ἦσαν

153 1988 247 2055 γὰρ
286 1988 437 2054 δήπου
474 1991 550 2040 καὶ
597 1988 940 2058 ἀναμφιλόγως
985 1990 1108 2060 ἄξιοι
1152 1997 1291 2043 τοῦτο
1333 1997 1515 2056 παθεῖν,
1554 1995 1786 2062 ἐπείπερῐ)

154 2070 367 2136 ἀμέτροις
394 2069 654 2139 ἐνεχόμενοι
678 2071 965 2136 πταίσμασι,
992 2074 1067 2123 καὶ
1094 2073 1338 2140 ἀρῥήκτοις
1369 2076 1739 2145 κατεσφιγμένοι
1801 2090 1850 2121 Cf·
1866 2090 1964 2123 Prov-

154 2157 333 2218 σειραῖς
357 2153 785 2219 παρανομημάτων,
813 2153 917 2204 οὐδὲ
943 2153 1085 2206 αὐτὸν
1111 2155 1470 2220 ἐπιδημήσαντα
1495 2158 1578 2210 τὸν
1603 2161 1734 2211 ε’λευ-
1801 2144 1833 2166 v.
1852 2144 1900 2167 κ’

89 2252 136 2290 25
156 2238 320 2300 θεροῦν
361 2235 591 2302 ἰσχύοντα
635 2236 966 2303 παρεδέχοντο.
1036 2236 1113 2288 διὰ
1156 2238 1332 2304 ταύτην
1371 2240 1612 2308 ἐπαχύνθη
1655 2241 1742 2307 τὴν

155 2316 304 2367 αἰτίαν
337 2317 364 2381 ἡ
396 2318 562 2383 καρδία
594 2322 676 2369 τοῦ
708 2323 829 2368 λαοῦ
864 2317 1043 2370 τούτου.

221 2397 337 2449 “Ort
373 2398 421 2449 δὲ
459 2397 534 2450 διὰ
579 2403 661 2463 τῆς
700 2405 783 2451 τοῦ
823 2401 1022 2465 σημείου
1063 2403 1424 2468 μεγαλειότητος
1465 2402 1589 2455 Θεὸν
1627 2404 1741 2456 ὅντα

157 2479 276 2532 κατὰ
302 2481 451 2549 φύσιν
477 2481 658 2548 ἐθεώρει
684 2481 766 2532 τὸν
793 2483 984 2545 Ἰησοῦν
1011 2483 1038 2546 ἡ
1070 2488 1164 2534 τῶν
1188 2485 1427 2536 Ἰουδαίων
1451 2486 1654 2551 πληθὺς,
1683 2488 1739 2539 δι’

156 2563 329 2614 ἐκείνου
364 2561 421 2626 δὴ
456 2561 671 2625 μάλιστα
704 2564 910 2615 συνιέναι
946 2565 1144 2633 δυνήσῃ·
1187 2566 1613 2631 ἀποθαυμάσαντες
1647 2568 1740 2637 γὰρ

89 2674 138 2710 30
157 2643 210 2695 τὸ
234 2644 555 2711 γεγενημένον,
572 2644 735 2712 ὥσπερ
761 2647 842 2697 οὖν
867 2648 915 2697 ἐν
939 2652 1034 2701 τοῖς
1060 2648 1275 2715 ἀνωτέρω
1302 2651 1453 2718 φησὶν
1479 2651 1504 2701 ὁ
1527 2652 1741 2719 Εὐαγγε-

206 2805 239 2838 8.
268 2803 429 2850 σκληροὶ]
450 2804 503 2839 καὶ
521 2806 666 2851 σκληροὶ
684 2806 751 2841 Ed.
770 2807 879 2842 invito
899 2808 940 2843 B.
1041 2820 1093 2844 10.
1119 2810 1174 2843 καί
1190 2824 1271 2844 ποτε
1291 2811 1339 2846 D.
1399 2811 1525 2847 Statim
1542 2828 1573 2848 τι
1591 2815 1744 2849 τοιοῦτον

159 2851 227 2886 hoc
244 2851 367 2886 ordine
386 2851 429 2886 B.
479 2852 563 2887 Post
579 2852 615 2887 h.
629 2865 663 2888 v.
682 2852 732 2888 ἐπ’
751 2854 865 2890 αὐτοῖς
881 2862 1103 2901 assumptum
1122 2868 1164 2891 ex
1183 2856 1225 2891 B.
1357 2866 1410 2903 17.
1436 2859 1502 2904 γὰρ
1519 2866 1744 2906 assumptum

160 2926 202 2949 ex
222 2915 264 2950 Β.
456 2925 511 2961 23.
540 2915 749 2963 ἐνεχόμενοι]
769 2910 979 2964 ἐνκεχοῖιένοι
1000 2918 1042 2953 Β.
1247 2930 1301 2963 25.
1327 2921 1557 2968 παρεδέχοντο
1577 2923 1617 2959 Β.
1635 2938 1745 2970 παρα-

160 2961 316 3007 δέχονται
336 2961 401 2996 Ed.
