2084 3317
346 162 430 202 608
748 163 798 204 Β,
833 163 1110 204 CYRILLI
1152 161 1532 203 ALEXANDR.
1776 160 1846 201 vii.
1870 174 1933 215 19.

345 270 633 338 ἀφυλάκτως
674 294 724 323 τε
769 270 844 322 διὰ
889 277 1027 323 τοῦτο
1072 270 1242 322 λοιπὸν
1287 273 1362 321 καὶ
1409 269 1621 338 φονεύειν
1664 267 1807 320 αὐτὸν
1847 268 1936 334 ἤδη

345 352 676 412 βουλεύεσθαι.
739 352 814 404 διὰ
858 351 950 419 γάρ
992 376 1064 404 τοι
1104 358 1243 403 τοῦτο
1287 352 1503 414 μάλιστα
1547 356 1937 416 παρανομοῦντας

323 434 542 502 ἐλέγχει,
580 433 830 503 πρόφασιν
868 439 951 485 τοῦ
990 433 1140 499 λόγου
1178 431 1496 496 ποιησάμενος
1535 436 1848 496 οἰκονομικῶς,
1882 431 1936 483 τὸ

345 520 500 580 τηρεῖν
531 516 802 580 ἐπείγεσθαι
841 513 924 566 τὸν
956 513 1113 578 νόμον,
1141 514 1217 565 διά
1250 536 1299 564 τε
1335 513 1503 564 τούτου
1537 519 1677 577 τιμᾶν
1701 512 1784 564 τὸν
1812 513 1938 564 Θεὸν

305 599 421 647 θκαὶ
467 596 677 663 Πατέρα.
749 603 766 648 ὁ
808 594 852 648 δὲ
895 595 1024 666 ζητῶν
1063 600 1217 664 φησιν
1260 594 1328 655 τὴν
1367 593 1497 664 δόξαν
1541 596 1614 646 τοῦ
1657 590 1979 662 πέμψαντος5

344 677 484 740 αὐτὶν,
512 677 629 733 οὗτος
654 676 815 738 ἀληθής
842 678 948 740 ἐστι,
979 685 1056 729 καὶ
1083 675 1243 729 ἀδικία
1271 677 1309 727 ἓν
1337 680 1457 747 αὐτῷ
1485 680 1560 727 οὐκ
1590 676 1713 728 ἔστιν.
1766 677 1829 729 ὡς
1854 680 1938 726 τοῦ

342 758 408 822 μὴ
447 759 694 826 ζητοῦντος
731 758 785 810 τὸ
823 764 906 810 τοῦ
947 763 1072 810 Θεοῦ
1110 763 1316 823 μᾶλλον,
1353 757 1486 808 ἀλλὰ
1523 756 1577 808 τὸ
1617 761 1796 820 οἰκεῖον,
1832 758 1937 808 οὔτε

343 840 477 894 ὄντος
504 842 724 905 ἀληθοῦς,
752 840 885 891 ἀλλὰ
911 843 987 892 καὶ
1014 840 1124 891 λιάν
1151 838 1455 891 ἀδικωτάτου·
1498 840 1581 890 οὐκ
1611 839 1700 890 ἕσ-τι
1733 838 1818 901 μὲν
1843 837 1938 904 γὰρ

344 921 523 985 ἀληθὴς,
562 925 625 976 ὡς
662 926 980 990 συκοφαντῶν
1021 921 1104 974 τὸν
1143 921 1287 986 νόμον
1325 923 1401 972 καὶ
1445 919 1500 971 τὸ
1545 924 1712 972 οἰκεῖον
1751 919 1938 984 θέλημα

343 1004 678 1074 παρεισφέρων
718 1006 858 1074 αὐτῷ·
920 1003 1206 1057 ἀδικώτατος
1246 1003 1309 1066 δὲ,
1352 1005 1414 1056 ὡς
1457 1001 1512 1053 τὸ
1554 1008 1638 1053 τοῦ
1684 1001 1938 1065 νομοθέτου
1960 1027 2009 1051 10

344 1086 520 1136 δίκαιον
546 1090 690 1152 κρῖμα
714 1085 1074 1153 παρωσάμενος,
1100 1087 1175 1136 καὶ
1202 1086 1250 1136 ἐν
1277 1085 1494 1148 ἀμείνοσι
1521 1088 1615 1134 τῶν
1641 1086 1938 1135 δεσποτικῶν

121 1180 200 1215 416
215 1179 268 1214 A.
302 1166 402 1218 ατὰ
447 1171 590 1218 οἰκεῖα
634 1168 787 1222 τιθείς.
852 1168 1025 1221 δίκαιος
1065 1169 1146 1218 οὖν
1184 1166 1276 1232 ἄρα
1316 1168 1391 1217 καὶ
1430 1164 1593 1226 ἀληθὴς
1633 1166 1658 1216 ὁ
1697 1165 1934 1232 Χριστὸς,

344 1249 494 1300 οὐδενὶ
520 1253 615 1300 τῶν
641 1248 892 1315 εἰρημένων
919 1248 1197 1301 ὑποπίπτων
1223 1248 1500 1314 ἐγκλήματι.

278 1453 326 1490 19
392 1439 451 1482 Οὐ
488 1439 683 1483 Μωυσῆς
720 1439 910 1482 δέδωκεν
949 1437 1044 1489 ὑμῖν
1081 1440 1154 1483 τὸν
1194 1440 1352 1492 νόμον;
1405 1439 1473 1480 καὶ
1511 1437 1653 1480 οὐδεὶς
1690 1439 1736 1483 ἑξ
1774 1439 1891 1488 ὑμῶν

584 1521 699 1566 Ποιεῖ
736 1523 811 1567 τὸν
850 1525 996 1573 νόμον·
1049 1523 1088 1566 τί
1124 1539 1175 1573 με
1213 1520 1373 1581 <mehe
1410 1519 1690 1575 ἀποκτεῖναι;
1961 1537 2006 1576 15

419 1644 516 1696 Διά
553 1649 755 1697 πολλῶν
793 1644 1067 1712 εὑρημάτων
1105 1646 1178 1713 ἐφ’
1219 1644 1299 1696 ἕνα
1341 1643 1588 1712 συντρέχει
1631 1643 1830 1695 σκοπὸν
1854 1650 1938 1696 τοῦ

345 1730 567 1794 Σωτῆρος
606 1728 630 1777 ὁ
669 1726 833 1793 λόγος.
887 1728 1105 1793 πλαγίως
1135 1726 1220 1791 μὲν
1255 1725 1348 1794 γὰρ
1387 1728 1435 1777 ἐν
1470 1731 1565 1779 τοῖς
1603 1731 1938 1792 προλαβοῦσιν

299 1819 326 1861 b
346 1809 612 1878 ὑπελέγξας
653 1808 760 1864 τοὺς
799 1810 1104 1876 Φαρισαίους,
1143 1811 1206 1863 ὡς
1250 1811 1507 1875 προσῆκεν,
1546 1807 1793 1872 οἰομένους,
1834 1809 1938 1876 οὐχὶ

344 1896 442 1944 τοῖς
470 1890 628 1942 θεόθεν
654 1890 1029 1955 διατεταγμένοις
1053 1891 1421 1942 καταπείθεσθαι
1447 1893 1556 1952 δεῖν,
1583 1888 1716 1940 ἀλλὰ
1746 1889 1938 1955 γνώμας

345 1976 643 2038 εἰσηγεῖσθαι
675 1971 758 2026 τὰς
785 1974 973 2035 ἑαυτῶν,
1002 1976 1240 2039 θηρᾶσθαι
1266 1971 1314 2023 δὲ
1340 1976 1532 2036 μᾶλλον
1556 1972 1827 2036 ἐπείγεσθαι
1851 1971 1938 2035 τὴν
1959 1992 2008 2017 20

345 2054 475 2121 παρὰ
514 2059 609 2105 τῶν
648 2052 867 2118 ὑπηκόων
905 2054 1059 2118 τιμὴν,
1094 2055 1170 2105 καὶ
1210 2054 1264 2104 οὐ
1302 2058 1368 2123 τῷ
1405 2052 1597 2105 πάντων
1635 2052 1937 2106 ἀνατιθέντας

348 2134 595 2204 Δεσπότῃ,
624 2135 736 2186 ἀλλ’
764 2140 826 2189 εἰς
852 2135 906 2187 τὸ
933 2140 1078 2204 σφῶν
1104 2136 1258 2186 αὐτῶν
1280 2134 1615 2202 περιέλκοντας
1648 2132 1933 2200 πρόσωπον,

347 2220 410 2272 ὡς
447 2220 657 2268 ἐντεῦθεν
694 2218 784 2282 ἤδη
823 2219 900 2268 καὶ
937 2221 1226 2281 παρανομεῖν
1265 2219 1545 2281 ἀποτολμᾶν
1580 2215 1933 2282 εὐπετέστερον,

346 2300 488 2369 ἑτερερ
536 2297 685 2351 πάλιν
734 2301 811 2350 καὶ
861 2299 1127 2369 δριμυτάτῳ
1179 2297 1480 2367 χρησάμενος
1530 2297 1707 2368 τρόπῳ,
1757 2297 1937 2364 γυμνὸν

348 2382 504 2435 αὐτοῖς
545 2381 634 2446 ἤδη
673 2383 749 2432 καὶ
789 2380 1186 2432 ἀκατακάλυπτον
1225 2380 1435 2450 ἐξαρτύει
1471 2378 1554 2432 τὸν
1589 2378 1808 2447 ἔλεγχον.
1861 2381 1935 2431 ἐπὶ
1958 2395 2006 2434 25

347 2462 442 2530 γὰρ
487 2467 545 2531 τῇ
588 2469 671 2514 τοῦ
716 2461 972 2523 σαββάτου
1016 2463 1155 2514 λύσει
1199 2462 1482 2529 κρινόμενος,
1522 2463 1598 2513 καὶ
1643 2461 1936 2528 παρανομίας

308 2566 330 2594 o
349 2544 642 2609 ἀδικωτάτην
681 2545 926 2609 ὑπομένων
964 2545 1032 2596 ἐπ’
1074 2545 1200 2613 αὐτῷ
1243 2543 1329 2609 τὴν
1366 2543 1572 2612 γραφὴν,
1612 2543 1666 2594 οὐ
1707 2542 1814 2594 καθ’
1855 2542 1936 2593 ἕνα

347 2626 520 2678 λοιπὸν
554 2632 955 2691 πλημμελοῦντας
992 2630 1054 2680 εἰς
1093 2627 1161 2678 τὶν
1202 2628 1335 2693 νόμον,
1377 2627 1487 2677 ἀλλ’
1516 2625 1606 2690 ἤδη
1644 2623 1843 2689 σύμπαν
1879 2623 1935 2676 τὸ

347 2712 442 2760 τῶν
467 2710 708 2760 Ἰουδαίων
734 2708 865 2762 ε”θνος
899 2709 1008 2775 παρ’
1037 2707 1169 2759 οὐδὲν
1205 2708 1275 2759 ὅτι
1310 2708 1559 2773 πεποίηται
1591 2706 1652 2758 τὰ
1688 2705 1934 2760 Μωυσέως

394 2876 426 2900 2.
452 2865 645 2905 βούλεσθαι
665 2865 706 2900 Β,
864 2877 896 2907 4.
922 2863 975 2910 τε]
997 2864 1033 2898 δέ
1052 2863 1095 2898 Β.
1251 2875 1282 2908 9.
1309 2865 1354 2900 ὡς
1371 2875 1441 2898 orn.
1462 2863 1504 2897 B.
1665 2874 1718 2897 10.
1743 2863 1782 2896 τὸ
1800 2873 1871 2896 om.
1890 2861 1933 2896 B.

346 2922 402 2956 23.
427 2911 507 2956 ἤδη]
526 2911 600 2955 ᾔδει
620 2911 662 2947 Β.
784 2920 840 2956 25.
867 2911 938 2956 ἐπὶ]
959 2912 1032 2945 ἐπεὶ
1051 2911 1096 2945 D.
1218 2911 1273 2945 26.
1298 2910 1508 2956 παρανομίας
1526 2910 1620 2943 Β.Ι).
1638 2909 1849 2953 παρανομίαν
1866 2908 1933 2943 Ed.

346 2967 402 3002 27.
428 2957 498 3003 ἐπ’]
519 2959 554 2993 ἐν
573 2958 615 2993 Β.
761 2969 816 3003 29.
842 2957 895 2992 ὅτι
915 2958 1008 2993 B.D.
1027 2958 1076 2992 ἔτι
1095 2956 1161 2993 Ed.
1180 2956 1232 2991 ὅτι
1250 2963 1329 2991 ante
1347 2958 1408 3001 ἤδη
1427 2955 1618 3003 praemittit
1636 2956 1772 3001 Migne.
