2084 3317
347 171 430 210 212
750 171 799 211 Β.
833 171 1106 211 CYRILLI
1148 170 1531 210 ALEXANDR.
1716 168 1758 208 ii.
1780 181 1846 219 21,
1866 179 1932 209 22.

208 340 251 364 21
281 329 538 373 22Ἐκεῖνοε
576 331 622 373 δὲ
661 332 781 380 ἕλει-ε
819 333 917 388 Περὶ
954 335 1028 373 τοῦ
1068 335 1170 372 ναοῦ
1209 335 1282 373 τοῦ
1322 331 1521 381 σώματος
1559 331 1704 373 αὑτοῦ.
1751 331 1823 373 ὅτε
1860 326 1934 370 οὖν

415 415 573 471 ὐΓέρΘΗ
623 415 669 455 ὲκ
718 415 804 456 τῶν
849 415 1029 471 νεκρῶν,
1068 415 1338 463 ὲμνύσΘΗσαν
1381 413 1419 456 οἱ
1468 414 1654 463 μαθΗταὶ
1697 413 1826 454 αὐτοῦ
1871 412 1936 453 ὅτι

413 500 540 539 τοῦτο
589 497 722 548 Emere,
773 498 841 538 καὶ
889 496 1142 539 ἐπίστευσαν
1190 501 1241 555 τῷ
1292 501 1450 556 Γραφῇ,
1500 499 1568 539 καὶ
1617 500 1678 552 τῷ
1722 496 1838 550 λόΓῳ
1887 496 1936 537 ὃν

414 576 531 621 εἶπεν
569 581 591 622 ὁ
623 580 805 622 ἸΗσοῡε.

423 706 783 774 Εὐπαράδεκτος
810 712 876 758 τῶ
903 712 1046 778 σοφῶ
1078 712 1161 773 τῆς
1197 711 1375 777 σοφίας
1412 710 1436 760 ὁ
1472 708 1635 775 λόγος·
1676 707 1864 774 ἐνιζάνει
1890 705 1938 758 δὲ
1958 721 1980 759 5

347 792 441 838 τῶν
478 788 771 853 μαθημάτων
809 790 837 854 ἡ
877 794 1055 856 γνῶσις
1093 796 1188 844 τοῖς
1228 795 1442 845 συνετοΐς
1481 791 1828 856 εὐπετέστερον,
1863 792 1940 841 καὶ

348 869 513 936 ὥσπερ
552 872 601 921 ἐν
640 875 768 941 κηρῴ
809 871 874 935 μὴ
921 873 1031 923 λίαν
1070 872 1411 937 ἀπεσκληκότι,
1450 877 1608 925 καλῶς
1652 870 1940 940 ἐγγράφεται

310 957 443 1003 οτῶν
473 953 764 1019 σημάντρων
797 955 822 1005 ὁ
857 954 1019 1017 τύπος,
1055 955 1201 1008 οὕτως
1240 955 1289 1005 ἐν
1320 954 1692 1023 τρυφερωτέραις
1733 953 1940 1019 καρδίαις

349 1033 613 1100 ἀνθρώπων
653 1036 677 1085 ὁ
720 1040 841 1089 θεῖος
881 1037 1076 1099 ἑτοίμως
1117 1035 1408 1103 ἐμπήγνυται
1448 1035 1610 1101 λόγος·
1664 1034 1740 1086 διὰ
1777 1040 1937 1095 τοῦτο,

350 1118 426 1166 καὶ
452 1115 658 1182 πονηρὸς
686 1118 710 1167 ὁ
737 1117 1116 1184 σκληροκάρδιος
1143 1117 1432 1183 ὀνομάζεται.
1494 1121 1759 1186 σοφοῦνται
1785 1117 1941 1167 τοίνυν
1964 1136 2011 1161 10

350 1200 520 1264 ἀγαθοὶ
555 1196 641 1261 τὴν
673 1199 771 1268 ἕξιν
807 1198 936 1253 ὅντες
971 1203 1014 1250 οἱ
1049 1202 1269 1264 μαθηταὶ,
1302 1203 1376 1250 καὶ
1415 1198 1522 1253 τοὺς
1562 1198 1656 1250 ἀπὸ
1695 1201 1777 1263 τῆς
1816 1199 1941 1252 θείας

348 1283 538 1349 γραφῆς
575 1282 915 1343 ἀναμασῶνται
948 1280 1137 1347 λόγους,
1164 1285 1226 1335 εἷς
1261 1282 1603 1348 ἀκριβεστέραν
1635 1279 1825 1336 ἑαυτοὺς
1858 1281 1938 1331 ἐκ·

349 1362 601 1431 τρέφοντες
628 1367 824 1429 γνῶσιν,
852 1365 927 1414 καὶ
959 1363 1241 1429 πεπηγότως
1270 1365 1479 1415 ἐντεῦθεν
1504 1364 1578 1414 ἐπὶ
1613 1361 1667 1413 τὸ
1702 1361 1942 1413 πιστεύειν

350 1443 608 1512 ἐρχόμενοι.
677 1443 834 1508 ἐπειδὴ
874 1447 950 1496 καὶ
990 1444 1099 1498 ναὸς
1138 1444 1375 1509 ἐπεκλήθη
1419 1444 1474 1496 τὸ
1519 1449 1663 1508 σῶμα
1701 1447 1938 1510 Χριστοῦ,

351 1530 452 1579 πῶς
479 1527 563 1577 οὐκ
590 1525 648 1576 ἂν
674 1526 741 1590 ε’ίη
769 1526 889 1577 κατὰ
916 1526 1066 1595 φύσιν
1094 1525 1216 1581 Θεὸς
1243 1528 1267 1578 ὁ
1293 1529 1483 1578 ἐνοικῶν
1510 1527 1635 1595 αὐτῷ
1664 1524 1942 1595 Μονογενὴς
1966 1547 2013 1586 15

130 1622 206 1656 143
225 1621 276 1656 Α.
312 1608 524 1675 αΛόγος,
556 1608 684 1675 ε’ίπερ
724 1609 806 1659 οὐκ
846 1609 1078 1677 ἐνδέχεται
1117 1614 1346 1660 κατοικεῖν
1381 1611 1428 1660 ἐν
1460 1614 1556 1679 ναῷ
1595 1608 1824 1674 λέγεσθαι
1861 1606 1944 1658 τὸν

350 1692 434 1742 οὐκ
473 1689 588 1741 ὅντα
628 1689 783 1753 Θεόνς
832 1688 861 1754 ὴ
903 1691 1083 1756 λεγέτω
1121 1691 1378 1758 παρελθών
1416 1714 1484 1745 τις
1523 1695 1586 1744 εἷς
1623 1691 1786 1754 μέσον,
1821 1690 1945 1743 τίνος

350 1771 464 1824 ποτὲ
494 1777 587 1822 τῶν
615 1773 763 1837 ἁγίων
790 1771 900 1826 ναὸς
925 1772 1172 1838 ἀπεκλήθη
1198 1772 1252 1824 τὸ
1280 1777 1438 1837 σῶμα·
1483 1773 1593 1823 ἀλλ’
1623 1773 1706 1823 οὐκ
1733 1771 1791 1823 ἂν
1817 1769 1949 1836 οἶμαί

351 1876 420 1907 τις
470 1853 696 1921 ἐπιδεῖξαι
747 1852 801 1904 τὸ
854 1855 1111 1920 εἰρημένον·
1175 1857 1297 1923 φημὶ
1348 1854 1405 1919 δὴ
1458 1853 1642 1916 λοιπὸν,
1685 1853 1710 1905 ὃ
1761 1852 1818 1917 δὴ
1868 1856 1944 1905 καὶ

354 1935 568 2003 ὑπάρχον
594 1934 857 2000 εὑρήσομεν
884 1936 1072 2000 ἀληθὲς,
1099 1937 1305 2002 ἀκριβῶς
1341 1935 1427 2000 τὴν
1454 1937 1582 1987 θείαν
1612 1938 1944 2002 ἀνερευνῶντες
1965 1963 2015 1989 20

353 2016 559 2085 γραφὴν,
595 2019 656 2070 ὡς
695 2018 846 2068 οὐδενὶ
884 2021 978 2068 τῶν
1018 2018 1165 2083 ἁγίων
1205 2018 1231 2082 ἡ
1270 2018 1460 2082 τοιαύτη
1499 2020 1776 2084 προσῆπται
1812 2016 1941 2082 τιμή.

353 2101 429 2150 καὶ
468 2105 584 2164 γοῦν
616 2100 640 2149 ὁ
679 2099 906 2165 μακάριος
946 2099 1240 2163 Βαπτιστὴς,
1275 2101 1423 2150 καίτοι
1460 2099 1622 2164 πάσης
1656 2099 1742 2164 μὲν
1780 2100 1946 2166 ἀρετῆς

355 2185 417 2235 εἰς
453 2180 691 2247 ἀκρότητα
725 2180 957 2245 βεβηκὼς,
982 2183 1146 2245 μηδενὶ
1181 2182 1229 2233 δὲ
1263 2180 1382 2248 πρὸς
1418 2182 1663 2243 εὐσέβειαν
1688 2180 1947 2250 ἐπιτρέψας

311 2263 477 2330 ὺέχειν
527 2263 582 2314 τὸ
634 2263 801 2329 μεῖζον,
855 2261 931 2314 διὰ
980 2266 1063 2327 τῆς
1107 2263 1329 2330 “Ηρώδου
1378 2265 1546 2327 μανίας
1594 2262 1681 2327 τὴν
1730 2261 1948 2331 κεφαλὴν

355 2345 653 2408 ἀπετέμνετο,
692 2346 802 2394 ἀλλ’
845 2344 977 2396 οὐδὲν
1015 2347 1084 2396 ἐπ’
1126 2346 1252 2415 αὐτῷ
1293 2346 1481 2414 φέρεται
1520 2350 1745 2397 τοιοῦτον.
1809 2346 1860 2395 ἐκ
1899 2344 1947 2396 δὲ
1967 2363 2014 2402 25

355 2432 450 2478 τῶν
489 2427 721 2490 ἐναντίων,
756 2428 831 2477 καὶ
869 2427 1140 2494 παχυτέραν
1178 2429 1251 2478 ἐπὶ
1292 2433 1374 2478 τοῦ
1417 2427 1649 2496 λειψάνου
1691 2427 1777 2492 τὴν
1815 2427 1948 2496 λε’ξιν

355 2508 610 2573 ἐπενόησεν
644 2510 668 2559 ὁ
705 2509 1061 2574 εὐαγγελιστὴς,
1089 2512 1405 2573 οἰκονομικῶς,
1433 2508 1494 2563 ὤς
1529 2532 1584 2575 γε
1619 2532 1698 2572 μοι
1734 2510 1948 2578 φαίνεται

355 2593 431 2642 καὶ
455 2597 594 2642 τοῦτο
620 2589 777 2653 εἰπὼν,
802 2591 878 2641 ἵνα
911 2589 1040 2659 μόνῳ
1076 2590 1283 2657 σώζηται
1319 2594 1385 2660 τῷ
1412 2595 1614 2660 Χριστῷ
1647 2590 1702 2642 τὸ
1739 2591 1943 2660 ἀξίωμα.

405 2747 481 2781 1.-3
509 2735 765 2781 ὅτε-εμλεγε]
753 2735 814 2770 ε’ως
831 2750 891 2769 του
912 2735 952 2770 Β.
1042 2746 1075 2780 3.
1103 2734 1141 2769 ὃν
1160 2735 1202 2770 Β,
1221 2733 1247 2781 ῴ
1267 2735 1332 2770 Ed.
1429 2736 1462 2770 6.
1488 2735 1709 2782 μαθημάτων]
1730 2737 1886 2789 μαθητῶν
1905 2737 1947 2772 Β.

356 2783 626 2828 εὐπρεπέστερον
647 2783 687 2816 Β.
798 2783 830 2816 8,
857 2781 1082 2827 τρυφοτέραις
1100 2783 1180 2825 (sic)
1201 2782 1242 2816 Β.
1295 2782 1421 2816 Statim
1440 2784 1625 2829 ἀνθρώπων
1641 2784 1814 2828 καρδίαις
1807 2796 1947 2818 lnverSo

355 2841 394 2863 01
397 2830 477 2863 dlne
499 2830 538 2863 B.
703 2840 753 2863 12.
781 2829 1017 2872 ἀναμασῶνται
1039 2829 1083 2863 D.
1101 2829 1365 2871 ἅναμασσῶνται
1386 2830 1452 2863 Ed.
1616 2842 1668 2872 14.
1695 2829 1826 2875 ἐπειδὴ]
1850 2835 1887 2871 -f-
1909 2830 1946 2864 δέ

356 2877 634 2919 suprascriptum
656 2876 701 2910 Ῐ).
767 2875 935 2919 ἐπεκλήθη
958 2876 997 2909 Β.
1016 2875 1187 2919 ἅπεκλήθη
1208 2876 1273 2909 Ed.
1450 2888 1504 2911 20.
1531 2877 1768 2922 ἀνερευνῶντες
1788 2877 1834 2910 D.
1852 2877 1945 2921 ε’ρευ-

356 2926 473 2957 νῶντες
494 2923 760 2956 E‹1.2.(›
788 2922 974 2968 ταχυτέραν
993 2922 1037 2956 D.
1184 2932 1237 2967 27.
1266 2923 1384 2968 εὐαγγ
1373 2924 1511 2968 ελιστὴς
1531 2924 1571 2958 Β.
1593 2924 1687 2970 quod
1706 2923 1852 2969 conjecit
1869 2924 1945 2958 Au-

354 2968 485 3002 bertus.
504 2969 694 3014 βαπτιστὴς
715 2969 780 3004 Ed.
