2084 3317
111 657 134 695 5

88 1109 134 1133 10

90 1926 138 1950 20

156 163 370 207 v.44‚45.
418 152 488 194 IN
530 152 572 193 S.
607 149 946 193 ιῐοΑΝΝΕΜ.
1009 149 1134 191 LIB.
1168 149 1254 191 ΠΙ.
1319 150 1454 191 CAP.
1490 151 1551 191 Π.
1671 152 1754 191 387

155 264 272 311 σθαι
294 260 402 315 τοὺς
432 260 723 327 Φαρισαίους
757 257 888 326 παρὰ
919 265 1003 310 τοῦ
1031 262 1253 325 Σωτῆρος
1288 259 1422 322 ἡμῶν
1447 262 1664 324 Χριστοῦ
1700 256 1754 307 τὸ

155 342 395 407 εἰρημένον
420 344 537 405 ἐστὶ,
564 340 845 409 πράγματος
870 341 1097 405 ἐσομένου
1128 342 1226 392 κατ’
1256 344 1423 391 οἰκεῖον
1448 338 1611 406 καιρὸν
1635 362 1746 405 προ-

156 424 352 491 φητείαν
378 424 614 493 εἰσφέρον.

178 566 278 608 Hebe
315 566 497 610 δύνασθε
540 568 768 619 Πιστεύειν,
806 567 937 610 δόξαν
976 566 1092 623 Παρὰ
1137 566 1384 622 ἀνθρώπων
1424 566 1728 616 λαμβάνοντες,
1773 574 1820 606 44

287 650 363 691 τὴν
401 650 446 692 δὲ
485 650 616 694 δόξαν
650 650 727 692 τὴν
763 649 878 707 Παρὰ
917 654 991 691 τοῦ
1029 650 1162 698 μόνου
1194 649 1304 690 Θεοῦ
1344 650 1391 690 οὐ
1430 646 1617 706 ςΗτεῖτε·
1772 645 1798 685 d

231 761 595 826 Φιλαρχοῦντας
640 759 730 823 ἠδη
775 781 851 809 και
901 758 986 812 τὰς
1037 758 1094 827 ἐξ
1141 757 1365 827 ἀνθρωπων
1405 756 1544 822 τιμὰς
1593 780 1754 808 ποιου-

153 840 320 903 μένους
360 842 467 906 περὶ
511 845 702 891 πολλοῦ
746 863 855 893 τους
900 841 1193 905 Φαρισαίους
1237 839 1433 907 ἐλέγχει,
1479 837 1754 902 λεληθότως

155 921 532 983 ὑπαινιττόμενος
560 921 720 987 ὅτιπερ
757 920 954 989 σφόδρα
989 927 1182 972 ποιοῦσι
1219 925 1386 982 κακῶς,
1413 920 1472 971 τὰ
1500 920 1753 984 νοσήματα

153 1005 236 1066 τῆς
281 1003 449 1056 οἰκείας
495 1006 658 1071 ψυχῆς
699 1002 1010 1069 περιτιθέντες
1054 1002 1275 1063 ἀβούλως
1313 1006 1380 1072 τῷ
1420 1001 1540 1053 κατὰ
1577 1001 1755 1066 μηδένα

153 1082 330 1150 τρόπον
357 1090 516 1136 νοσεῖν
542 1084 682 1136 εἰδότι
709 1089 833 1154 Θεῷ.
888 1082 987 1136 εἶτα
1022 1088 1105 1148 τῆς
1140 1085 1423 1154 φιλοδοξίας
1457 1084 1610 1152 ἀπρὶξ
1642 1086 1748 1151 ἐχο-

153 1166 334 1229 μένους,
361 1168 415 1217 δι’
442 1166 588 1230 αὐτὴν
614 1166 673 1218 τὰ
710 1166 956 1218 κάλλιστα
994 1166 1280 1233 ζημιοῦσθαί
1307 1173 1448 1235 φησι,
1477 1165 1562 1230 τὴν
1589 1167 1754 1218 πίστιν

154 1247 211 1312 δὴ
236 1248 391 1315 λέγων
416 1248 502 1314 τὴν
529 1253 593 1303 εἷς
619 1248 776 1300 αὐτόν·
822 1248 937 1315 ὅπερ
969 1249 1026 1314 δὴ
1063 1252 1138 1300 καὶ
1175 1250 1200 1299 ὁ
1230 1253 1428 1303 Παῦλος
1454 1249 1564 1312 ἡμῖν
1591 1249 1756 1314 ὁρᾶται

154 1329 296 1381 εἰπὼν
340 1336 512 1399 σαφῶς
560 1339 585 1361 “
612 1335 670 1382 Εἰ
722 1330 815 1398 γὰρ
869 1331 949 1394 ἔτι,
994 1334 1161 1399 φησὶν,
1207 1330 1473 1396 ἀνθρώποις
1527 1331 1751 1395 ἤρεσκον,
1818 1340 1982 1371 Gal-UO·

156 1420 183 1441 ‘⁶
209 1417 426 1478 Χριστοῦ
462 1417 633 1468 δοῦλος
669 1414 753 1464 οὐκ
789 1412 848 1464 ἂν
880 1412 1051 1478 ἥμην.”
1103 1414 1284 1482 πέφυκε
1316 1414 1473 1464 τοίνυν
1504 1412 1669 1479 ὥσπερ
1704 1413 1796 1481 Ege

156 1495 363 1561 ἀνάγκης
389 1497 670 1560 συμβαίνειν
690 1500 786 1549 τοῖς
812 1494 897 1548 τὰς
923 1495 979 1563 ἐξ
1003 1495 1268 1561 ἀνθρώπων
1292 1494 1579 1560 θηρωμένοις
1606 1494 1758 1558 τιμὰς,

155 1576 208 1628 τὸ
247 1581 332 1642 τῆς
371 1577 550 1629 ἄνωθεν
584 1579 867 1629 ἀποπίπτειν
900 1576 1043 1646 δόξης
1078 1580 1153 1628 καὶ
1188 1576 1318 1645 παρα
1350 1579 1459 1628 Θεοῦ
1495 1582 1578 1627 τοῦ
1614 1576 1754 1644 μόνον,

157 1659 279 1710 καθά
319 1664 470 1729 φησιν
505 1660 529 1710 ὁ
564 1659 749 1726 Σωτήρ.
802 1658 948 1723 μόνον
980 1658 1028 1709 δὲ
1062 1658 1211 1710 πάλιν
1239 1661 1363 1727 φησὶ
1399 1659 1483 1709 τὸν
1510 1657 1635 1709 Θεὸν
1661 1663 1757 1711 τοῖς

156 1745 251 1792 τῶν
285 1743 432 1793 ἐθνῶν
469 1741 894 1803 ἀντιδιαστέλλων,
928 1743 1005 1792 καὶ
1044 1742 1127 1792 οὐκ
1166 1741 1258 1810 ἔξω
1297 1743 1437 1794 τιθεὶς
1474 1739 1640 1792 ἑαυτὸν
1674 1743 1756 1803 τῆς

1817 1818 1923 1857 Supra
1938 1818 1979 1856 46

158 1826 229 1875 τοῦ
252 1824 377 1892 μόνον
403 1827 555 1887 τιμῆς.
611 1824 852 1885 ἀναβαίνει
879 1822 987 1889 γὰρ,
1019 1822 1230 1890 καθάπερ
1257 1823 1345 1887 ἤδη
1371 1822 1610 1877 πολλάκις
1633 1823 1754 1889 εἶρή-
1816 1861 1846 1895 (ἶ,
1870 1871 1930 1902 229
1945 1862 1975 1899 b,

157 1928 318 1969 καμεν,
349 1910 411 1960 εἰς
443 1907 556 1968 μίαν
589 1904 808 1970 θεότητος
845 1905 996 1973 φύσιν
1027 1928 1076 1957 τε
1113 1908 1187 1957 καὶ
1227 1905 1374 1974 δόξαν
1411 1908 1492 1969 τῆς
1530 1905 1666 1970 ἁγίας
1706 1928 1754 1955 τε
1821 1904 1881 1989 ΞΞΞ
1894 1916 1923 1979 ᾖ

159 1990 233 2039 καὶ
261 1989 515 2051 ὁμοουσιόυ
541 1987 747 2054 Τριοῖδος
773 1987 827 2039 τὸ
855 1987 1107 2055 πλήρωμα.

1773 2071 1793 2094 a
1827 2061 1911 2096 263
1928 2060 1978 2095 A.

158 2135 230 2177 ΛΛΡι
271 2133 436 2178 δοκεῖτε
475 2138 538 2179 ὅτι
577 2137 662 2184 {ej-0³0
696 2137 979 2194 κατΗΓορύσω
1013 2137 1131 2185 ὑμῶν
1167 2137 1273 2193 Πρὸς
1312 2137 1384 2178 τὸν
1416 2138 1600 2193 Πατέρα·
1641 2138 1752 2178 ἔστιν
1775 2144 1823 2181 45

297 2220 319 2261 ὁ
360 2220 610 2277 κατΗΓορών
650 2220 767 2269 ὑμῶν
805 2220 1012 2272 ΛΛωυῡΡιε,
1051 2219 1110 2261 εἰς
1148 2222 1197 2265 ὃν
1236 2220 1352 2270 ὑμεῖς
1391 2220 1614 2262 ἠλπίκατε.

235 2326 513 2397 Φιλοδόξως
546 2332 738 2392 μᾶλλον
764 2328 883 2395 ἥπερ
911 2329 1120 2391 εὐσεβῶς
1157 2328 1323 2395 διαζῆν
1349 2330 1619 2394 ἐπείγεσθαι
1650 2328 1756 2381 τοὺς

162 2410 452 2476 Φαρισαίους
496 2409 650 2471 εἰπὼν,
697 2409 773 2461 διά
823 2433 872 2462 τε
916 2416 1056 2462 τοῦτο
1101 2411 1222 2478 πρὸς
1273 2412 1476 2477 ἄμετρον
1520 2411 1756 2462 ἀπείθειαν

160 2493 414 2543 ἀποκλῖναι
457 2491 665 2561 διδάξας,
711 2494 786 2543 καὶ
833 2493 890 2562 ἐξ
932 2494 1074 2544 αὐτοῦ
1120 2499 1246 2562 φησι
1294 2492 1756 2562 κατηγορηθήσεσθαι

162 2572 404 2635 Μωυσέως,
433 2574 504 2642 ἐφ’
543 2571 671 2642 ᾧπερ
708 2573 766 2638 ἧν
800 2575 905 2630 ε”θος
944 2576 1099 2630 αὐτοῖς
1138 2576 1213 2627 καὶ
1252 2577 1362 2627 λίαν
1396 2574 1594 2629 εὐτόνως
1630 2575 1750 2626 ἀπο-

162 2654 497 2719 σεμνύνεσθαι.
543 2658 618 2707 καὶ
644 2661 760 2722 γοῦν
779 2657 1003 2723 λέγοντός
1029 2680 1143 2709 ποτε
1169 2663 1253 2709 τοῦ
1279 2659 1328 2708 ἐκ
1354 2659 1543 2724 γενετῆς
1568 2662 1756 2724 τυφλοῦ
1775 2667 1800 2707 b

214 2824 243 2847 Ι.
272 2814 423 2857 Χριστοῦ
441 2819 663 2858 assumptum
681 2826 723 2848 ex
743 2814 785 2849 B.
980 2828 1013 2857 4.
1041 2816 1131 2860 παρὰ
1148 2815 1334 2859 ἀνθρώπων
1353 2814 1394 2848 Β.
1411 2813 1489 2858 παρ’
1507 2813 1668 2857 ἀλλήλων
1688 2813 1754 2849 Ed.

164 2861 195 2894 8.
217 2862 274 2904 τῆς
293 2860 413 2895 οἰκείας
431 2860 548 2905 ψυχῆς
565 2861 605 2894 τὰ
624 2860 797 2905 νοσήματα
815 2862 952 2896 inverso
971 2861 1094 2896 ordine
1114 2862 1155 2897 B.
1236 2872 1287 2895 12.
1306 2863 1431 2895 ἑαυτῶν
1449 2873 1511 2905 pro
1529 2861 1575 2896 εἷς
1592 2861 1693 2894 αὐτόν
1713 2861 1753 2894 Β.

163 2905 406 2988 δὴᾶ-εἷπὲν]
393 2908 468 2950 ημῖν
486 2921 537 2940 και
556 2909 573 2941 ὁ
592 2910 729 2943 Πιιιλος
747 2909 916 2943 διειπῶν
901 2910 1017 2953 ορᾶται
1040 2909 1303 2953 B.17.
1330 2909 1387 2942 τὸν
1405 2909 1490 2941 Θεόν
1508 2909 1597 2953 φησι
1617 2908 1754 2942 inverso

164 2965 203 2987 01
231 2966 285 2988 Ine

904 3023 1021 3064 3D2
