2021 3296
123 157 150 198 i.
167 171 207 210 4.
363 157 437 198 IN
479 158 521 198 S.
555 155 890 198 JOANNEM.
953 154 1078 195 LIB.
1111 154 1147 194 I.
1209 154 1343 194 CAP.
1377 155 1481 195 VH.
1659 157 1709 196 81

122 265 308 333 Πατὴρ,
335 265 426 333 ζωὴ
461 266 545 331 μὲν
575 268 624 319 ἐν
654 271 749 321 τοῖς
784 264 1015 330 δεομένοις
1053 264 1185 331 ζωῆς·
1245 268 1347 333 φῶς
1381 263 1430 315 δὲ
1464 262 1612 315 πάλιν
1637 266 1713 314 καὶ

121 347 228 414 ζωὴ,
254 349 304 400 ἐν
328 353 423 403 τοῖς
450 349 568 416 ζωῆς
593 350 669 400 καὶ
699 347 858 417 φωτὸς
889 346 1137 411 δεομένοις.
1192 347 1268 397 καὶ
1303 344 1379 396 διὰ
1413 344 1552 396 τοῦτό
1589 349 1713 414 φησι

124 434 212 480 Καὶ
254 433 275 491 ἡ
315 429 398 501 ζωὴ
435 427 477 491 ἦν
508 432 556 482 ‘rb
595 430 693 500 φῶς
727 430 808 482 τῶν
839 427 1077 499 ἀνθρώπων,
1107 428 1366 491 τουτέστιν,
1398 429 1423 478 ὁ
1461 425 1521 478 τὰ
1558 426 1714 479 πάντα

121 510 365 578 ζωογονῶν
405 511 526 566 Θεὸς
566 511 737 578 Λόγος,
776 512 804 575 ἡ
849 512 897 562 ἐν
933 514 1058 562 πᾶσι
1099 514 1196 564 τοῖς
1240 510 1349 561 οὖσι
1394 507 1500 574 ζωὴ,
1541 510 1616 559 καὶ
1659 508 1714 560 τὸ

79 593 315 659 5λογικὸν
365 593 551 663 φωτίζει
601 593 738 662 ζῷον,
793 595 868 644 καὶ
918 596 1015 646 τοῖς
1064 591 1305 645 συνέσεως
1356 593 1579 645 δεκτικοῖς
1628 589 1716 655 τὴν

120 673 317 726 σύνεσιν
355 675 752 745 ἐπιδαψιλεύεται·
802 675 878 726 ἵνα
915 674 1124 741 σώζηται
1162 675 1237 725 καὶ
1279 673 1423 741 ἰσχύῃ
1463 677 1620 727 καλῶς
1658 671 1712 724 τὸ

132 757 142 772 2
177 757 192 775 X
274 761 293 771 Α
409 758 421 774 Ι
641 756 652 772 Ι
944 757 953 772 Ι
1039 755 1051 772 ἱ
1140 755 1161 773 >l
1293 754 1311 774 ὸ
1396 756 1405 770 5
1478 754 1499 772 ³(
1683 755 1708 771 θ’

119 779 193 808 επι
237 780 295 825 τῃ
343 780 492 808 κτισει
536 768 795 823 λεγομενον
833 764 861 786 “
887 761 948 808 Τι
993 779 1086 822 γαρ
1132 778 1249 824 εχεις
1292 779 1316 806 ο
1356 778 1439 806 ουκ
1479 760 1680 817 ελαβες;
1731 765 1788 807 b1

117 844 319 891 πλουτεῖ
349 839 441 907 γὰρ
473 839 605 890 οὐδὲν
630 839 809 891 οἴκοθεν
835 839 862 902 ἡ
897 837 1070 904 γενητὴ
1106 840 1182 888 καὶ
1217 837 1504 902 πεποιημένη
1542 836 1708 905 φύσις,

118 919 230 971 ἀλλ’
271 920 386 988 ὅπερ
430 920 488 971 ἂν
529 921 708 989 ἔχουσα
752 922 981 990 φαίνοιτο,
1020 924 1159 970 τοῦτο
1202 917 1391 973 πάντως
1435 920 1538 969 ἐστὶ
1581 917 1713 984 παρὰ

52 1018 101 1043 10
120 1006 260 1066 Θεοῦ,
298 1008 382 1054 τοῦ
420 1004 496 1054 καὶ
535 1001 588 1054 τὸ
628 1001 756 1065 εἶναι,
796 1004 872 1053 καὶ
913 1001 1041 1056 ὅπως
1083 1001 1287 1052 ἕκαστον
1325 998 1439 1051 εἶναι
1479 999 1712 1066 προσήκει

117 1083 436 1153 χαριζομένου.
491 1086 541 1136 εὖ
581 1084 630 1136 δὲ
665 1084 813 1137 πάλιν
844 1082 899 1135 τὸ
935 1079 978 1144 ἧν
1008 1084 1082 1134 ἐπὶ
1119 1085 1201 1146 τῆς
1237 1082 1355 1149 ζωῆς
1386 1082 1599 1145 τέθειται,
1635 1082 1712 1132 ἵνα

116 1170 336 1235 πανταχῆ
371 1165 426 1219 τὸ
461 1168 617 1221 ἁϊδίως
655 1164 770 1218 εἶναι
808 1166 1016 1234 σημαίνῃ
1056 1163 1140 1216 τὸν
1168 1163 1344 1230 Λόγον,
1381 1165 1457 1215 καὶ
1496 1162 1581 1217 τὰς
1617 1167 1713 1215 τῶν

118 1247 332 1314 ἀνοήτων
372 1249 615 1318 ἀνακόπτῃ
664 1249 915 1318 φλυαρίας,
958 1248 1011 1316 ἐξ
1062 1248 1145 1298 οὐκ
1196 1246 1346 1298 ὅντων
1386 1247 1496 1311 ἡμῖν
1541 1249 1709 1315 εἰσφε-

118 1331 297 1397 ρούσας
340 1331 424 1384 τὸν
462 1330 595 1393 Υἱὸν,
638 1331 753 1398 ὅπερ
797 1330 887 1400 ὅλῃ
934 1327 1204 1398 μαχόμενον
1245 1328 1462 1398 φαίνεται
1507 1332 1565 1396 τῇ
1612 1328 1713 1397 θείᾳ

51 1432 99 1470 15
119 1417 302 1482 γραφῇ-

194 1499 314 1563 Περὶ
350 1495 436 1561 μὲν
475 1497 556 1548 οὖν
593 1499 676 1560 τῆς
714 1502 797 1548 τοῦ
837 1496 999 1562 Λόγου
1042 1494 1160 1561 μετὰ
1200 1493 1393 1562 Πατρὸς
1435 1494 1709 1559 ἀϊδιότητος,
1729 1518 1751 1546 ο

119 1578 386 1645 ἀρκούντως
423 1579 513 1644 ἤδη
552 1578 857 1648 διειληφότες,
897 1579 946 1630 ε”ν
983 1601 1032 1629 τε
1075 1581 1142 1647 τῷ
1184 1577 1473 1647 προκειμένῳ
1518 1576 1711 1646 βιβλίῳ,

119 1662 195 1710 καὶ
228 1664 295 1729 τῷ
329 1662 429 1712 κατ’
457 1661 654 1725 ἐπίκλην
680 1664 937 1730 Θησαυρῷ,
964 1664 1112 1725 σιγᾶν
1144 1659 1265 1726 ἔχειν
1303 1658 1564 1723 οἰησόμεθα
1600 1661 1712 1710 δεῖν.

118 1739 145 1792 ὃ
183 1739 231 1792 δὲ
268 1741 326 1806 δὴ
364 1747 459 1793 τῶν
492 1744 807 1809 προκειμένων
833 1741 1044 1811 εἰσφέρει
1078 1745 1269 1805 μᾶλλον
1301 1741 1412 1804 ἡμῖν
1446 1740 1475 1804 ἡ
1510 1737 1712 1803 διάνοια,

49 1848 100 1872 20
118 1828 258 1875 τοῦτο
295 1826 371 1875 καὶ
408 1824 544 1888 μάλα
584 1823 838 1890 προθύμως
883 1825 945 1876 ὡς
985 1822 1050 1873 ε”νι
1091 1822 1309 1886 μάλιστα
1352 1820 1711 1887 βασανίζοντες,

118 1905 310 1960 ἑαυτούς
343 1928 394 1958 τε
430 1908 684 1976 ὠφελῆσαι
710 1904 1053 1968 σπουδάσομεν
1079 1905 1154 1955 καὶ
1189 1903 1297 1958 τοῦς
1333 1904 1532 1970 ὕστερον
1557 1904 1709 1954 ἐντευ-

118 1988 356 2058 ξομένους,
385 1992 510 2039 Θεοῦ
535 1987 685 2039 πάλιν
711 1988 820 2052 ἡμῖν
847 1989 922 2038 καὶ
947 1986 1095 2054 θύραν
1121 1988 1197 2037 καὶ
1223 1986 1383 2049 στόμα
1417 1990 1515 2040 τοῖς
1550 1984 1714 2051 λόγοις

117 2070 404 2137 ἀνοίγοντος.

193 2153 260 2204 Τί
290 2153 371 2204 οὖν
406 2152 497 2219 ἄρα
532 2150 682 2204 πάλιν
715 2153 826 2217 ἡμῖν
861 2152 886 2202 ὁ
923 2149 1251 2220 χριστομοῖχος
1284 2152 1385 2217 ε’ρεῖ,
1412 2148 1460 2202 r&
1499 2149 1599 2220 φῶς
1633 2149 1712 2201 τῶν

50 2251 99 2290 25
119 2234 342 2305 ἀνθρώπων
384 2233 637 2298 μανθάνων
682 2234 907 2302 ὑπάρχειν
949 2231 1036 2298 τὴν
1077 2231 1201 2304 ζωὴν,
1243 2232 1475 2295 τουτέστι,
1518 2230 1601 2283 τὸν
1641 2233 1753 2282 ἀεὶᾶ

118 2315 268 2383 ζῶντα
320 2314 444 2368 Θεὸν
490 2315 680 2382 Λόγον,
742 2316 893 2370 ποίοις
941 2316 1064 2380 ἡμᾶς
1117 2313 1559 2384 κατασφενδονήσει
1618 2319 1707 2363 λο-

117 2404 324 2465 γισμοῖς,
351 2397 464 2449 ὅταν
495 2401 558 2452 εἰς
591 2397 741 2461 μέσον
772 2397 956 2462 ἥκωμεν
991 2396 1212 2463 λέγοντες
1239 2399 1296 2448 Εἰ
1331 2395 1396 2460 μὴ
1435 2393 1556 2448 Θεὸς
1591 2393 1711 2445 κατὰ

118 2479 269 2550 φύσιν
295 2482 425 2531 ἐστὶν
450 2480 475 2530 ὁ
502 2479 630 2543 Υἱὸς,
658 2481 735 2530 καὶ
757 2482 840 2543 τῆς
866 2484 949 2530 τοῦ
976 2478 1295 2544 γεννήσαντος
1322 2478 1489 2531 οὐσίας
1515 2475 1709 2542 καρπὸς,

118 2566 157 2613 εἰ
196 2561 262 2626 μὴ
304 2566 406 2630 φῶς
448 2562 558 2625 ἡμῖν
597 2561 823 2625 ἀληθινὸν
861 2563 911 2612 ἐκ
953 2560 1112 2629 φωτὸς
1152 2559 1427 2628 ἐξέλαμψεν
1468 2560 1708 2622 ἀληθινοῦ,

52 2668 102 2703 30
120 2643 294 2713 ἔξωθεν
344 2642 393 2693 δὲ
443 2647 519 2694 καὶ
570 2641 709 2698 αὐτὸς
764 2641 943 2708 ὑπέστη
995 2641 1114 2693 κατὰ
1163 2642 1249 2706 τὴν
1300 2642 1430 2704 ὑμῶν
1480 2639 1703 2704 ἀμαθίαν·

171 2789 202 2812 1.
228 2777 281 2811 καὶ
300 2778 364 2821 ζωὴ
382 2777 485 2811 πάλιν
500 2777 638 2811 inverso
656 2777 777 2812 ordine
796 2778 838 2812 Ε.
1090 2787 1121 2810 2.
1150 2776 1233 2819 ζωῆς
1250 2780 1283 2809 et
1300 2775 1415 2819 φωτὸς
1432 2773 1521 2807 inter
1539 2785 1575 2807 se
1592 2778 1706 2808 trans-

120 2824 220 2870 ponit
238 2824 280 2859 B.
346 2823 515 2867 δεομένοις
534 2823 672 2858 B.D.E.
691 2824 758 2858 Ed.
777 2836 849 2870 mg.
868 2824 1027 2868 δεομένης
1045 2823 1112 2857 Ed.
1244 2833 1278 2866 3.
1304 2821 1345 2855 τὰ
1362 2826 1585 2865 assumptum
1603 2832 1645 2854 ex
1663 2820 1707 2855 B.

124 2882 178 2916 13.
202 2871 372 2914 ἀνακόπτῃ
392 2869 480 2904 Β.Ε.
497 2870 657 2914 διακόπτῃ
677 2870 743 2905 Ed.
890 2870 943 2905 16.
970 2870 1135 2913 ἰδιότητος
1154 2868 1197 2903 Β.
1343 2867 1397 2902 18.
1424 2867 1525 2912 ἔχειν,
1544 2868 1645 2912 σιγᾶν
1665 2866 1706 2901 Β.

123 2928 179 2952 20.
206 2918 258 2952 καὶ
275 2915 385 2963 μάλα]
405 2917 458 2950 καὶ
475 2917 608 2961 μεγάλα
624 2917 678 2950 καὶ
696 2916 775 2960 (Sic)
795 2917 837 2951 E.
1046 2927 1102 2951 22.
1129 2914 1235 2960 θύραν
1250 2923 1284 2950 et
1302 2915 1413 2958 στόμα
1429 2913 1521 2949 inter
1538 2925 1575 2950 se
1592 2919 1707 2950 trans·

122 2964 221 3010 ponit
240 2964 281 2998 B.
426 2971 482 3009 27.
508 2963 636 3008 ἥκωμεν
654 2963 742 2999 Β.Ε.
761 2963 882 3009 ἥκομεν
899 2963 966 2998 Ed.

182 3031 279 3059 VOL.
304 3032 332 3059 1.
917 3031 948 3057 M

1775 813 1791 846 7

1805 764 1876 795 Cor.
1894 763 1936 794 iv.
