2084 3317
372 160 456 198 426
775 157 824 197 B.
859 157 1135 197 CYRILLI
1177 156 1557 197 ALEXANDR.
1732 156 1787 197 vi.
1811 158 1875 207 16,
1897 168 1960 210 17.

373 264 596 332 οὐρανοὺς
642 270 786 335 καιρῷ
830 270 897 334 τῷ
940 267 1167 331 πρέποντι
1212 264 1297 330 τὴν
1341 268 1424 330 τῆς
1467 266 1720 326 βασιλείας
1764 267 1961 334 ἐκφανε-

372 349 548 415 στέραν
584 348 804 417 ἐπίδειξιν
842 346 1280 411 ἀποταμιευόμενος.

308 475 451 516 16‘Qc
501 475 546 516 δὲ
595 474 698 524 ὀψία
748 474 932 523 ἐΓένετο,
984 475 1222 522 κατέβΗσαν
1272 472 1310 514 οἷ
1359 473 1547 522 μαΘΗταὶ
1594 473 1724 515 αὐτοῦ
1768 472 1834 514 ἐπὶ
1883 474 1960 514 τήν

307 565 351 603 17
442 559 674 608 θάλασσαν,
716 556 784 597 καὶ
826 557 1032 605 ἐμβάντες
1077 554 1136 597 εἰς
1180 554 1332 598 Πλοῖον
1375 558 1555 613 ἤρχοντο
1598 558 1734 613 Πὲραν
1775 562 1848 597 τῆς
1889 565 1961 597 θα-

333 653 353 679 c
440 642 602 682 λάῡσΗε
640 637 700 680 εἷς
741 638 1046 695 Καφαρναούμ.
1983 649 2004 686 5

446 730 741 799 Παραδόξως
793 732 1195 785 ἀποτελεσθέντος
1246 736 1330 782 τοῦ
1376 731 1567 797 πρώτου
1614 732 1823 795 σημείου,
1862 731 1963 797 ῥίζα

369 811 516 864 πάλιν
553 813 627 862 καὶ
667 809 822 877 ἑτέρου
861 815 935 862 καὶ
973 812 1220 879 πρόφασις
1261 813 1287 875 ἡ
1327 812 1396 863 ἐπ’
1435 814 1590 882 ἐκείνῳ
1630 814 1760 880 φυγή
1799 835 1848 863 τε
1887 814 1960 863 καὶ

369 894 670 962 ἀναχώρησις
710 898 1012 957 οἰκονομικῶς
1045 895 1323 960 εὑρίσκεται,
1354 897 1429 945 καὶ
1463 895 1720 961 πορεύεται,
1755 892 1873 945 κατὰ
1907 892 1961 944 τὸ

144 980 270 1054 fxssxiii.
369 976 710 1043 γεγραμμένον,
745 984 770 1006 “
792 979 840 1027 ἐκ
880 976 1117 1040 δυνάμεως
1155 981 1218 1031 εἷς
1258 976 1482 1040 δύναμιν”
1521 977 1546 1026 ὁ
1587 975 1959 1041 θαυματουργός.

147 1067 175 1096 s.

369 1057 524 1122 ἐπειδὴ
551 1057 645 1125 γὰρ
672 1057 870 1124 ἐζητεῖτο
897 1058 982 1122 μὲν
1009 1063 1070 1112 εἰς
1096 1058 1306 1118 βασιλέα
1333 1058 1462 1125 παρὰ
1488 1063 1582 1110 τῶν
1608 1057 1677 1109 ἐπ’
1705 1059 1860 1127 ἐκείνῳ
1895 1059 1961 1127 τῷ
1985 1081 2033 1107 ιο

368 1141 564 1211 μεγάλῳ
599 1140 1069 1206 καταπεπληγμένων
1095 1141 1310 1203 θαύματι,
1336 1146 1587 1209 παρῃτεῖτο
1622 1140 1671 1192 δὲ
1704 1139 1843 1194 αὐτὸς
1877 1139 1961 1192 τὰς

325 1225 416 1274 ᾶέν
444 1223 610 1293 κόσμῳ
637 1221 773 1286 τιμὰς
801 1223 920 1273 κατὰ
947 1222 1053 1276 τοὺς
1081 1223 1169 1286 ἤδη
1195 1224 1606 1289 προαποδοθέντας
1639 1221 1827 1286 λόγους·
1871 1221 1960 1272 ἔδει

367 1304 424 1368 δὴ
451 1303 639 1358 πάντως
666 1306 740 1355 καὶ
765 1305 923 1355 τόπων
948 1305 1103 1366 αὐτὸν,
1131 1309 1321 1366 μᾶλλον
1349 1302 1397 1354 δὲ
1435 1305 1626 1367 ἁπάσης
1661 1307 1741 1367 τῆς
1777 1304 1960 1354 ἐκείνων

366 1388 725 1438 ἀπανίστασθαι
756 1386 927 1453 χώρας.
978 1387 1053 1437 ἵνα
1093 1387 1248 1437 τοίνυν
1282 1389 1358 1437 καὶ
1393 1388 1697 1437 ἀποπλεῦσαι
1730 1388 1858 1452 δοκῇ,
1885 1386 1960 1435 καὶ

365 1469 448 1519 τὸν
491 1473 586 1519 τῶν
635 1467 973 1533 ἐπιζητούντων
1026 1469 1346 1536 ὑποχαυνώσῃ
1398 1467 1550 1529 τόνον,
1603 1469 1959 1532 προαποδημεῖν
1986 1488 2029 1522 15

365 1549 595 1602 ἐπιτάττει
621 1555 716 1603 τοῖς
742 1554 986 1614 μαθηταῖς,
1014 1551 1234 1613 ἀπομένει
1262 1550 1310 1600 δὲ
1336 1549 1475 1603 αὐτὸς
1502 1550 1781 1617 εὐαφόρμως
1806 1551 1880 1601 ἐπὶ
1905 1548 1959 1600 τὸ

362 1633 535 1702 ἐφεξῆς
569 1638 768 1697 σημεῖον
801 1632 1067 1700 ἐρχόμενος’
1112 1631 1170 1697 ἦν
1204 1631 1296 1699 γὰρ
1336 1632 1392 1696 δὴ
1433 1635 1507 1683 καὶ
1548 1634 1655 1682 λίαν
1688 1633 1961 1686 ἐσπουδασ-

364 1716 503 1778 μένον
529 1717 655 1785 αὐτῷ
681 1715 735 1766 τὸ
763 1714 839 1766 διὰ
865 1714 1026 1775 πάσης
1062 1717 1282 1782 ἀφορμῆς
1318 1716 1393 1765 καὶ
1428 1713 1710 1780 πράγματος
1735 1719 1962 1775 βεβαιοῦν

326 1802 427 1851 θεὶς
464 1798 629 1849 πίστιν
664 1796 749 1861 τὴν
780 1799 853 1866 ἐφ’
882 1798 1032 1867 ἑαυτῷ
1066 1802 1161 1848 τῶν
1193 1795 1483 1848 ἀποστόλων
1514 1796 1597 1848 τὸν
1632 1801 1753 1847 νοῦν.
1805 1794 1960 1858 ἐπειδὴ

365 1879 458 1945 γὰρ
485 1880 688 1940 ἔμελλον
715 1879 913 1930 ἔσεσθαι
947 1882 1029 1942 τῆς
1067 1879 1337 1943 οἰκουμένης
1373 1876 1669 1941 διδάσκαλοι,
1697 1879 1772 1928 καὶ
1796 1875 1961 1943 ὥσπερ
1982 1901 2031 1925 20

143 1958 228 1990 Phil.
248 1959 281 1989 ii.

147 2011 196 2042 15·
365 1961 484 2016 τινὲς
531 1969 556 1991 “
578 1964 831 2030 φωστῆρες
883 1960 1175 2029 διαλάμψειν
1223 1962 1270 2011 ἐν
1321 1960 1528 2029 κόσμῳ,”
1578 1959 1697 2011 κατὰ
1749 1957 1835 2023 τὴν
1878 1965 1961 2010 τοῦ

368 2042 570 2094 Παύλου
607 2042 786 2111 φωνὴν,
813 2042 1075 2107 ἀναγκαίαν
1102 2043 1256 2095 αὐτοῖς
1292 2041 1378 2106 τὴν
1403 2042 1476 2110 ἐφ’
1505 2040 1660 2093 ἅπασι
1695 2046 1792 2094 τοῖς
1829 2044 1957 2109 ὡφε-

366 2130 467 2176 λεῖν
506 2124 776 2193 πεφυκόσιν
817 2126 1013 2175 ἐποιεῖτο
1054 2124 1388 2190 χειραγωγίαν.
1456 2129 1596 2174 τοῦτο
1640 2122 1735 2189 γὰρ
1777 2120 1835 2186 ἧν
1874 2124 1961 2192 οὐχ

366 2206 493 2260 ὅπως
525 2208 711 2261 ἐκείνοις
747 2205 1022 2274 χαρίζεσθαι
1058 2205 1231 2269 μόνοις,
1258 2204 1389 2256 ἀλλὰ
1427 2207 1500 2255 καὶ
1535 2210 1632 2259 τοῖς
1668 2206 1779 2271 παρ’
1808 2206 1962 2256 αὐτῶν

365 2288 890 2355 παιδαγωγηθήσεσθαι
925 2287 1191 2351 μέλλουσιν
1218 2291 1280 2341 εἷς
1314 2286 1400 2351 τὴν
1426 2286 1495 2338 ἐπ’
1525 2287 1651 2356 αὐτῷ
1685 2285 1961 2355 κατάληψιν
1982 2308 2029 2345 25

367 2372 575 2434 ἀπλανῆ.

439 2450 603 2503 Ἀλλὰ
636 2456 719 2502 τοῦ
757 2450 814 2515 δὴ
852 2450 1004 2519 χάριν,
1034 2453 1130 2518 ἐρεῖ
1160 2474 1229 2505 τις
1265 2451 1422 2519 τυχὸν,
1449 2451 1567 2514 μετὰ
1597 2451 1683 2515 τὴν
1708 2452 1776 2502 ἐπ’
1806 2450 1960 2520 ἐκείνῳ

365 2534 720 2600 μεγαλουργίαν
759 2531 893 2588 εὐθὺς
931 2533 985 2584 τὸ
1024 2532 1256 2584 δύνασθαι
1295 2535 1371 2584 καὶ
1410 2535 1477 2585 ἐπ’
1520 2534 1662 2597 αὐτῆς
1708 2533 1820 2583 ἱέναι
1867 2536 1956 2584 θα-

146 2627 236 2661 290
251 2627 299 2661 A·
329 2615 562 2679 ἃλάσσης
599 2614 682 2666 τὸν
720 2617 911 2680 Ἰησοῦν
949 2615 1246 2683 εἰσφέρεται,
1301 2614 1504 2679 πιθανὴν
1544 2614 1592 2666 δὲ
1634 2614 1828 2684 σφόδρα
1875 2613 1960 2679 τὴν

367 2699 518 2749 αἰτίαν
545 2699 570 2748 ὁ
596 2703 804 2751 τοιοῦτος
831 2697 1187 2748 ἀντακούσεται.
1243 2696 1399 2762 ἐπειδὴ
1426 2696 1519 2764 γὰρ
1544 2696 1652 2751 τοὺς
1677 2694 1761 2760 μὲν
1786 2695 1960 2763 ὄχλους
1979 2715 2029 2751 30

413 2824 446 2858 3.
473 2813 578 2859 ὀψίας
599 2813 640 2848 Β.
661 2814 747 2859 (M.)
892 2827 925 2857 4.
951 2814 1058 2859 πέραν
1077 2814 1119 2848 Β.
1138 2815 1185 2850 εἷς
1202 2816 1240 2849 τὸ
1258 2814 1364 2858 πέραν
1383 2815 1450 2849 Ed.
1597 2823 1630 2860 5.
1658 2789 1892 2859 Kagtiztaaofip
1910 2813 1957 2848 D.

367 2869 398 2905 7.
425 2861 478 2894 καὶ
496 2861 651 2906 primum
668 2866 893 2905 assumptum
911 2873 953 2895 ex
972 2861 1015 2895 B.
1126 2872 1178 2896 12.
1206 2860 1257 2906 ἐν]
1282 2866 1320 2903 -†-
1341 2864 1387 2908 τῷ
1408 2861 1474 2896 Ed.
1492 2861 1609 2896 invitis
1630 2860 1725 2895 B.D.
1841 2871 1894 2906 13.
1921 2860 1957 2894 δὲ

364 2934 428 2967 pro
446 2923 486 2965 δὴ
506 2923 549 2958 Β.
649 2933 702 2970 15.
719 2914 973 2969 προῖιποδημεῖν
992 2924 1034 2960 Β.
1133 2934 1186 2970 17.
1206 2924 1332 2970 ἐφεξῆς
1352 2924 1394 2958 Β.
1413 2925 1490 2969 ἑξῆς
1509 2923 1577 2959 Ed.
1677 2924 1730 2958 18.
1749 2922 1893 2965 βεβαίου
1914 2923 1955 2957 Β.

369 2979 421 3013 19.
449 2970 508 3012 τὴν
525 2981 595 3004 om.
615 2969 657 3005 B.
804 2982 859 3005 21.
886 2972 1088 3015 διαλάμπειν
1107 2971 1149 3006 Β.
1295 2980 1349 3016 27.
1378 2971 1428 3006 ἐπ’
1447 2983 1517 3007 om.
1538 2971 1580 3005 Β.
