2084 3317
136 146 221 187 viii.
246 161 308 202 13.
387 149 460 189 IN
503 149 545 190 S.
580 150 919 190 JOANNEM.
982 150 1182 190 LIRV.
1246 150 1378 190 CAP.
1413 151 1473 190 ΙΙ.
1640 152 1718 190 715

140 302 270 349 Εἶπον
298 307 370 351 οὖν
398 309 435 351 οἶ
464 308 693 367 Φαρισαῖοι
726 311 784 351 Σὺ
820 311 914 367 Περὶ
950 314 1129 352 σεαυτοῦ
1166 308 1406 367 μαρτυρεῖς·
1449 311 1470 351 ἡ
1509 310 1719 367 μαρτυρία
1750 322 1793 357 13

651 411 726 437 σου
765 395 840 436 οὐκ
878 396 991 437 ἔστιν
1030 395 1212 438 domem.

210 501 383 565 Νωθὴς
419 505 493 553 καὶ
527 503 789 569 βραδύνους
824 504 848 553 ὁ
876 506 1153 568 Φαρισαῖος,
1182 504 1258 552 καὶ
1294 501 1578 566 δυσάγωγος
1614 501 1722 551 λίαν

135 586 196 636 εἷς
219 581 273 634 τὸ
301 583 533 636 δύνασθαι
560 588 759 635 κατιδεῖν
786 583 872 648 τὴν
899 590 981 635 τοῦ
1010 584 1186 648 Κυρίου
1213 582 1428 647 θεότητα·
1483 587 1723 634 πλανᾶται

93 663 183 714 5δὲ
224 663 372 716 πάλιν
411 666 487 717 διὰ
528 666 613 730 τὴν
652 666 823 732 σάρκα,
864 668 938 716 καὶ
980 664 1127 717 πλέον
1169 665 1301 716 οὐδὲν
1340 670 1435 716 τῶν
1474 664 1722 730 ὁρωμένων

135 747 433 814 φαντάζεται,
486 747 612 799 πολὺ
649 747 742 814 γὰρ
776 753 872 801 τοῖς
907 747 1021 814 ὑπὲρ
1058 748 1310 814 ἄνθρωπον
1335 746 1515 815 ῥήμασι
1547 770 1717 814 κεχρη-
1741 753 1767 794 b

132 829 273 892 με’νον
304 830 439 894 ὀρῶν,
468 832 542 880 καὶ
582 827 1003 896 θεοπρεπεστάτων
1033 829 1300 882 ἐπακούσας
1339 827 1514 895 λόγων,
1541 828 1723 894 ἅνθρω-

132 934 226 962 πον
264 911 329 961 ε”τι
368 910 523 962 κοινὸν
561 913 718 974 ἐννοεΐ,
751 911 869 978 πρὸς
908 910 962 961 τὸ
1001 914 1084 975 τῆς
1123 909 1341 975 θεότητος
1379 910 1631 979 περιφανὲς
1670 912 1723 960 οὐ

132 991 343 1054 βλέπων,
373 992 478 1044 οὐδὲ
513 992 596 1044 τὸν
626 996 709 1057 τῆς
743 992 947 1046 διανοίας
982 992 1199 1058 ἀνοιγνῦς
1233 992 1491 1061 ὀφθαλμὸν
1515 991 1634 1058 πρὸς
1668 991 1722 1042 τὸ

66 1098 113 1123 10
132 1076 400 1140 ἐπαθρῆσαι
443 1074 526 1126 τὸν
562 1074 889 1139 Ἐμμανουήλ.
962 1075 1051 1125 τίνι
1094 1074 1188 1140 γὰρ
1234 1073 1293 1125 ἂν
1333 1077 1409 1125 καὶ
1451 1074 1623 1141 πρέποι
1668 1072 1722 1124 τὸ

1786 1151 1894 1192 Supra

1785 1205 1851 1225 vel*-
1874 1204 1921 1225 12.

132 1157 288 1222 λέγειν
312 1163 341 1185 “
358 1157 488 1222 Ἐγώ
516 1161 606 1219 εἶμι
631 1155 686 1207 τὸ
711 1161 794 1207 τοῦ
821 1154 1005 1218 κόσμου
1031 1155 1174 1224 φῶς,”
1204 1161 1241 1208 εἰ
1276 1154 1342 1221 μὴ
1379 1157 1445 1207 ἑνὶ
1480 1157 1557 1207 καὶ
1591 1154 1722 1225 μόνῳ

131 1242 198 1308 τῷ
235 1237 355 1289 κατὰ
395 1238 545 1306 φύσιν
577 1242 722 1308 Θεῲς
776 1238 844 1292 τίς
882 1243 977 1289 τῶν
1016 1238 1164 1303 ἁγίων
1200 1243 1464 1307 προφητῶν
1501 1239 1721 1302 τοιαύτην

132 1323 274 1371 εἰπεῖν
300 1320 606 1384 ἀπετόλμησε
635 1319 823 1388 φωνήν;
853 1325 984 1374 ποῖος
1011 1321 1120 1384 ἡμῖν
1146 1325 1241 1371 τῶν
1265 1319 1487 1386 ἀγγέλων
1512 1325 1723 1371 τοιοῦτον

132 1402 298 1471 ἕῤῥηξε
342 1400 506 1468 λόγον,
546 1402 665 1467 ὅλην
703 1403 814 1466 ἡμῖν
853 1402 937 1465 τὴν
976 1402 1293 1454 θεόπνευστον
1337 1407 1723 1469 περινοστοῦντες

66 1504 112 1542 15
131 1483 339 1554 γραφὴν,
367 1486 443 1534 καὶ
476 1483 558 1535 τὸν
583 1483 705 1550 ἱερὸν
732 1486 808 1534 καὶ
835 1488 959 1535 θεῖον
983 1484 1390 1551 περιεργαζόμενοι
1418 1483 1580 1550 λόγον,
1608 1482 1722 1534 αὐτὸ
1741 1503 1763 1530 c

132 1565 189 1630 δὴ
227 1571 366 1617 τοῦτο
406 1565 740 1616 δεικνύτωσαν.
803 1567 914 1616 ἀλλ’
953 1566 1117 1617 οὐδένα
1155 1570 1250 1617 τῶν
1288 1567 1557 1633 ἀναγκαίων
1594 1565 1717 1617 τιθέ-

131 1671 261 1711 μενοι
301 1647 464 1713 λόγον,
497 1649 702 1714 ἀντερεῖν
736 1647 807 1698 ὅτι
846 1647 1010 1713 πρέπει
1050 1648 1333 1714 λογίζονται,
1369 1651 1444 1699 καὶ
1483 1649 1552 1700 ἐπ’
1581 1649 1727 1699 ἐκεῖνο

132 1735 342 1796 χωροῦσι
369 1733 550 1796 θερμῶς
578 1729 603 1780 ὃ
629 1728 775 1793 μόνον
801 1729 969 1780 ἴσασιν
989 1731 1209 1795 ἀκριβῶς,
1233 1730 1288 1781 τὸ
1315 1734 1398 1795 τῆς
1426 1731 1726 1798 φιλοψογίας

132 1811 351 1877 ε”γκλημά
387 1817 523 1878 φημι.
577 1812 859 1878 διασύρουσι
895 1811 989 1878 γὰρ
1028 1815 1090 1866 ὡς
1129 1814 1214 1863 οὐκ
1253 1812 1368 1863 ὄντα
1405 1811 1460 1864 τὸ
1500 1816 1603 1881 φῶς
1641 1817 1724 1862 τοῦ

64 1919 114 1946 20
132 1895 329 1958 κόσμου,
357 1899 726 1960 κατηγοροῦντες
752 1898 847 1946 τῶν
872 1895 982 1961 παρ’
1012 1895 1156 1945 αὐτοῦ
1182 1894 1465 1960 λεγομένων,
1493 1895 1576 1945 οὐκ
1608 1891 1729 1944 εἶναί

1785 1971 1878 2003 Hier.
1895 1972 1938 2005 iv.

130 1998 181 2026 τε
207 1975 346 2037 αληθῆ
371 1975 457 2040 τὴν
481 1976 592 2043 παρ’
621 1977 763 2027 αὐτοῦ
788 1978 1039 2046 μαρτυρίαν
1063 1977 1486 2040 διαβεβαιούμενοι.
1521 1983 1548 2005 “
1570 1977 1723 2044 Σοφοὶ
1788 2024 1837 2045 22.

132 2065 159 2087 “
186 2056 278 2125 γάρ
330 2062 422 2109 εἱσι
473 2064 556 2109 τοῦ
609 2060 941 2122 κακοποιῆσαι,
989 2056 1042 2109 τὸ
1096 2058 1145 2109 δὲ
1195 2063 1353 2113 καλῶς
1397 2061 1594 2122 ποιῆσαι
1640 2060 1721 2109 οὐκ

131 2146 159 2170 “
186 2140 443 2206 ε”γνωσαν,”
474 2139 755 2208 ἀνατρέψειν
787 2163 836 2190 τε
874 2142 950 2191 καὶ
984 2138 1180 2209 σφόδρα
1221 2140 1460 2205 κιβδήλως
1496 2142 1718 2204 ὑπολαμ-
1741 2147 1768 2188 d

132 2220 338 2280 βάνουσι
388 2220 622 2272 δύνασθαι
671 2220 759 2285 τὴν
803 2224 1051 2292 μαρτυρίαν
1097 2223 1253 2285 αὐτοῦ,
1298 2221 1393 2273 ἀπὸ
1445 2225 1596 2291 ψιλῆς
1647 2225 1723 2273 καὶ

65 2327 112 2364 25
132 2302 278 2367 μόνης
304 2306 388 2367 τῆς
418 2302 527 2369 παρ’
556 2303 666 2367 ἡμῖν
690 2305 956 2368 συνηθείας,
983 2305 1066 2355 οὐκ
1100 2305 1150 2355 ἐκ
1186 2308 1389 2368 νομικῶν
1416 2303 1723 2366 ἐνταλμάτων

132 2386 333 2450 ἀκυροῦν
359 2386 694 2452 ἐπιχειροῦντες
720 2385 880 2450 αὐτήν.

209 2470 314 2517 Ποῦ
353 2465 447 2532 γὰρ
486 2468 511 2517 ὁ
551 2466 705 2530 νόμος,
744 2467 1102 2518 διδασκέτωσαν
1140 2467 1302 2529 πάλιν,
1342 2467 1570 2528 ἀβέβαιον
1608 2465 1726 2517 εἶναί

134 2552 258 2615 φησι
295 2547 381 2612 τήν
417 2570 540 2602 τινος
578 2550 837 2615 μαρτυρίαν
872 2551 977 2615 περὶ
1017 2551 1197 2600 ἑαυτοῦ·
1247 2548 1473 2616 φορτικὸν
1508 2548 1593 2612 μὲν
1628 2548 1721 2614 γάρ

132 2651 233 2682 πως
268 2631 384 2692 ἐστὶ,
411 2631 487 2680 καὶ
522 2630 604 2681 οὐκ
641 2629 804 2682 οἰστὸν
830 2631 933 2681 ἔσθ’
962 2629 1037 2681 ὅτε
1077 2633 1174 2681 τισὶ
1214 2630 1267 2681 τό
1305 2654 1409 2681 τινα
1448 2635 1542 2680 τῶν
1573 2630 1722 2681 ὄντων

182 2771 216 2805 5.
241 2764 361 2797 πλεῖον
380 2762 423 2797 Β.
522 2774 575 2797 12.
601 2762 728 2809 φύσιν]
753 2768 789 2805 -Ι-
812 2763 882 2799 ὅντι
901 2776 931 2798 a.
997 2763 1064 2809 τίς]
1089 2768 1125 2804 -†—
1147 2764 1213 2809 ·γὰρ
1231 2776 1262 2798 a.
1363 2774 1415 2806 14.
1443 2766 1722 2806 περινοστοῦντες

137 2808 214 2843 B.a.
231 2811 475 2853 περινοστοῦσι
496 2809 615 2844 Holst.
635 2810 702 2844 Ed.
858 2822 909 2853 15.
939 2812 998 2844 τὸν
1017 2811 1106 2855 ἱερὸν
1124 2812 1175 2844 καὶ
1194 2811 1285 2844 θεῖον
1301 2812 1598 2855 περιεργαζόμενοι
1616 2812 1722 2856 λόγον

137 2855 179 2890 Β.
197 2859 264 2890 τῶν
281 2856 377 2899 ἱερῶν
394 2856 447 2890 καὶ
465 2856 563 2890 θείων
579 2857 892 2903 περιεργαζομένοις
909 2859 1022 2902 λόγων
1043 2858 1105 2891 Ht.
1122 2857 1187 2891 Ed.
1334 2868 1388 2891 20.
1417 2856 1722 2901 τῶν-λεγομένων

137 2901 179 2936 Β.
198 2903 468 2948 τὸ-λεγόμενον
486 2903 552 2937 Ed.
693 2915 747 2938 21.
773 2904 851 2949 παρ’
871 2904 973 2938 αὐτοῦ
991 2910 1214 2948 assumptum
1232 2915 1273 2937 ex
1292 2903 1334 2938 B.
1473 2904 1528 2938 28.
1554 2906 1723 2947 πομπικὸν

136 2949 196 2992 μὲν
213 2950 278 2994 γάρ
295 2964 365 2985 πως
383 2950 458 2984 ἐστι
475 2951 528 2984 καὶ
546 2950 585 2984 οὐ
603 2951 754 2995 φορητὸν
772 2963 801 2984 a.

869 3020 896 3056 4
919 3018 941 3043 Y
967 3018 988 3044 2
