2084 3317
160 134 215 176 vi.
234 135 302 178 68,
382 136 456 178 IN
498 137 540 177 S.
575 134 915 177 JOANNEM.
978 135 1102 176 LIB.
1137 134 1215 175 IV.
1277 134 1411 176 CAP.
1447 133 1525 174 IV.
1667 132 1750 173 573

159 242 310 293 αὐτόν’
345 251 372 273 “
397 246 492 295 Καὶ
537 243 698 308 θήσεις
743 243 798 295 τὸ
841 242 1184 310 θυσιαστήριον
1227 242 1282 293 τὸ
1326 247 1538 310 χρυσοῦν
1584 244 1645 294 εὶς
1697 238 1751 290 τὸ

159 330 185 353 “
212 328 383 388 θυμιᾶν
409 326 617 377 ε’ναντιόν
643 329 725 390 τῆς
751 331 970 388 κιβωτοῦ,
991 327 1065 376 καὶ
1093 323 1332 390 ἐπιθήσεις
1356 323 1583 388 κάλυμμα
1609 345 1751 373 κατα-

159 411 186 434 “
212 405 518 469 πετάσματος
545 409 619 458 ἐπὶ
646 406 732 471 τὴν
759 408 906 474 θύραν
933 410 1014 471 τῆς
1046 409 1225 471 σκηνῆς
1259 412 1343 457 τοῦ
1376 404 1646 472 μαρτυρίου,
1676 409 1752 457 καὶ

158 494 186 516 “
213 487 266 538 τὸ
299 488 644 554 θυσιαστήριον
670 494 764 540 τῶν
790 487 1122 555 καρπωμάτων
1147 487 1310 552 θήσεις
1335 486 1465 554 παρὰ
1495 485 1580 551 τὴν
1605 485 1752 552 θύραν

114 581 136 616 5
159 575 186 598 “
211 571 294 633 τῆς
321 573 501 634 σκηνῆς
524 577 607 621 τοῦ
633 571 904 637 μαρτυρίου,
932 573 1007 622 καὶ
1036 569 1308 637 περιθήσεις
1339 568 1425 634 τὴν
1451 566 1648 633 σκηνὴν,
1675 568 1752 618 καὶ

158 657 185 680 “
211 650 368 702 πάντα
412 650 471 703 τὰ
511 654 560 703 ἐν
602 654 720 720 αὐτῇ
767 652 980 719 ἀγιάσεις
1025 652 1231 721 κύκλῳ.”
1291 651 1591 717 ἐπιτηρητέον
1631 648 1747 716 γὰρ,

158 732 285 789 ὅπως
331 736 406 785 καὶ
451 733 508 785 δι’
552 736 731 802 ἀμφοῖν
774 735 884 798 ἡμῖν
923 739 1023 785 τοῖν
1067 733 1426 800 θυσιαστηρῖοιν
1468 735 1493 784 ὁ
1537 731 1753 798 Χριστὸς

158 816 531 884 καταγράφεται.
582 818 867 879 ἀποτεθῆναι
892 816 985 882 γὰρ
1019 814 1303 884 διατεταχὼς
1328 815 1381 866 τὸ
1409 814 1753 880 θυσιαστήριον

157 896 211 948 τὸ
245 904 468 964 χρυσοῦν,
504 899 552 949 ἐν
587 896 624 967 ᾧ
663 896 717 948 τὸ
757 899 968 961 θυμίαμα
1008 898 1250 949 κατέναντι
1290 900 1372 961 τῆς
1411 901 1629 959 κιβωτοῦ,
1662 919 1749 946 κα·

90 998 138 1024 10
157 978 385 1042 λύμματα
412 980 460 1031 δὲ
487 979 562 1030 διὰ
588 979 741 1042 μέσου
767 985 869 1034 ταῖς
894 982 979 1043 τῆς
1005 983 1185 1044 σκηνῆς
1215 979 1558 1046 περιτείνεσθαι
1591 978 1753 1044 θύραις

157 1060 313 1123 εἰπὼν,
341 1064 403 1115 ὡς
441 1060 499 1112 ἂν
531 1060 596 1126 μὴ
635 1060 695 1112 τὰ
734 1061 866 1112 ε”νδον
902 1062 1066 1131 ὁρῷτο,
1096 1063 1171 1112 καὶ
1205 1060 1260 1112 τὸ
1295 1065 1391 1112 τῶν
1423 1058 1754 1126 καρπωμάτων

157 1143 501 1210 θυσιαστήριον
539 1143 670 1211 παρὰ
711 1142 795 1199 τὰς
841 1143 986 1211 θύρας
1031 1146 1114 1207 τῆς
1153 1146 1333 1208 σκηνῆς
1373 1148 1457 1194 τοῦ
1495 1142 1753 1209 μαρτυρίου

158 1229 342 1276 κεῖσθαι
368 1225 558 1288 κελεύει,
586 1227 669 1277 οὐκ
695 1225 975 1297 ἀσυμφανὲς
1002 1225 1030 1291 ἢ
1065 1224 1397 1277 διαλανθάνον·
1439 1224 1531 1294 ἔξω
1566 1223 1661 1290 γὰρ
1695 1221 1753 1287 ἧν

157 1313 241 1358 τοῦ
277 1309 716 1372 καταπετάσματος.
757 1308 845 1375 ὅρα
869 1308 1024 1359 τοίνυν
1051 1307 1206 1370 αὐτὸν,
1234 1307 1310 1359 διὰ
1345 1307 1430 1370 μὲν
1455 1312 1540 1358 τοῦ
1575 1310 1746 1357 θυσια-

1817 242 1922 273 Exod.
1934 240 1979 274 xl.

1772 834 1794 858 a
1826 825 1908 861 391
1925 824 1977 860 A.

92 1403 137 1442 15
158 1390 355 1456 στηρίου
390 1396 473 1441 τοῦ
509 1390 798 1454 θυμιάματος
833 1394 896 1445 εἷς
934 1389 1092 1454 ὀσμὴν
1121 1390 1310 1444 εὐωδίας
1341 1389 1659 1451 ἀναβαίνοντα
1685 1393 1751 1457 τῷ
1771 1396 1799 1438 b

159 1475 268 1541 Θεῷ
305 1473 382 1522 καὶ
424 1472 596 1539 Πατρί*
649 1479 788 1524 τοῦτο
826 1471 920 1538 γὰρ
960 1474 1195 1536 ὑποδηλοῖ
1227 1472 1280 1523 τὸ
1320 1472 1546 1536 θυμίαμα·
1594 1469 1671 1521 διὰ
1704 1470 1752 1521 δὲ

157 1559 241 1605 τοῦ
281 1555 625 1621 θυσιαστηρίου
663 1559 756 1606 τῶν
789 1553 1133 1621 καρπωμάτων,
1166 1557 1228 1609 ὡς
1263 1558 1389 1619 θῦμα
1425 1556 1500 1605 καὶ
1537 1552 1753 1622 σφάγιον

159 1636 274 1703 ὑπὲρ
312 1637 444 1700 ἡμῶν
481 1637 860 1703 προσαγόμενον.
929 1637 1180 1703 ἐκρύπτετο
1219 1636 1267 1687 δὲ
1307 1635 1382 1688 διὰ
1419 1641 1503 1688 τοῦ
1539 1658 1748 1686 καταπε-

159 1717 403 1782 τάσματος
442 1719 496 1769 τὸ
530 1725 741 1786 χρυσοῦν
772 1718 1132 1818 θυσιαστήριον·
1177 1718 1468 1785 κεκρυμμένη
1506 1740 1600 1784 γαρ
1634 1716 1692 1782 ἧν
1724 1718 1752 1781 ἡ

88 1821 138 1846 20
159 1799 278 1870 δόξα
304 1804 538 1867 Χριστοῦ·
582 1800 784 1869 ἐμφανὲς
819 1799 868 1851 δὲ
903 1799 957 1852 τὸ
993 1823 1150 1867 ετερον
1182 1799 1236 1851 τὸ
1270 1804 1365 1851 τῶν
1401 1798 1750 1867 καρπωμάτων,

157 1883 205 1934 ἐν
231 1907 268 1933 co
294 1907 353 1935 τα
377 1881 585 1952 σφάγια·
640 1881 843 1951 φανερὸς
870 1882 963 1949 γὰρ
991 1884 1016 1934 ὁ
1043 1887 1262 1949 Χριστοῦ
1289 1881 1492 1936 θάνατος
1521 1883 1597 1932 καὶ
1629 1886 1755 1932 πᾶσι

158 1965 405 2031 γνώριμος.
457 1971 602 2017 κεῖται
639 1964 788 2031 γεμὴν
827 1966 908 2016 οὐκ
948 1965 1243 2031 ἀδιακριτως·
1284 1963 1338 2015 τὸ
1377 1987 1463 2028 μεν
1500 1986 1593 2030 γαρ
1632 1963 1750 2015 ἀπε-

158 2070 291 2099 ναντι
315 2050 398 2111 τῆς
424 2053 644 2110 κιβωτοῦ,
670 2047 725 2098 τὸ
759 2046 807 2098 δὲ
843 2045 973 2113 παρὰ
1008 2046 1092 2100 τὰς
1129 2046 1274 2113 θύρας
1309 2048 1392 2110 τῆς
1427 2048 1622 2110 σκηνῆς.
1677 2047 1754 2096 καὶ

156 2128 212 2181 τὸ
237 2128 323 2194 μὲν
347 2130 568 2181 ἀπέναντι
594 2131 677 2193 τῆς
713 2134 917 2191 κιβωτοῦ
951 2127 1005 2180 τὸ
1038 2134 1251 2196 χρυσοῦν
1279 2132 1464 2180 κεῖσθαι
1489 2128 1753 2192 θυσιαστή-
1771 2156 1793 2182 0

88 2231 137 2270 25
157 2234 273 2278 ριον,
313 2213 449 2262 οἱονεὶ
490 2210 543 2263 τὸ
582 2213 630 2262 ἐν
669 2211 780 2279 ὄψει
818 2216 900 2262 τοῦ
940 2214 1067 2262 Θεοῦ
1106 2213 1182 2261 καὶ
1223 2209 1430 2276 Πατρὸς,
1470 2207 1755 2273 θαυμαστὴν

159 2291 272 2344 εἶναι
308 2291 394 2357 τὴν
420 2293 567 2362 δόξαν
598 2298 682 2345 τοῦ
714 2297 832 2344 Υἱοῦ
869 2293 926 2344 δι’
955 2292 1228 2359 αἰνίγματος
1265 2293 1512 2356 ὑποδηλοΐ,
1545 2290 1665 2342 κατὰ
1700 2290 1755 2343 τό

161 2382 188 2405 “
215 2376 382 2429 Οὐδεὶς
416 2375 640 2440 γινώσκει
675 2375 744 2429 τίς
779 2377 911 2426 ἐστιν
937 2376 962 2426 ὁ
989 2374 1105 2428 Υἱὸς
1130 2378 1167 2426 εἰ
1199 2372 1264 2438 μὴ
1299 2375 1323 2424 ὁ
1352 2371 1570 2439 Πατήρ.”
1623 2372 1678 2424 τὸ
1707 2372 1755 2424 δὲ

158 2455 278 2523 πρὸς
303 2457 463 2510 αὑταῖς
489 2461 672 2511 κεῖσθαι
699 2462 798 2511 ταῖς
825 2457 986 2525 θύραις
1012 2459 1096 2521 τῆς
1130 2458 1309 2520 σκηνῆς
1345 2454 1398 2506 τὸ
1434 2460 1528 2507 τῶν
1555 2478 1751 2521 καρπω-

159 2537 321 2602 μάτων
356 2538 712 2605 θυσιαστήριον,
744 2539 894 2591 τύπον
928 2538 1095 2607 ἐπέχον
1129 2544 1212 2589 τοῦ
1252 2537 1457 2589 θανάτου
1496 2538 1640 2588 αὐτοῦ
1679 2539 1755 2588 καὶ

88 2641 140 2678 30
159 2622 243 2684 τῆς
279 2619 394 2686 ὑπὲρ
428 2619 620 2672 πάντων
643 2623 854 2690 σφαγῆς,
881 2622 1100 2686 σημαίνει
1135 2618 1281 2672 πάλιν
1309 2618 1373 2684 μὴ
1407 2619 1571 2685 ἑτέρως
1608 2618 1752 2670 δύνα-

209 2749 241 2773 2.
267 2726 416 2792 θυμιαᾷα
435 2737 478 2771 Β.
668 2747 748 2783 3-5.
774 2738 827 2773 καὶ
844 2740 883 2773 τὸ
901 2737 1381 2783 θυσιαστήριον-μαρτυρίου
1399 2742 1582 2781 assumpta
1599 2748 1641 2771 ex
1660 2737 1755 2772 B.D.

161 2807 196 2841 9.
223 2794 422 2839 καλύμματα
441 2795 476 2829 δέ
497 2795 538 2830 Β.
557 2796 712 2839 κάλυμμα
729 2811 765 2830 τε
784 2796 850 2830 Ed.
1120 2806 1172 2829 12.
1199 2795 1259 2830 τὰς
1277 2793 1380 2839 θύρας
1400 2794 1441 2828 Β.
1460 2796 1533 2830 ταῖς
1551 2793 1668 2839 θύραις
1686 2794 1753 2829 Ed.

168 2853 220 2887 13.
246 2842 414 2876 λανθάνον
434 2842 475 2876 Β.
611 2843 664 2877 16.
691 2843 727 2876 δὲ
748 2842 788 2877 Β.
806 2858 842 2877 τε
863 2843 928 2878 Ed.
1078 2842 1130 2876 18.
1155 2843 1417 2885 προσαγόμενος
1436 2841 1479 2875 Β.
1613 2851 1669 2886 23.
1696 2841 1756 2877 τὰς

164 2889 267 2934 θύρας
286 2888 367 2923 B.D
386 2900 426 2922 ex
446 2900 534 2923 corr.
552 2890 623 2925 ταῖς
641 2888 756 2934 θύραις
775 2890 820 2924 D.
843 2889 908 2924 Ed.
1071 2900 1125 2931 24.
1153 2889 1257 2922 κεῖται
1277 2887 1317 2923 Β,
1472 2897 1527 2933 27.
1553 2887 1604 2924 τίς
1623 2888 1719 2923 ἐστιν
1736 2890 1754 2922 ὁ

164 2937 242 2972 Υἱὸς
261 2936 303 2970 Β.
322 2936 380 2970 τὸν
397 2936 476 2969 Υἶὸν
494 2935 561 2970 Ed.

1817 2381 1850 2412 S.
1867 2381 1948 2413 Luc.

1816 2435 1847 2457 x.
1870 2434 1919 2457 22.
