2084 3317
333 164 417 204 342
741 164 789 204 B.
825 162 1102 204 CYRILLI
1145 162 1529 203 ALEXANDR.
1802 176 1841 202 v.
1862 174 1928 216 23.

333 276 701 340 σκιαγραφεῖται
736 272 785 324 δὲ
819 277 1012 334 μᾶλλον
1043 273 1069 336 ἡ
1105 272 1205 322 θεία
1242 270 1387 338 φύσις
1424 271 1472 321 ἐν
1504 271 1643 340 αὐτῷ,
1678 272 1750 321 καὶ
1788 271 1848 323 ὡς
1884 271 1933 320 ἐν

335 359 473 425 ψιλῷ
511 356 725 423 φαίνεται
761 355 910 423 τύπῳ.

412 435 531 489 Εἶτα
564 442 665 491 πῶς
700 439 783 488 οὐκ
821 437 1038 502 ἄντικρυς
1074 435 1283 488 ἁπάσαις
1319 433 1599 501 φανήσεσθε
1637 439 1738 487 ταῖς
1778 433 1933 498 ἁγίαις

112 533 274 594 lxxctavjs's.
335 525 652 582 πολεμοῦντες
683 523 905 586 γραφαῖς,
932 518 1007 568 ἵνα
1043 515 1100 580 δὴ
1136 519 1211 567 καὶ
1247 516 1435 569 δικαίως
1464 516 1696 580 ἀκούσητε
1725 524 1751 545 “
1775 519 1932 579 Σκλη-

111 587 246 660 {sm
338 609 364 632 ‘⁶
388 601 679 669 ροτράχηλοι
714 604 791 651 καὶ
825 601 1130 665 ἀπερίτμητοι
1166 598 1376 665 καρδίαις
1414 600 1490 648 καὶ
1522 602 1617 652 τοῖς
1646 600 1779 661 ὠσὶν,
1806 599 1931 661 ὑμεῖς

336 691 362 713 “
388 686 458 734 ἀεὶ
502 688 567 752 τῷ
611 682 853 744 Πνεύματι
895 686 961 751 τῳ
996 681 1148 750 εΑγίῳ
1195 680 1508 743 ἀντιπίπτετε,
1547 682 1609 734 ὡς
1654 683 1696 730 οἱ
1737 681 1932 746 πατέρες

334 773 360 794 “
390 767 518 828 ὑμῶν
547 767 623 816 καὶ
658 764 830 828 ὑμεῖς.”
884 763 999 816 πότε
1032 763 1125 829 γὰρ
1160 763 1213 813 οὐ
1243 761 1367 813 Θεὸν
1394 761 1621 826 ἀληθινὸν
1649 760 1933 827 ὀνομάζουσι

332 846 413 898 τὸν
450 846 581 910 Υὶὸν,
621 846 650 912 ὴ
695 848 811 898 πότε
856 850 938 910 τῆς
981 851 1065 897 τοῦ
1108 845 1326 899 τεκόντος
1370 844 1535 897 οὐσίας
1573 844 1664 913 ἔξω
1705 843 1934 912 φέρουσιν

112 946 194 979 232
211 944 261 978 A.
294 928 508 993 ιιαύτόν,
553 931 622 984 τίς
658 929 706 980 δὲ
745 932 769 981 ὁ
803 928 1053 993 τολμήσας
1087 932 1229 979 εἰπεῖν
1257 930 1320 981 ὡς
1348 928 1450 978 οὔτε
1480 926 1623 995 φύσει
1651 925 1934 992 δημιουργὸς

333 1013 436 1062 οὔτε
478 1012 710 1073 βασιλεὺς
749 1013 853 1063 οὕτε
892 1010 1235 1077 παντοκράτωρ
1271 1007 1658 1075 ἣπροσκυνητός
1697 1011 1863 1071 ἐστιν,
1909 1009 1933 1059 ὁ

333 1094 418 1158 μὲν
451 1094 544 1161 γὰρ
581 1094 835 1147 θεσπέσιος
874 1092 1102 1163 μελῳδὸς,
1125 1094 1187 1146 ὡς
1225 1091 1343 1158 πρὸς
1383 1089 1525 1141 αὐτόν
1555 1114 1648 1142 που
1688 1092 1809 1157 φησὶ
1851 1091 1935 1142 τὸν

109 1194 163 1224 Ps.
182 1194 262 1225 xliv.
336 1180 589 1243 Μονογενῆ
612 1184 637 1207 “
657 1179 719 1228 Ὁ
745 1175 911 1243 θρόνος
939 1199 1030 1226 σου
1058 1176 1082 1225 ὁ
1104 1174 1224 1229 Θεὸς
1253 1178 1315 1228 εἷς
1341 1172 1424 1224 τὸν
1444 1177 1590 1224 αἰῶνα
1615 1178 1698 1224 τοῦ
1725 1175 1931 1228 αἰῶνος.”

109 1244 202 1311 {hfra
334 1262 513 1322 Θωμᾶς
550 1258 597 1309 δὲ
632 1259 779 1311 πάλιν
807 1258 976 1321 ὁμοίως
1003 1259 1028 1308 ὁ
1056 1256 1421 1324 νουνεχέστατος
1454 1254 1678 1319 μαθητὴς,
1707 1257 1781 1306 καὶ
1809 1255 1934 1307 Θεὸν

110 1335 164 1356 xx.
190 1324 240 1356 28.
332 1342 450 1404 ὁμοῦ
477 1344 552 1392 καὶ
582 1341 759 1408 Κύριον
788 1343 1034 1391 ἀποκαλεῖ.
1088 1336 1428 1404 παντοκράτωρ
1456 1336 1504 1388 δὲ
1533 1338 1608 1387 καὶ
1637 1337 1932 1403 δημιουργὸς,

332 1422 409 1474 διὰ
442 1424 604 1488 πάσης
644 1424 779 1490 ἁγίου
814 1427 1024 1473 καλεῖται
1052 1424 1235 1490 φωνῆς,
1263 1421 1338 1471 καὶ
1370 1422 1431 1474 ὡς
1469 1420 1552 1470 οὐκ
1586 1419 1789 1470 ἐπακτὸν
1814 1420 1933 1487 ἔχων

333 1507 442 1557 καθ’
481 1507 598 1567 ὑμᾶς
631 1504 685 1557 τὸ
719 1506 918 1575 ἀξίωμα,
946 1505 1056 1555 ἀλλ’
1085 1506 1145 1558 ὡς
1179 1508 1318 1554 τοῦτο
1351 1501 1470 1554 κατὰ
1507 1501 1657 1571 φύσιν
1684 1501 1930 1570 ὑπάρχων,

287 1597 314 1637 b
336 1587 451 1655 ὅπερ
479 1586 592 1639 εἶναι
626 1587 828 1654 λέγεται,
852 1584 927 1637 διά
962 1610 1012 1637 τε
1047 1592 1186 1638 τοῦτο
1223 1589 1556 1652 προσκυνεῖται
1597 1583 1729 1650 παρά
1759 1607 1808 1635 τε
1840 1588 1935 1636 τῶν

335 1672 484 1736 ἁγίων
522 1670 746 1737 ἀγγέλων
785 1672 859 1721 καὶ
903 1668 1022 1737 πρὸς
1068 1670 1212 1733 ἡμῶν,
1254 1668 1402 1719 καίτοι
1447 1670 1609 1731 μηδενὶ
1652 1659 1936 1732 προσκυνεῖν

334 1752 475 1822 ἑτέρῳ
500 1756 582 1817 τῆς
610 1754 736 1807 θείας
762 1751 1002 1819 λεγούσης
1031 1755 1198 1820 χρῆναι
1225 1753 1430 1819 γραφῆς,
1456 1748 1587 1814 πλὴν
1613 1750 1742 1819 μόνῳ
1774 1749 1935 1819 Κυρίῳ

333 1839 400 1904 τῳ
429 1839 552 1905 Θεῷ.

409 1921 468 1968 Εἰ
512 1917 599 1981 μὲν
640 1918 722 1968 οῦν
765 1918 1014 1981 ἐπίκτητον
1059 1917 1185 1985 αὐτῷ
1240 1917 1315 1966 καὶ
1367 1913 1505 1965 δοτὸν
1555 1912 1831 1981 ἐνυπάρχειν
1880 1911 1936 1965 τὸ

335 1998 588 2065 θεοπρεπὲς
627 2000 814 2069 ἀξίωμα
855 1998 1244 2060 πεπιστεύκασιν,
1285 1995 1383 2048 εἶτα
1428 2001 1494 2065 τῳ
1540 1997 1735 2066 τοιούτῳ
1779 2019 1935 2062 προσ-

109 2098 269 2158 βῆξίοιιι
335 2087 486 2132 κυνεῖν
527 2082 701 2132 οἴονται
744 2086 852 2144 δεῖν,
892 2082 1110 2133 ἰ’στωσαν
1149 2079 1281 2146 παρὰ
1321 2077 1403 2129 τὸν
1445 2078 1644 2142 κτίστην
1685 2082 1743 2145 τῇ
1785 2079 1937 2129 κτίσει

109 2151 198 2181 1.2g,.
335 2163 661 2230 λατρεύοντες,
697 2162 985 2232 πρόσφατόν
1021 2186 1071 2214 τε
1109 2164 1184 2213 καὶ
1223 2161 1326 2213 νεόν
1361 2162 1540 2214 ἑαυτοῖς
1579 2159 1937 2229 ζωγραφοῦντες

295 2263 316 2290 C
335 2244 455 2309 θεὸν,
483 2246 602 2313 ἤπερ
629 2245 774 2300 ὅντως
802 2245 884 2297 τὸν
911 2244 1031 2296 κατὰ
1060 2244 1209 2312 φύσιν
1236 2243 1642 2309 ἐπιγινώσκοντες.
1698 2247 1734 2294 εὶ
1772 2242 1821 2294 δὲ
1854 2246 1935 2307 τῆς

333 2334 418 2379 τοῦ
460 2332 586 2380 Θεοῦ
631 2331 707 2379 καὶ
755 2328 948 2395 Πατρὸς
992 2327 1155 2380 οὐσίας
1203 2326 1294 2395 ἔξω
1346 2329 1531 2377 κεῖσθαι
1583 2325 1802 2391 λέγοντες
1852 2325 1936 2377 τὸν

334 2410 465 2473 Υὶὸν,
493 2413 569 2463 καὶ
595 2410 713 2462 Υίὸν
746 2410 890 2462 αὐτὸν
921 2413 996 2461 καὶ
1027 2409 1150 2461 Θεὸν
1188 2409 1510 2474 ὁμολογοῦσιν
1546 2408 1772 2476 ὑπάρχειν
1807 2410 1930 2473 ἀλη-

334 2493 465 2545 θινὸν
497 2496 572 2544 καὶ
611 2493 821 2554 βασιλέα
852 2495 928 2544 καὶ
962 2492 1119 2558 κύριον
1152 2493 1226 2541 καὶ
1264 2489 1549 2557 δημιουργὸν
1585 2492 1660 2541 καὶ
1692 2491 1934 2545 οὐσιωδῶς

334 2578 383 2628 ἐν
409 2579 558 2647 ἑαυτῷ
590 2575 650 2627 τὰ
681 2581 764 2628 τοῦ
792 2575 984 2641 Πατρὸς
1018 2573 1139 2642 ἔχειν
1170 2573 1264 2624 ἰ’δια
1303 2577 1378 2623 καὶ
1418 2573 1649 2642 ἐξαίρετα·
1690 2574 1931 2634 βλεπέτω-

1955 618 1977 656 5

1958 1029 2006 1054 10

1955 1855 2006 1879 20

1957 2262 2005 2301 25

334 2682 429 2709 σαν
468 2659 576 2710 ὅποι
608 2657 724 2711 ποτὲ
753 2657 902 2710 πάλιν
941 2658 1095 2710 αὐτοῖς
1129 2654 1184 2707 τὸ
1217 2659 1312 2706 τῶν
1351 2657 1462 2723 τῇδε
1500 2656 1765 2706 δοκούντων
1806 2657 1930 2707 ἀπο·
1954 2673 2004 2709 30

386 2805 414 2828 1.
441 2793 691 2839 σκιαγράφεται
711 2792 753 2827 Β.
953 2802 986 2836 3.
1013 2788 1432 2836 φανήσεσθε-γραφαῖς]
1453 2789 1620 2833 φανίσθαι
1638 2790 1709 2825 ταῖς
1728 2789 1832 2825 θείαις
1848 2804 1932 2835 γρα-

333 2841 415 2884 φαῖς
436 2839 477 2874 Β.
670 2849 702 2885 7.
729 2839 788 2874 οὖν
806 2851 868 2884 pro
886 2839 926 2872 οὐ
947 2838 988 2872 Β.
1190 2847 1242 2880 13.
1271 2835 1394 2879 Κύριον
1413 2844 1447 2870 et
1465 2838 1553 2871 Θεὸν
1571 2838 1661 2870 inter
1681 2848 1717 2870 se
1735 2843 1868 2881 transp.
1889 2837 1930 2871 B.

339 2897 390 2930 17.
418 2884 499 2920 εἶναι
517 2887 600 2932 ὅπερ
620 2887 759 2921 inverso
776 2886 898 2920 ordine
920 2885 960 2920 B.
1098 2895 1153 2928 23.
1195 2885 1234 2927 τῇ
1255 2884 1374 2926 κτίστῃ
1387 2886 1431 2926 (ἓ)
1451 2885 1541 2929 παρὰ
1560 2885 1617 2919 τὸν
1635 2884 1774 2926 κτίστην
1793 2884 1932 2918 inverso

334 2933 454 2966 ordine
476 2933 516 2967 B.
720 2944 774 2979 25.
802 2933 1080 2978 ἐπιγινώσκοντες
1102 2931 1141 2964 B.
1159 2932 1382 2975 γινώσκοντες
1405 2930 1469 2965 Ed·
1651 2940 1706 2974 27.
1734 2931 1812 2964 Υἱὸν
1830 2931 1931 2965 αὐτὸν

333 2980 385 3013 καὶ
405 2979 507 3026 Θεὸν]
529 2982 614 3015 Θεὸν
631 2981 732 3016 αὐτὸν
752 2981 793 3015 Β.
957 2990 1011 3025 29.
1040 2979 1073 3013 ἐν
1091 2978 1180 3023 αὐτῷ
1202 2977 1242 3011 Β.
