2073 3296
322 140 376 179 76
721 140 773 181 B.
806 139 1078 180 CYRILLI
1120 138 1500 180 ALEXANDR.
1818 137 1846 179 i.
1862 151 1903 190 4.

278 252 447 299 άΘεοῦ
494 271 569 300 και
611 249 802 316 Πατρὸς
842 250 1007 303 οὐσίας
1048 250 1073 301 ὁ
1112 249 1300 313 Υἱὸς,“
1281 273 1354 301 ινα
1395 248 1586 315 γενητὸς
1631 251 1790 313 νοῆται
1831 271 1907 299 και

320 330 662 395 πεποιημένος·
650 372 663 391 ,
705 353 778 381 και
805 335 906 384 πῶς
932 331 1014 382 οὐκ
1044 331 1102 381 ἄν
1128 354 1197 384 τις
1223 334 1304 395 τῆς
1330 333 1435 394 σῆς,
1462 329 1499 381 ὠ
1533 330 1680 394 οὗτος,
1706 330 1908 394 ἀμαθίας

321 410 616 478 καταβοήσῃ,
657 414 732 462 καὶ
770 411 904 474 μάλα
942 412 1159 465 δικαίως·
1148 452 1160 474 ,
1217 416 1255 463 εἰ
1298 410 1392 477 γὰρ
1430 413 1478 463 ἐν
1516 416 1612 466 τοῖς
1656 410 1909 478 γεγονόσιν

320 493 346 542 6
379 491 538 558 Λόγος
575 492 651 557 ἦν,
695 494 756 546 ὡς
794 492 885 559 ζωὴ
923 492 1044 543 κατὰ
1082 492 1245 562 φύσιν,
1285 492 1361 543 διὰ
1398 496 1601 561 μετοχῆς
1638 498 1733 547 τοῖς
1772 493 1910 544 οὖσιν

319 572 484 624 ἑαυτὸν
510 574 783 639 ἀναμιγνύς·
827 574 981 639 ἕτερος
1015 574 1107 641 ἄρα
1146 576 1249 625 ἐστὶ
1283 579 1379 625 τῶν
1401 576 1449 626 ἐν
1475 574 1543 629 οἷς
1572 573 1685 626 εἶναι
1715 573 1907 626 πιστεύ-
1929 593 1951 631 5

319 678 431 706 εται.
485 655 510 705 6
537 654 587 706 δὲ
612 654 699 719 τὴν
725 654 875 724 φύσιν
901 655 1055 721 ἕτερος
1079 654 1156 719 ὢν,
1183 655 1212 721 ἢ
1240 655 1355 722 ὅπερ
1387 657 1519 707 ἐστὶν
1544 656 1572 720 ἡ
1608 657 1780 718 κτίσις,
1808 659 1910 709 πῶς

320 737 404 786 οὐκ
443 734 502 786 ἂν
540 736 608 797 ε’ίη
649 736 819 788 λοιπὸν
858 738 883 788 6
930 735 1046 801 ὑπὲρ
1088 737 1264 802 ταύτην
1303 737 1453 799 Θεόςς
1512 741 1551 788 εὶ
1595 736 1643 788 δὲ
1685 736 1910 801 ε’πιμένεις

282 819 664 885 θάναισχυντῶν,
698 820 775 870 καὶ
812 818 1009 884 γενητὸν
1039 816 1153 870 εἶναι
1192 818 1389 885 νομίζων
1420 819 1475 870 οὐ
1513 818 1795 884 καταλήγεις
1827 817 1911 869 τὸν

320 897 454 961 Υἱὸν,
493 898 577 950 τὸν
615 899 729 951 ὅντα
772 901 821 951 ἐν
858 905 956 955 τοῖς
999 900 1250 967 γεγονόσιν
1290 903 1352 955 ὡς
1396 900 1531 967 ζωήν·
1592 905 1783 968 πρῶτον
1825 899 1910 964 μὲν

320 979 439 1031 αὐτό
461 1003 505 1031 τι
530 980 756 1049 ὑπάρχων
781 983 830 1032 ἐν
855 983 1004 1052 ἑαυτῷ
1032 982 1331 1048 νοηθήσεται·
1375 980 1474 1033 εἶτα
1500 984 1576 1033 καὶ
1601 981 1720 1049 πρὸς
1745 982 1909 1051 τούτῳ,
1933 1010 1980 1034 10

320 1063 396 1112 καὶ
431 1060 570 1116 αὐτὸς
605 1064 771 1114 ἑαυτοῦ
805 1063 1021 1132 μέτοχος,
1059 1066 1136 1115 καὶ
1170 1063 1277 1131 ζωὴ,
1308 1064 1434 1131 ε’ίπερ
1467 1061 1531 1114 ὧν
1562 1064 1612 1114 ἐν
1642 1068 1738 1117 τοῖς
1771 1086 1905 1129 γενο-

320 1143 490 1206 μένοις,
532 1143 596 1197 εἷς
639 1146 715 1195 καὶ
760 1143 898 1199 αὐτὸς
940 1146 998 1215 ἐξ
1039 1147 1193 1197 αὐτῶν
1232 1145 1458 1214 ὑπάρχειν
1498 1144 1908 1214 ὑποληφθήσεται·

321 1225 433 1275 ἀλλ’
463 1226 550 1294 ὁρᾷ
583 1249 677 1277 που
713 1226 902 1281 πάντως
937 1229 1013 1278 καὶ
1047 1226 1186 1281 αὐτὸς
1221 1229 1246 1278 6
1282 1226 1527 1295 θεομάχος,
1555 1226 1677 1291 ὅσην
1702 1227 1795 1293 ε”χει
1825 1225 1912 1290 τὴν

321 1307 631 1358 ἀπαιδευσίαν
674 1307 728 1359 τὸ
780 1310 901 1360 οὕτω
954 1314 1090 1360 νοεῖν.
1159 1310 1326 1360 οὐκοῦν
1370 1313 1408 1360 εὶ
1458 1308 1680 1372 μεθεκτὸς
1725 1310 1774 1359 ἐν
1815 1312 1912 1361 τοῖς

322 1394 535 1454 γενητοῖς
573 1390 705 1441 ἐστιν
744 1391 769 1440 ὁ
809 1391 1053 1457 ζωογονῶν
1091 1390 1211 1442 αὐτὰ
1237 1391 1409 1457 Λόγος,
1442 1391 1523 1441 οὐκ
1563 1392 1611 1441 ἐν
1648 1395 1743 1445 τοῖς
1781 1389 1910 1453 μετέ-
1935 1414 1981 1452 15

321 1493 492 1538 χουσιν
526 1470 662 1522 ἔσται
701 1473 777 1522 καὶ
816 1470 969 1535 αὐτὸς,
1000 1473 1112 1523 ἀλλ’
1147 1472 1301 1539 ἕτερος
1340 1471 1560 1537 δηλονότι
1597 1471 1706 1538 παρ’
1743 1473 1906 1522 ἐκεῖνα.

100 1570 149 1603 51
170 1568 220 1603 A.
282 1556 361 1602 aei
401 1551 449 1603 δὲ
488 1558 641 1615 τοῦτο,
677 1554 761 1605 οὐκ
799 1553 893 1620 ἄρα
929 1554 1138 1620 γενητὸς,
1169 1554 1280 1605 ἀλλ’
1314 1557 1376 1608 ὡς
1414 1552 1496 1624 ζωὴ
1535 1552 1655 1605 κατὰ
1693 1552 1843 1623 φύσιν
1875 1553 1912 1604 ἐν

322 1635 492 1688 αὐτοῖς.
569 1634 646 1685 διὰ
696 1634 745 1686 δὲ
795 1639 890 1686 τῶν
941 1636 1288 1703 ὑπεζευγμένων
1339 1637 1527 1687 ἐννοιῶν
1577 1641 1716 1687 τοῦτο
1763 1633 1913 1688 πάλιν

323 1716 560 1780 εἰσόμεθα.

806 1839 998 1892 Ἔννοιαι,
1030 1841 1115 1894 ἤτοι
1146 1842 1423 1895 συλλογισμοί.
1933 1858 1983 1884 20

401 1950 459 1998 Ei
493 1946 558 2012 μὴ
594 1948 644 1999 ἐκ
678 1951 760 2012 τῆς
795 1949 959 2003 οὐσίας
984 1954 1068 2000 τοῦ
1095 1953 1220 2000 Θεοῦ
1244 1951 1319 2000 καὶ
1347 1948 1538 2016 Πατρός
1566 1951 1698 2000 ἐστιν
1725 1950 1750 2000 6
1777 1949 1909 2012 Υἱὸς,

325 2029 500 2098 ἔξωθεν
537 2028 585 2080 δὲ
625 2029 767 2081 αὐτὸν
803 2031 902 2082 κατ’
931 2032 1129 2085 ἐκείνους
1168 2031 1424 2095 ὑπέστησε,
1451 2031 1645 2098 γενητὸς
1682 2031 1774 2098 ἄρα
1811 2033 1915 2083 ἐστὶ
2070 2017 2073 2109 1

325 2113 400 2161 καὶ
451 2112 776 2176 πεποιημένος.
849 2116 950 2166 πῶς
995 2113 1077 2163 οῦν
1117 2113 1142 2163 6
1186 2114 1234 2163 ἐν
1272 2117 1367 2166 τοῖς
1412 2112 1664 2179 γεγονόσιν
1707 2114 1810 2164 ἐστὶ
1854 2111 1914 2164 τὰ
2071 2115 2073 2166 1

323 2193 480 2245 πάντα
526 2193 802 2260 ζωογονῶν;
865 2195 914 2244 τί
960 2194 1008 2244 δὲ
1052 2193 1106 2245 τὸ
1151 2194 1386 2263 ἐξαίρετον
1430 2196 1478 2246 ἐν
1522 2198 1581 2262 τῇ
1626 2195 1725 2263 θείᾳ
1769 2194 1914 2262 φύσει
2068 2212 2073 2282 ἰ

325 2273 495 2326 λοιπὸν
525 2273 816 2342 εὑρήσομεν·
804 2315 817 2338 ,
860 2273 889 2339 ἢ
919 2280 1020 2329 πῶς
1051 2277 1076 2326 6
1109 2276 1392 2344 σοφώτατος
1429 2280 1638 2339 Παῦλος,
1671 2279 1732 2329 ὡς
1771 2275 1906 2345 ἀξιοί-
1934 2296 1982 2335 25
2068 2285 2072 2332 ξ

106 2373 119 2437 ᾗ
129 2364 212 2395 T¹111
220 2364 262 2395 vi
279 2367 305 2408 b
326 2355 509 2422 γαστόν
551 2380 596 2407 τι
639 2359 792 2425 φησὶν
832 2358 906 2408 ἐπὶ
949 2363 1032 2408 τοῦ
1076 2380 1196 2408 κατα
1241 2357 1391 2426 φύσιν
1435 2357 1569 2412 ὄντος
1613 2361 1913 2409 &e013“·roz]

126 2418 154 2448 3
325 2444 353 2467 ‘⁶
379 2438 720 2504 ζωογονοῦντος
745 2437 804 2488 τὰ
830 2461 1015 2489 παντα·
1005 2480 1016 2499 ,
1019 2440 1043 2455 ”
1085 2443 1123 2489 εἰ
1149 2461 1243 2505 γαρ
1269 2438 1462 2504 γενητὸς
1498 2437 1722 2507 ὑπαρχων
1749 2440 1774 2490 6
1799 2438 1914 2493 Υἱὸς

324 2518 384 2570 τὰ
433 2519 590 2571 πάντα
641 2518 865 2585 ζωοποιεῖ,
912 2518 1081 2583 ἑαυτὴν
1132 2521 1158 2585 ἡ
1211 2520 1363 2574 κτίσις
1413 2521 1627 2588 ζωοποιεῖ
1671 2520 1915 2590 χρῄζουσα

378 2670 406 2693 ῐ.
429 2659 482 2693 καὶ
500 2659 596 2703 prius
615 2664 838 2703 assumptum
855 2670 896 2692 ex
913 2659 1051 2692 B.D.E.
1068 2658 1164 2692 deest
1181 2659 1216 2693 in
1236 2659 1264 2693 Ι.
1281 2658 1387 2693 Cord.
1453 2659 1572 2695 οὐσίας
1588 2666 1668 2694 ante
1685 2662 1745 2694 τοῦ
1763 2662 1850 2694 Θεοῦ
1867 2662 1912 2694 tr.

327 2705 394 2740 Ed
413 2705 530 2740 invitis
550 2706 591 2740 B.
598 2705 626 2740 I.
648 2705 755 2740 Cord.
867 2716 899 2740 2.
927 2705 952 2739 ὦ
969 2705 1066 2741 οὗτος
1083 2706 1142 2749 τῆς
1159 2707 1222 2749 σῆς
1239 2706 1378 2739 inverso
1396 2705 1517 2740 ordine
1538 2706 1578 2741 B.
1687 2718 1720 2751 3.
1747 2706 1913 2749 καταβοή-

327 2766 419 2786 σειεν
439 2752 466 2785 Ι.
488 2752 595 2786 Cord.
732 2752 764 2786 6.
790 2753 808 2785 ὁ
826 2751 878 2797 δε]
899 2752 928 2785 εἷ
946 2752 981 2785 δε
1003 2752 1043 2785 Β.
1181 2753 1213 2786 8.
1239 2754 1380 2797 γενητὸν
1399 2752 1574 2797 [γεννητὸν
1593 2752 1700 2799 Cod.]
1721 2755 1804 2787 εἶναι
1821 2753 1914 2796 νομί-

326 2799 390 2840 ζων
411 2798 451 2832 B.
471 2798 611 2842 νομίζων
628 2797 710 2833 εἶναι
727 2800 886 2890 γενητὸνρ
885 2799 931 2833 D.
938 2799 978 2832 E.
997 2799 1138 2841 νομίζων
1155 2796 1237 2833 εἶναι
1255 2800 1373 2842 νοητὸν
1391 2799 1457 2833 Ed.
1630 2810 1681 2834 10.
1708 2800 1789 2834 αὐτό
1807 2799 1913 2833 edidi.

326 2845 414 2889 αὐτῷ
437 2845 475 2878 Β.
495 2846 595 2881 αὐτός
614 2846 659 2879 D.
678 2845 745 2880 Ed.
765 2845 865 2890 sedy
890 2846 996 2880 αὐτό
1015 2845 1048 2879 D
1067 2857 1138 2890 mg.
1212 2845 1365 2890 ὑπάρχον
1384 2846 1425 2879 B.
1497 2846 1550 2880 καὶ
1568 2851 1791 2891 assumptum
1808 2858 1849 2880 ex
1870 2846 1912 2879 B.

331 2903 382 2932 14.
407 2891 565 2934 μεθεκτὸς
584 2892 672 2926 Β.Ε,
689 2892 856 2937 μεθεκτῶς
874 2891 941 2926 Ed.
1088 2902 1139 2936 17.
1166 2891 1245 2925 ἀλλ
1264 2891 1325 2937 ὡς]
1345 2892 1435 2926 ἀλλὰ
1454 2892 1496 2927 Β.
1641 2903 1696 2927 21.
1722 2892 1817 2927 ἐστιν
1833 2898 1914 2926 ante

326 2939 385 2970 τοῦ
402 2939 600 2982 transponit
620 2937 661 2973 B.
759 2949 813 2973 22.
841 2939 935 2973 ἐστιν
951 2938 1016 2983 ὅρα
1033 2938 1171 2973 inverso
1188 2938 1309 2973 ordine
1328 2939 1370 2973 Β.
1469 2950 1524 2984 23.
1551 2941 1569 2972 ὁ
1587 2951 1657 2975 om.
1677 2939 1719 2973 B.
