2021 3296
96 156 122 197 i.
147 170 182 198 1.
359 155 433 196 IN
475 155 518 196 S.
551 153 889 196 JOANNEM.
953 153 1078 195 LIB.
1111 154 1147 195 Ι.
1211 155 1345 197 CAP.
1379 157 1415 197 I.
1630 160 1683 199 21

96 263 232 329 τέρω,
276 259 359 313 τὸν
399 267 481 313 τοῦ
527 265 653 313 Θεοῦ
692 260 854 328 Λόγον
892 261 998 313 τότε
1040 260 1097 326 δὴ
1142 266 1333 329 πρῶτον
1371 266 1434 316 εἰς
1475 262 1529 314 τὸ
1574 262 1690 315 εἶναι

96 346 355 408 κεκλῆσθαι
401 342 759 411 διισχυρίζοντο,
799 343 875 394 ὅτε
920 343 1003 394 τὸν
1051 345 1101 395 ἐκ
1146 346 1228 408 τῆς
1274 344 1412 410 ἁγίας
1454 344 1690 412 παρθένου

96 425 209 477 ναὸν
234 424 403 486 λαβὼν
429 425 679 492 ἄνθρωπος
703 424 869 491 γε’γονε
896 426 951 476 δι’
981 426 1114 490 ἡμᾶς·
1150 426 1200 476 τί
1222 426 1304 476 οὖν
1325 424 1382 476 ἂν
1409 426 1476 491 ε’ίη
1503 426 1689 489 λοιπὸν,

97 508 223 574 ε’ίπερ
250 508 395 561 οὕτως
423 505 523 574 ἐ’χοι
549 506 741 575 φύσεως
768 509 793 558 ὃ
819 507 948 570 Υἱὸς,
975 506 1003 572 ὴ
1031 507 1226 574 γενητὸς
1252 510 1329 558 καὶ
1354 508 1685 573 πεποιημένος,
1709 518 1737 559 (1

57 604 79 642 5
99 591 173 641 καὶ
199 593 296 642 τοῖς
322 589 492 642 ἄλλοις
517 587 699 641 ἅπασιν
727 589 954 658 ὁμοφυὴς,
983 588 1050 644 οἷς
1077 589 1134 658 ἐξ
1156 590 1239 640 οὐκ
1265 588 1415 641 ὅντων
1440 590 1468 654 ἡ
1495 589 1695 656 γένεσις,

100 672 176 722 καὶ
209 669 264 721 τὸ
299 673 382 735 τῆς
421 671 635 724 δουλείας
671 670 822 736 ὄνομά
852 694 901 722 τε
938 673 1014 722 καὶ
1048 675 1249 738 πρᾶγμα
1286 672 1472 725 δικαίως
1509 673 1692 736 ἐπαλη-

100 751 309 815 θεύεται;
368 753 418 803 τί
463 751 557 819 γὰρ
604 757 700 804 τῶν
743 752 1068 817 πεποιημένων
1113 751 1199 816 τὴν
1245 751 1335 804 ὑπὸ
1387 757 1454 822 τῷ
1503 752 1698 804 πάντων

102 839 348 901 κρατοῦντι
375 838 484 904 Θεῷ
515 835 732 886 δουλείαν
757 835 1014 888 ἀκινδύνως
1036 834 1382 902 παραιτήσεται
1405 857 1417 898 ;
1461 835 1511 886 τί
1533 834 1583 886 δὲ
1610 835 1698 902 οὐχ

102 914 336 985 ὑποκύψει
369 920 428 984 τῇ
462 915 582 967 κατὰ
615 915 807 968 πάντων
833 919 958 986 ἀρχῇ
991 940 1041 968 τε
1079 919 1155 968 καὶ
1192 916 1390 986 ἐξουσίᾳ
1428 918 1503 967 καὶ
1536 915 1695 983 κυριό-

254 996 272 1014 A
396 1000 410 1016 x
484 998 495 1014 ›
542 997 553 1013 t
884 999 896 1016 J
1042 998 1056 1015 t
1194 999 1205 1013 e
1439 999 1452 1016 t
1680 996 1693 1014 x
1760 996 1857 1026 prov.

36 1022 85 1048 10
102 1020 219 1063 τητι,
246 1021 305 1062 ην
336 1021 412 1049 και
441 1021 580 1052 αυτος
614 1021 707 1050 που
740 1022 958 1064 σημαινει
993 1006 1152 1064 λεγων
1186 1022 1210 1049 ο
1248 1002 1483 1063 Σολομων
1510 1005 1538 1028 “
1560 1002 1699 1049 Μετα
1760 1039 1893 1070 xvi.12.

103 1087 132 1109 ‘⁴
158 1079 251 1146 γὰρ
290 1080 590 1145 δικαιοσύνης
620 1080 907 1147 ἐτοιμάζεται
940 1079 1107 1147 θρόνος
1138 1079 1334 1148 ἀρχῆς.”
1388 1078 1571 1145 ἕτοιμος
1604 1079 1699 1148 γὰρ

105 1163 180 1213 καὶ
205 1160 331 1213 πολὺ
357 1163 467 1213 λίαν
492 1161 725 1229 εὐπρεπὴς
757 1167 819 1216 εἰς
852 1162 1154 1227 δικαιοσύνην
1181 1164 1206 1214 ὁ
1232 1165 1315 1227 τῆς
1341 1164 1490 1231 ἀρχῆς
1517 1160 1700 1229 θρόνος,

105 1246 188 1307 τῆς
225 1245 300 1295 ἐπὶ
336 1243 517 1299 πάντας
557 1245 756 1309 δηλαδή.
824 1246 901 1295 καὶ
939 1246 1008 1299 τίς
1047 1246 1072 1295 ὁ
1112 1243 1278 1312 θρόνος
1316 1246 1422 1312 περὶ
1462 1245 1516 1295 οῦ
1555 1251 1637 1296 νῦν
1676 1246 1740 1296 be

1584 1334 1611 1357 cc
1637 1327 1701 1378 ‘O
1763 1323 1817 1353 Es.
1835 1321 1912 1352 lxvi.

107 1325 266 1392 λόγος,
305 1326 442 1378 ἄκουε
480 1325 703 1393 λέγοντος
741 1332 824 1378 τοῦ
864 1330 988 1378 Θεοῦ
1028 1328 1082 1378 δι’
1124 1326 1226 1380 ἑνὸς
1262 1331 1358 1378 τῶν
1396 1327 1545 1393 ἁγίων
1768 1376 1793 1397 L

43 1415 138 1461 15“
163 1409 358 1475 οὐρανός
395 1432 476 1472 μοι
515 1407 726 1476 θρόνος.”
793 1409 960 1460 οὐκοῦν
999 1409 1180 1472 ἕτοιμος
1226 1412 1290 1462 εἰς
1334 1408 1637 1473 δικαιοσύνην
1677 1410 1702 1460 ὃ

109 1490 316 1557 οὐρανὸς,
345 1491 576 1550 τουτέστι,
603 1490 662 1541 τὰ
688 1491 736 1541 ἐν
763 1495 859 1544 τοῖς
885 1492 1098 1557 οὐρανοῖς
1124 1491 1236 1556 ἅγια
1261 1491 1520 1554 πνεύματα.

182 1572 376 1638 Ἐπειδὴ
413 1573 569 1625 τοίνυν
594 1572 652 1638 ἧν
678 1573 859 1639 ἀνάγκη
894 1578 1239 1639 συνομολογεῖν
1264 1572 1382 1638 μετὰ
1416 1578 1511 1625 τῶν
1536 1573 1702 1624 ἄλλων

110 1655 385 1720 ποιημάτων
430 1658 706 1707 ὑποκεῖσθαι
750 1660 817 1725 τῷ
861 1659 969 1724 Θεῷ
1015 1657 1091 1706 καὶ
1137 1657 1294 1722 Πατρῖ
1335 1654 1418 1706 τὸν
1463 1654 1595 1718 Υὶὸν,
1641 1657 1703 1708 ὡς

111 1736 338 1802 οἰκετικὴν
378 1736 548 1806 ’έχοντα
590 1736 741 1807 τάξιν,
780 1739 855 1788 καὶ
902 1737 992 1789 ὑπὸ
1036 1735 1123 1801 τὴν
1160 1740 1242 1801 τῆς
1288 1739 1437 1805 ἀρχῆς
1481 1737 1704 1806 ἐξουσίαν

45 1839 94 1865 20
114 1819 282 1884 ὁμοίως
314 1819 550 1872 πίπτοντα
583 1824 680 1874 τοῖς
717 1819 900 1882 ἄλλοις,
927 1819 1054 1884 ε’ίπερ
1089 1821 1192 1871 ἐστὶ
1228 1820 1326 1870 κατ’
1355 1820 1552 1873 ἐκείνους
1584 1821 1697 1888 ὀψι-
1722 1843 1744 1866 a
1804 1833 1855 1867 14
1876 1832 1927 1865 A.

114 1899 250 1967 γενὴς
301 1904 376 1953 καὶ
420 1907 515 1953 τῶν
558 1904 607 1953 ἐν
653 1901 809 1971 χρόνῳ
852 1902 1180 1967 πεποιημένων
1225 1900 1303 1956 εἷς·
1366 1902 1629 1968 ἀναγκαίως
1680 1902 1704 1951 ὁ

114 1983 338 2050 μακάριος
370 1983 737 2050 Εὐαγγελιστὴς
771 1983 1047 2050 δριμύτερον
1072 1989 1167 2037 τοῖς
1198 1984 1708 2050 ἑτεροδιδασκαλοῦσιν

114 2067 329 2136 ἐπιπηδᾷ,
356 2069 431 2117 καὶ
471 2067 685 2119 δουλείας
723 2065 808 2129 μὲν
843 2065 1038 2130 ἁπάσης
1072 2066 1253 2135 ἐξέλκει
1286 2063 1370 2117 τὸν
1394 2064 1524 2116 Υὶόν·
1574 2067 1624 2116 ἐκ
1660 2063 1708 2116 δὲ

115 2151 198 2212 τῆς
240 2148 485 2215 ἐλευθέρας
536 2151 612 2199 καὶ
661 2147 854 2199 πάντων
905 2147 1147 2215 ἀρχούσης
1199 2148 1364 2201 οὐσίας
1416 2147 1711 2216 ἐκπεφήνοτα

50 2240 97 2278 25
118 2229 322 2293 δεικνύει,
361 2232 438 2281 καὶ
476 2232 525 2282 ἐν
559 2231 677 2299 αὐτῇ
717 2234 933 2299 φυσικῶς
974 2228 1200 2297 ὑπάρχειν
1236 2228 1520 2297 ἰσχυρίζεται
1560 2228 1712 2294 λέγων

118 2315 188 2364 Ἐν
226 2316 339 2387 ἀρχῇ
377 2309 419 2373 ἧν
458 2319 476 2365 o‘
517 2318 679 2379 Λόγος.
745 2312 980 2364 ἐπιπλέκει
1019 2311 1069 2363 δὲ
1106 2315 1173 2381 τῷ
1211 2314 1294 2375 τῆς
1332 2312 1479 2379 ἀρχῆς
1518 2309 1712 2375 ὀνόματι

118 2395 366 2462 χρησίμως
409 2393 464 2445 τὸ
507 2390 562 2458 ἧν,
601 2395 676 2445 ἵνα
719 2394 784 2459 μὴ
828 2393 975 2458 μόνον
1013 2394 1218 2457 εὐκλεὴς,
1259 2393 1390 2444 ἀλλὰ
1430 2396 1590 2457 νοῆται
1636 2393 1711 2443 καὶ
1730 2405 1757 2445 b

119 2476 412 2544 προαιώνιος·
459 2476 656 2528 τέθειται
691 2476 784 2543 γὰρ
817 2478 866 2528 ἐν
901 2476 1082 2530 τούτοις
1117 2473 1171 2527 τὸ
1208 2473 1264 2539 ἧν,
1292 2480 1353 2529 εἷς
1388 2473 1584 2537 βαθεῖάν
1610 2497 1713 2525 τινα

121 2561 198 2610 καὶ
241 2558 580 2624 ἀκατάληπτον
622 2561 696 2610 καὶ
745 2557 832 2623 τὴν
878 2558 970 2628 ἔξω
1016 2557 1199 2626 χρόνων
1245 2558 1448 2624 ἄρ’ῥητον
1492 2556 1715 2622 γέννησιν

53 2663 102 2700 30
121 2644 362 2694 ἀνατεῖνον
386 2647 470 2694 τοῦ
495 2646 780 2709 θεωροῦντος
806 2640 890 2705 τὴν
917 2642 1112 2692 ἔννοιαν.
1156 2639 1210 2690 τὸ
1245 2638 1338 2706 γὰρ
1369 2635 1411 2699 ἧν
1437 2639 1717 2706 ἀδιορίστως

172 2796 204 2826 4.
231 2782 335 2817 οὕτως
358 2782 431 2827 ἔχοι
455 2781 596 2828 φύσεως
615 2783 633 2815 ὁ
652 2782 730 2817 Υἱὸς
750 2787 974 2816 accesserunt
991 2793 1033 2815 ex
1052 2781 1094 2815 E.
1113 2781 1147 2814 et
1165 2778 1248 2823 (nisi
1265 2779 1335 2824 ἔχει
1354 2789 1416 2823 pro
1434 2779 1521 2823 ἔχοι)
1541 2778 1588 2813 D.
1608 2778 1717 2812 Euth.

126 2832 224 2865 οὕτος
241 2830 303 2873 ἕχῃ
322 2828 461 2873 φύσεως
479 2831 497 2862 ὁ
515 2830 594 2864 Υἱὸς
613 2828 654 2862 Β.
839 2827 943 2862 6—16.
971 2828 1023 2862 καὶ
1040 2825 1300 2869 τὸ-πνεύματα
1317 2825 1446 2860 desunt
1462 2826 1498 2859 in
1518 2825 1639 2865 Euth.‚
1658 2825 1719 2871 qui

126 2877 241 2922 pergit
256 2875 296 2910 ἵν’
315 2875 373 2910 οὖν
389 2876 433 2919 μὴ
452 2874 500 2919 εἰἠ
519 2875 656 2921 ἀναγκὴ.
762 2874 796 2909 6.
822 2873 875 2920 τε]
896 2890 928 2909 τι
947 2874 987 2909 Ε.
1053 2871 1299 2917 ἐπαληθεύηται
1318 2871 1359 2906 Ε.
1469 2883 1522 2906 12.
1549 2874 1567 2906 ὁ
1585 2883 1656 2906 om.
1677 2871 1718 2906 B.

130 2935 184 2968 23.
210 2924 268 2957 τὸν
285 2923 364 3003 Υἱὸέ
381 2921 510 2965 ἐξὲλκει
526 2922 665 2957 inverso
684 2921 806 2957 ordine
825 2921 934 2957 Euth.
1079 2929 1134 2962 25.
1158 2919 1309 2954 δείκνυσι
1328 2919 1370 2953 Β.
1515 2930 1571 2964 29.
1597 2919 1718 2954 ἀκατά-

128 2971 251 3013 ληκτον
269 2970 339 3004 Eut
370 2996 376 3002 .
