2084 3317
347 149 431 188 696
750 150 799 192 B.
835 150 1113 191 CYRILLI
1154 150 1534 191 ALEXANDR.
1779 149 1848 190 vii.
1868 162 1934 204 39.

352 261 427 309 καὶ
463 259 780 311 ἀναπλάττων
806 264 869 314 εἰς
904 259 1058 311 εἰκόνα
1092 259 1178 323 τὴν
1210 262 1389 310 ἑαυτοῦ.
1445 257 1521 310 διὰ
1559 257 1652 324 γάρ
1689 281 1762 309 τοι
1799 265 1938 309 τοῦτο

129 333 203 365 Gal.
220 334 262 365 iv.
413 342 427 359 x
472 341 482 355 t
606 347 625 356 Α
829 341 839 356 ¹
1110 341 1123 357 f
1395 340 1406 358 ι
1507 340 1525 360 Δ
1643 339 1655 352 t
1783 342 1793 357 ³
1841 341 1853 358 ι

134 385 183 418 19·
354 363 429 391 και
464 364 488 391 ο
517 345 714 396 Παυλος
748 365 866 409 προς
900 365 1028 395 τινας
1062 349 1188 407 λεγει
1215 348 1241 371 “
1262 345 1448 404 Τεκνια,
1474 364 1552 394 ους
1586 348 1734 391 παλιν
1765 342 1934 403 ωδινω,

355 429 381 451 “
407 422 542 490 ἄχρις
567 423 621 474 οὗ
646 428 882 493 μορφωθῇ
909 422 1123 490 Χριστὸς
1149 425 1197 474 ἐν
1224 422 1371 486 ὑμῖν.”

429 505 736 571 Λογιζώμεθα
789 507 961 556 τοίνυν·
1024 503 1337 573 ἀναλήψομαι
1387 503 1482 570 γὰρ
1530 502 1613 554 τὸν
1656 509 1739 553 τοῦ
1791 501 1940 568 λόγου

353 586 556 638 σκοπόν·
616 588 665 637 ἐν
706 586 792 650 μὲν
832 592 928 641 τοῖς
976 587 1126 652 ἁγίοις
1169 585 1438 654 προφήταις
1480 585 1732 655 ἐ’λλαμψιν
1777 584 1940 651 ὥσπερ
1960 603 1982 642 5

354 668 459 719 τινὰ
508 670 751 720 πλουσίαν
801 670 876 719 καὶ
927 669 1181 737 δᾳδουχίαν
1230 668 1450 734 γενέσθαι
1505 673 1589 718 τοῦ
1642 667 1936 731 Πνεύματος,

355 754 673 817 παιδαγωγεῖν
713 751 980 818 ἰσχύουσαν
1019 754 1082 804 εἰς
1126 750 1212 815 τὴν
1250 755 1345 801 τῶν
1384 750 1622 814 ἐσομένων
1665 748 1942 816 κατάληψιν

310 835 430 883 (1καί
468 837 563 884 τῶν
598 834 925 898 κεκρυμμένων
960 832 1046 897 τὴν
1077 836 1276 899 γνῶσιν·
1332 835 1380 883 ἐν
1413 831 1462 884 δὲ
1500 837 1595 886 τοῖς
1632 830 1943 883 πιστεύουσιν

354 918 417 968 εἰς
451 913 668 980 Χριστὸν
699 916 753 965 οὐ
792 914 1046 984 δᾳδουχίαν
1081 916 1248 969 ἁπλῶς
1277 914 1364 979 τὴν
1398 914 1492 966 ἀπὸ
1531 920 1614 965 τοῦ
1643 913 1939 976 Πνεύματος,

354 997 465 1046 ἀλλ’
494 995 608 1047 αὐτὸ
645 1002 874 1047 κατοικεῖν
899 995 954 1048 τὸ
990 1000 1198 1059 Πνεῦμα,
1226 999 1302 1047 καὶ
1339 995 1664 1063 ἐναυλίζεσθαι
1701 995 1936 1062 τεθαρσή-
1965 1017 2014 1041 10
2063 997 2070 1065 ⁵⁷

355 1101 518 1141 καμεν.
577 1078 685 1130 ὅθεν
729 1078 917 1132 εἰκότως
959 1082 1035 1129 καὶ
1082 1081 1182 1130 ναοὶ
1224 1082 1350 1130 Θεοῦ
1394 1078 1752 1146 χρηματίζομεν,
1794 1079 1944 1128 καίτοι

354 1166 449 1212 τῶν
494 1162 642 1226 ἁγίων
683 1164 946 1228 προφητῶν
990 1159 1176 1213 οὐδενὸς
1221 1161 1345 1211 θείου
1390 1165 1502 1211 ναοῦ
1551 1158 1945 1227 κεχρηματικότος

354 1243 563 1294 πώποτε.
616 1244 714 1293 ἐπεὶ
739 1247 841 1296 πῶς
866 1244 1009 1293 ἐκεῖνο
1036 1240 1387 1311 διαληψόμεθα,
1413 1242 1462 1292 τί
1484 1241 1532 1292 δὲ
1560 1241 1617 1305 δὴ
1643 1243 1718 1293 καὶ
1751 1242 1944 1307 ἐροῦμεν

356 1324 470 1376 ὅταν
520 1324 799 1387 ἀκούσωμεν
849 1329 933 1375 τοῦ
987 1326 1209 1391 Σωτῆρος
1263 1324 1487 1391 λέγοντος
1545 1324 1677 1389 ἡμῶν
1726 1327 1945 1390 Χριστοῦ

131 1397 293 1472 {ffifffth‘
356 1414 383 1436 ‘⁶
406 1405 563 1471 Ἀμὴν
602 1406 726 1470 ἀμὴν
765 1405 893 1471 λέγω
933 1407 1052 1471 ὑμῖν,
1094 1407 1176 1457 οὐκ
1216 1406 1462 1473 ἐγήγερται
1500 1408 1548 1457 ἐν
1587 1410 1824 1471 γεννητοῖς
1862 1428 1945 1471 γυ-
1969 1421 2015 1460 15
2063 1418 2067 1447 ἓ

357 1497 385 1518 “
413 1494 584 1540 ναικῶν
614 1488 779 1554 μείζων
805 1487 1029 1539 Ἰωάννου
1065 1494 1148 1539 τοῦ
1184 1492 1479 1539 Βαπτιστοῦ·
1523 1489 1548 1539 ὁ
1587 1487 1635 1538 δὲ
1675 1486 1947 1553 μικρότερος

359 1579 385 1601 “
411 1573 459 1621 ἐν
486 1573 543 1639 τῇ
569 1572 797 1639 βασιλείᾳ
824 1575 918 1622 τῶν
946 1572 1157 1637 οὐρανῶν
1183 1571 1349 1637 μείζων
1374 1571 1518 1621 αὐτοῦ
1543 1569 1732 1632 ἐστιν;”
1776 1571 1851 1620 καὶ
1877 1569 1948 1622 τίς

358 1654 386 1717 ἡ
429 1654 658 1713 βασιλεία
702 1658 797 1704 τῶν
838 1654 1084 1719 οὐρανῶν;
1141 1652 1169 1716 ἡ
1217 1651 1350 1705 δόσις
1393 1650 1614 1716 δηλονότι
1657 1657 1741 1702 τοῦ
1780 1651 1949 1717 (Αγίου

134 1734 166 1765 S.
183 1734 264 1764 Luc.

132 1779 201 1809 xvii
235 1786 285 1808 ΖΙ.
361 1735 639 1799 Πνεύματος
687 1736 784 1785 κατ’
834 1736 977 1786 ἐκεῖνο
1028 1734 1082 1785 τὸ
1134 1734 1373 1800 εἰρημένον
1420 1741 1446 1763 “
1470 1735 1536 1786 ‘H
1582 1734 1809 1794 βασιλεία
1853 1737 1949 1783 τῶν

359 1825 385 1846 “
413 1819 624 1882 οὐρανῶν
667 1817 798 1872 ἐντὸς
850 1819 980 1882 ὑμῶν
1024 1816 1201 1867 ε’στίν·”
1262 1815 1547 1883 ἐναυλίζεται
1598 1815 1692 1881 γὰρ
1740 1816 1850 1880 ἡμῖν
1893 1813 1948 1866 τὸ
1969 1836 2020 1862 20
2065 1835 2069 1879 ζ

360 1903 558 1962 Πνεῦμα
589 1899 665 1950 διὰ
700 1903 784 1964 τῆς
817 1900 1037 1953 πίστεως.
1096 1900 1210 1967 ὁρᾷς
1235 1899 1316 1948 οὖν
1343 1897 1468 1952 ὅπως
1496 1896 1747 1964 προτάττει
1771 1896 1949 1951 παντὸς

359 1987 584 2047 γεννητοῦ
609 1986 842 2048 γυναικῶν
868 1979 952 2031 τὸν
978 1982 1026 2031 ἐν
1052 1985 1110 2047 τῇ
1137 1981 1366 2048 βασιλείᾳ
1390 1984 1485 2030 τῶν
1511 1980 1735 2046 οὐρανῶν,
1762 1981 1838 2030 καὶ
1865 1984 1949 2030 τοῦ

359 2065 538 2115 τελείου
564 2064 1002 2126 μειονεκτούμενονς
1032 2066 1107 2113 καί
1135 2062 1198 2126 μή
1225 2085 1295 2116 τις
1322 2061 1494 2113 οἰέσθω
1520 2061 1607 2126 τὴν
1633 2060 1839 2131 δόξαν,ἢ
1866 2064 1950 2125 τῆς

137 2163 221 2198 475
236 2162 287 2197 A.
318 2172 340 2195 a
360 2147 545 2197 ἐκείνων
571 2147 737 2210 ἀρετῆς
775 2143 1167 2210 κατασμικρύνειν
1201 2144 1323 2207 ἡμᾶς
1356 2147 1450 2194 τῶν
1484 2143 1643 2208 ἁγίων,
1670 2142 1699 2208 ἢ
1736 2144 1949 2206 ἀμείνους

361 2226 474 2279 εἶναι
512 2227 666 2293 λέγειν
693 2229 768 2278 καὶ
803 2226 911 2280 τοὺς
947 2223 1324 2278 εὐτελεστάτους.
1381 2226 1435 2275 οὐ
1469 2224 1563 2291 γὰρ
1597 2223 1736 2276 τοῦτό
1772 2230 1944 2294 φαμεν·
1971 2245 2020 2284 25
2068 2215 2070 2240 Ρ

361 2310 651 2377 ἀσύγκριτον
678 2332 771 2376 γαρ
806 2311 888 2372 τῆς
924 2309 1107 2359 ἐκείνων
1133 2307 1375 2361 πολιτείας
1411 2306 1465 2358 τὸ
1502 2305 1696 2361 κάλλος.
1751 2307 1866 2374 ὑπὲρ
1901 2307 1950 2358 δὲ

361 2397 444 2442 τοῦ
471 2392 679 2442 συνιέναι
704 2395 877 2460 σαφῶς
903 2393 951 2441 ἐν
977 2391 1157 2455 ὀλίγοις
1186 2390 1593 2456 διερμηνεύσωμεν
1619 2387 1673 2440 τὸ
1705 2389 1835 2455 παρὰ
1866 2395 1951 2440 τοῦ

363 2477 583 2540 Σωτῆρος
634 2474 768 2537 ἡμῶν
818 2473 1071 2539 εἰρημενον.
1146 2470 1292 2537 μέγας
1342 2471 1401 2536 ἠν
1452 2471 1597 2524 ὅντως
1648 2472 1673 2522 ὁ
1723 2469 1950 2537 μακάριος

364 2555 654 2619 Βαπτιστὴς,
691 2557 766 2606 καί
806 2554 881 2605 διὰ
918 2577 1080 2618 πασης
1119 2553 1203 2617 μὲν
1243 2554 1410 2618 ἀρετῆς
1448 2554 1839 2618 ἐκπρεπέστατος,
1877 2553 1947 2604 ἐπ’

361 2636 527 2691 αὐτοὺς
563 2636 612 2688 δὲ
649 2636 820 2688 λοιπὸν
852 2634 1034 2689 ἐλάσας
1071 2638 1154 2699 τῆς
1192 2635 1389 2699 ἐνούσης
1425 2637 1474 2686 ἐν
1509 2635 1618 2698 ἡμῖν
1650 2634 1949 2698 δικαιοσύνης
1971 2653 2021 2689 30
2070 2688 2072 2702 ‚

409 2771 442 2805 3.
467 2760 630 2805 μορμωθῇ
653 2759 694 2794 Β.
767 2758 861 2805 ὑμῖν]
886 2763 923 2800 -Ι-
944 2758 1023 2793 ἆλλ’
1042 2759 1071 2793 εἰ
1087 2760 1188 2793 τοῦτο
1204 2761 1274 2794 πῶς
1292 2757 1331 2801 ἦν
1349 2758 1383 2793 ἐν
1400 2760 1470 2794 τοῖς
1487 2757 1703 2803 προφήταις;
1722 2757 1816 2792 Aub.
1835 2770 1853 2791 e
1872 2757 1951 2794 Cat.

365 2808 463 2841 Harl.
482 2813 515 2841 et
533 2808 579 2840 ita
596 2818 660 2840 a.c.
680 2806 787 2841 Cord.
937 2818 969 2848 4.
996 2805 1202 2851 λογιζόμεθα
1219 2817 1282 2839 ax).
1303 2804 1409 2839 Cord.
1483 2804 1706 2850 ἀναλήψομαι
1723 2816 1753 2839 a.
1771 2804 1950 2849 ἀναλήψο-

360 2854 458 2908 μεθαι
478 2854 530 2898 (=
548 2853 785 2897 ἀναλήψομαι)
805 2852 847 2887 Β.
866 2852 1114 2897 ἀναληψόμεθα
1136 2851 1252 2886 Holst.
1273 2851 1340 2885 Ed.
1402 2854 1462 2886 τοῦ
1479 2853 1587 2897 λόγου
1606 2851 1699 2886 Aub.
1718 2863 1736 2885 e
1755 2851 1832 2885 Cat.
1853 2857 1886 2885 et
1903 2851 1951 2885 ita

361 2925 391 2946 a.
409 2910 529 2945 τούτου
550 2911 589 2945 Β.
610 2910 674 2945 Ht.
920 2921 973 2945 10.
999 2909 1254 2955 τεθαρσήκαμεν
1274 2909 1383 2943 B.a.c.
1404 2908 1509 2944 Cord.
1529 2908 1779 2952 τεθαρρήκαμεν
1798 2908 1861 2942 Ht.
1882 2908 1948 2943 Ed.

363 2969 418 2992 20.
437 2958 514 3002 ὑμῖν
533 2957 668 3003 Migne.
743 2968 797 2992 21.
817 2958 998 3001 προτάττει
1018 2957 1060 2991 B.
1078 2957 1249 3002 προτάττῃ
1272 2955 1332 2990 Ht.
1349 2955 1415 2990 Ed.
1492 2967 1547 2990 22.
1565 2957 1623 2990 τὸν
1636 2955 1676 2990 Β.
1696 2956 1758 2990 Ht.
1777 2956 1815 2989 τὸ
1829 2955 1923 2990 Aub.
