2021 3296
84 783 137 814 ΡΒ.
157 783 196 814 ci.

83 1106 177 1136 Infra

83 1150 150 1181 xiv.
169 1148 199 1179 6.

82 1758 133 1788 Ib.
154 1758 219 1790 xvi.

84 1802 135 1833 28.

305 162 357 200 18
706 160 754 198 B.
787 157 1061 199 CYRILLI
1104 155 1483 197 ALEXANDR.
1802 154 1826 193 i.
1853 167 1884 193 I.

474 332 654 385 Ἑτέρως,
687 334 740 374 εἰς
768 333 812 372 τὸ
844 332 936 373 αὐτὸ
968 331 1184 383 θεωρητέον
1214 330 1288 371 Ἐν
1319 330 1418 385 ἀρχῇ
1448 330 1496 380 ἥν
1528 331 1547 369 ὁ
1576 330 1716 382 Λόγος.

377 450 560 519 Ἀρχὴν
586 451 710 505 ὅλως
736 451 822 515 τὴν
848 453 896 501 ἐν
921 449 1077 519 χρόνῳ
1105 449 1359 513 νοουμένην
1385 450 1468 500 οὐκ
1493 449 1598 499 ἔστι
1623 451 1790 509 λαβεῖν
1816 448 1890 498 ἐπὶ

304 539 387 584 τοῦ
416 537 732 598 Μονογενοῦς,
759 533 946 598 ἐπείπερ
984 533 1086 582 ἐστὶ
1119 530 1213 598 πρὸ
1250 529 1422 598 χρόνου
1455 528 1646 593 παντὸς,
1672 531 1748 580 καὶ
1772 551 1890 594 προ-

262 627 290 668 d
306 615 492 665 αιώνιον
516 614 609 681 ε”χει
634 612 720 677 τὴν
747 614 962 682 ὕπαρξιν,
980 613 1045 664 ε”τι
1072 635 1122 664 τε
1146 611 1265 678 πρὸς
1290 615 1499 663 τουτοισὶ
1524 611 1578 663 τὸ
1604 611 1890 676 καταλήγειν

305 699 368 750 εἷς
401 694 539 749 τέλος
574 696 602 759 ἡ
639 696 738 746 θεία
771 699 1063 762 παραιτεῖται
1099 695 1260 764 φύσις·
1303 694 1396 763 ἕξει
1426 693 1520 761 γὰρ
1554 693 1780 746 ὡσαύτως
1805 693 1888 755 ἀεὶ,
1909 710 1931 749 5

305 776 424 828 κατὰ
449 775 502 828 τὸ
529 778 577 827 ἐν
602 780 817 846 ψαλμοῖς
843 776 1201 847 μελῳδούμενον
1220 783 1248 805 “
1265 774 1333 827 Σὺ
1360 775 1408 826 δὲ
1436 777 1460 827 ὁ
1486 775 1623 830 αὐτὸς
1649 773 1700 838 εἶ,
1728 775 1803 825 καὶ
1830 772 1890 824 τὰ

304 866 332 889 “
358 859 437 923 ε”τη
472 881 563 909 σου
600 859 683 909 οὐκ
716 859 1063 928 {mmmmm-'⁹
1104 858 1198 910 ἀπὸ
1231 859 1367 912 ποίας
1393 859 1475 908 οὖν
1500 858 1608 922 ἡμῖν
1634 859 1781 925 ἀρχῆς
1807 858 1891 920 τῆς

303 942 351 991 ἐν
376 938 533 1010 χρόνῳ
570 941 646 991 καὶ
680 946 822 1009 ποσῷ
856 941 1169 1007 μετρουμένης
1205 941 1230 990 ὁ
1265 941 1379 994 Υἱὸς
1413 939 1682 1004 ἐκβήσεται,
1711 937 1891 1006 τρέχειν

305 1026 367 1075 εἷς
400 1020 539 1075 τέλος
574 1023 656 1072 οὐκ
691 1021 983 1089 ἀνεχόμενος,
1012 1021 1092 1073 ἅτε
1131 1021 1186 1085 δὴ
1227 1024 1301 1072 καὶ
1336 1020 1456 1073 κατὰ
1490 1021 1639 1091 φύσιν
1666 1018 1891 1087 ὑπάρχων

305 1101 441 1166 Θεὸς,
458 1106 533 1154 καὶ
554 1102 628 1154 διὰ
648 1110 787 1155 τοῦτο
812 1108 942 1164 βοῶν
958 1111 984 1134 “
1001 1103 1131 1170 Ἐγώ
1158 1108 1247 1168 εἶμι
1273 1105 1301 1167 ἡ
1322 1103 1412 1170 ζωή
1435 1105 1476 1165 ;”
1506 1102 1629 1170 ἀρχὴ
1654 1101 1748 1169 γὰρ
1773 1101 1890 1165 αὐτὴ

305 1186 412 1236 καθ’
441 1184 609 1248 ἑαυτὴν
640 1186 724 1235 οὐκ
757 1185 814 1236 ἂν
842 1185 966 1240 ὅλως
1000 1186 1227 1254 ὑπάρχειν
1254 1184 1404 1237 νοοῖτό
1438 1208 1552 1236 ποτε
1587 1183 1650 1248 μὴ
1685 1182 1804 1250 πρὸς
1837 1181 1891 1234 τὸ

266 1269 471 1316 οοῖκεῖον
499 1267 754 1328 βλέπουσα
793 1265 944 1329 τέλος,
974 1268 1160 1334 ἐπείπερ
1199 1270 1261 1321 ὡς
1298 1267 1417 1334 πρὸς
1455 1265 1593 1319 τέλος
1629 1264 1714 1329 μὲν
1744 1263 1888 1332 ἀρχὴ,

303 1347 440 1401 τέλος
485 1348 528 1398 δ’
570 1349 628 1398 αὖ
672 1346 818 1399 πάλιν
857 1350 919 1401 ὡς
959 1347 1077 1415 πρὸς
1121 1348 1273 1416 ἀρχὴν
1311 1347 1595 1415 ὀνομάζεται·
1654 1345 1805 1415 ἀρχὴν
1843 1345 1893 1397 δὲ

301 1428 449 1480 πάλιν
487 1430 535 1479 ἐν
573 1428 768 1491 τούτοις,
806 1429 892 1493 τὴν
931 1429 1050 1480 κατὰ
1088 1430 1259 1497 χρόνον
1293 1430 1395 1495 ἤτοι
1431 1429 1681 1492 ποσότητα
1718 1429 1893 1493 σημαί-

304 1533 455 1574 νομεν.
508 1511 676 1561 οὐκοῦν
703 1510 948 1577 ἐπειδήπερ
984 1512 1059 1561 καὶ
1093 1512 1246 1562 αὐτῶν
1271 1513 1374 1562 ἐστι
1407 1515 1502 1562 τῶν
1528 1511 1708 1562 αἰώνων
1738 1533 1889 1578 πρεσ-

301 1591 498 1658 βύτερος
537 1593 562 1643 ὁ
600 1590 728 1654 Υἱὸς,
761 1591 814 1642 τὸ
853 1591 938 1656 μὲν
972 1593 1020 1642 ἐν
1056 1592 1211 1662 χρόνῳ
1249 1595 1536 1659 γεγενῆσθαι
1573 1591 1890 1662 διαφεύξεται·

304 1671 346 1734 ἧν
378 1673 427 1724 δὲ
465 1675 541 1724 καὶ
579 1672 655 1723 διὰ
692 1672 871 1726 παντὸς
906 1675 968 1728 ὡς
1006 1675 1054 1723 ἐν
1085 1678 1217 1742 πηγῇ
1248 1677 1316 1744 τῷ
1348 1676 1505 1741 Πατρὶ
1537 1673 1659 1726 κατὰ
1690 1672 1745 1725 τὸ
1780 1674 1891 1740 παρ’

306 1756 448 1807 αὐτοῦ
474 1754 761 1820 λελεγμένον
787 1761 814 1784 “
833 1754 966 1821 Ἐγὼ
1002 1756 1051 1806 ἐκ
1086 1761 1169 1806 τοῦ
1198 1754 1389 1822 Πατρὸς
1415 1756 1620 1825 ἐξῆλθον
1646 1757 1723 1807 καὶ
1748 1754 1892 1820 ἥκω.”

303 1840 461 1903 πηγῆς
487 1842 738 1903 τοιγαροῦν
766 1835 1015 1901 νοουμένου
1044 1843 1128 1888 τοῦ
1157 1837 1362 1903 Πατρὸς,
1390 1834 1432 1898 ἧν
1465 1843 1483 1890 o‘
1511 1840 1659 1904 Λόγος
1698 1838 1736 1889 ἐν
1767 1838 1894 1908 αὐτῷ

306 1919 459 1987 σοφία
493 1921 569 1969 καὶ
605 1917 797 1982 δύναμις
835 1920 911 1969 καὶ
946 1918 1188 1986 χαρακτὴρ
1224 1922 1299 1970 καὶ
1334 1918 1632 1985 ἀπαύγασμα
1658 1921 1734 1970 καὶ
1760 1918 1894 1971 εἰκὼν

84 2016 133 2051 12
149 2016 199 2051 A.
268 1999 533 2068 εὑπάρχων
564 2001 720 2052 αὐτοῦ.
773 2002 847 2051 καὶ
886 2003 924 2051 εἰ
958 1999 1128 2068 χρόνος
1160 1999 1219 2065 ἧν
1253 2002 1413 2065 οὐδεὶς,
1445 2000 1522 2052 ὅτε
1555 2000 1716 2067 Λόγου
1751 2003 1894 2070 χωρὶς

306 2084 382 2134 καὶ
408 2083 586 2151 σοφίας
619 2084 694 2133 καὶ
727 2085 1024 2149 χαρακτῆρος
1059 2085 1135 2134 καὶ
1169 2082 1546 2149 ἀπαυγάσματος
1571 2082 1629 2148 ἧν
1656 2084 1681 2134 ὁ
1710 2083 1895 2151 Πατὴρ,

305 2162 486 2228 ἀνάγκη
531 2169 877 2229 συνομολογεῖν
915 2163 1063 2216 ἀΐδιον
1099 2164 1324 2232 ὑπάρχειν
1363 2164 1446 2217 τὸν
1484 2164 1616 2228 Υιὸν,
1655 2163 1705 2218 ὃς
1746 2164 1895 2216 ταῦτά

306 2246 410 2296 ἐστι
435 2248 501 2314 τῳ
527 2246 658 2314 ἀϊδίῳ
687 2246 856 2311 Πατρί.
909 2250 1009 2299 πῶς
1035 2244 1129 2313 γὰρ
1155 2245 1279 2300 ὅλως
1305 2248 1408 2298 ἐστὶ
1434 2245 1692 2314 χαρακτὴρ,
1718 2251 1818 2301 πῶς
1844 2245 1895 2298 δὲ

298 2325 442 2378 ἐἰκὼν
474 2326 685 2393 ἀκριβὴς,
718 2331 755 2377 εἰ
794 2326 859 2391 μὴ
897 2327 1015 2393 πρὸς
1054 2330 1197 2379 ἐκεῖνο
1235 2329 1605 2397 μεμορφωμένος
1641 2329 1805 2394 ὁρᾶται
1840 2327 1894 2380 τὸ

307 2408 502 2471 κάλλος,
531 2409 584 2459 οὗ
611 2410 690 2459 καί
712 2410 843 2459 ἐστιν
870 2409 1035 2471 εἰκών;

380 2489 624 2555 Ἀδικήσει
664 2489 713 2541 δὲ
752 2491 875 2544 ὅλως
914 2490 1047 2542 οὐδὲν
1078 2490 1132 2542 τὸ
1172 2493 1233 2544 ὡς
1273 2493 1320 2541 ἐν
1350 2495 1482 2558 πηγῇ
1521 2495 1588 2560 τῷ
1622 2493 1778 2559 Πατρὶ
1811 2491 1895 2543 τὸν

355 2681 387 2714 3.
414 2669 551 2714 ἐπείπερ
570 2669 707 2704 B.D.E.
727 2668 836 2704 Euth.
854 2669 924 2704 ἐπεὶ
942 2670 1008 2714 γὰρ
1027 2669 1094 2703 Ed.
1353 2681 1389 2711 4.
1413 2668 1574 2715 ὕπαρξιν]
1593 2669 1752 2715 γέννησιν
1771 2670 1814 2706 Β.
1833 2670 1894 2705 sed

308 2714 451 2760 ὕπαρξιν
472 2728 647 2760 suprascr.
669 2715 774 2750 habet
798 2716 838 2751 B.
910 2717 1062 2750 τουτοισὶ
1082 2715 1173 2750 B.D.
1191 2716 1298 2750 Euth.
1319 2715 1468 2762 [τούτοις
1485 2717 1513 2750 εἶ
1532 2716 1574 2751 Β.
1592 2718 1766 2752 τουτοισοὶ
1785 2717 1893 2752 Euth.

310 2761 398 2796 Cod.
417 2762 543 2796 Vienn.
571 2763 720 2797 Nesselii
743 2762 797 2808 76.
822 2763 996 2798 τοῦτοισοί
1015 2763 1171 2809 ejusdem
1195 2762 1284 2797 Cod.
1301 2763 1376 2807 34]
1404 2762 1534 2799 τούτοις
1553 2763 1620 2798 Ed.
1694 2764 1895 2810 καταλήγειν

308 2807 371 2853 εἷς]
392 2810 572 2855 καταλήγει
589 2824 618 2843 ει
636 2810 717 2853 (sic)
735 2810 782 2845 εἷς
798 2811 836 2844 τὸ
856 2810 898 2844 Β.
1057 2821 1089 2852 5.
1116 2810 1186 2854 ἔχει
1206 2809 1374 2855 Euthym.
1539 2821 1570 2855 7.
1595 2809 1654 2845 οὖν
1671 2818 1893 2856 assumptum

308 2865 350 2888 ex
369 2855 477 2889 Euth.
666 2868 698 2901 9.
725 2857 784 2891 ἅτε
802 2856 910 2891 Euth.
931 2855 996 2890 Ed.
1014 2855 1081 2890 ὅσα
1098 2871 1134 2890 τε
1153 2856 1194 2890 Β.
1383 2867 1434 2891 10.
1459 2858 1551 2897 βοῶν
1567 2857 1621 2891 διὰ
1639 2860 1738 2891 τοῦτο
1755 2858 1893 2892 inverso

307 2901 429 2935 ordine
447 2901 671 2947 Euthymius.
736 2903 817 2947 αὐτὴ
837 2904 883 2938 D.
903 2902 1011 2937 Euth.
1031 2903 1165 2948 Migne.
1183 2902 1264 2947 αὕτη
1284 2903 1350 2937 Ed.
1583 2915 1635 2949 13.
1661 2903 1708 2949 δ’]
1727 2904 1763 2938 δέ
1783 2903 1891 2938 Euth.

312 2947 364 2982 18.
390 2949 573 2994 λεγόμενον
591 2949 698 2984 Euth.
763 2949 847 2996 ἐγὼ]
872 2955 909 2992 -Ι-
930 2950 966 2984 δέ
984 2950 1027 2984 Ε.
1171 2961 1226 2984 21.
1253 2951 1357 2996 χωρὶς
1374 2952 1481 2995 λόγου
1496 2951 1634 2986 inverso
1652 2951 1774 2985 ordine
1794 2950 1834 2984 Β.

1917 1114 2016 1149 10³

1915 1946 2010 1979 20¹
