2084 3317
328 176 413 214 450
732 173 782 213 B.
815 168 1092 213 CYRILLI
1134 162 1513 208 ALEXANDR.
1774 155 1829 195 vi.
1851 164 1915 205 27·

330 283 557 349 παράπαν
584 281 955 350 διισχυρίζεσθαι
983 276 1345 342 μελετήσαντες,
1374 271 1547 322 ὡσανεὶ
1574 290 1650 319 και
1677 265 1773 316 κατ’
1803 262 1920 326 ἀλή-

333 369 461 416 θειαν
488 364 727 434 δυναμένω
766 363 896 414 τοῦθ’
928 361 1043 425 όπερ
1076 359 1231 410 αὐτοῖς
1267 353 1388 406 κατὰ
1422 358 1530 403 νοῦν
1557 352 1689 401 ἐστιν
1715 344 1921 416 ἐξανύειν

334 451 504 500 καλῶς.
555 447 604 496 τί
638 444 732 512 γὰρ
772 445 897 497 ὅλως
936 444 1010 493 ἐπι
1049 440 1200 508 τούτῳ
1240 439 1316 488 καὶ
1354 434 1656 486 διατείνονται
1695 427 1861 493 μάτην,
1892 423 1922 488 ἢ

333 529 478 580 πόθεν
510 526 603 578 ἀπὸ
642 525 788 590 μόνης
826 528 908 588 τῆς
948 522 1045 575 κατ’
1076 522 1196 572 ἰδίαν
1232 517 1436 616 ὕπαρξιν
1471 512 1739 608 ἑτερότητος
1777 506 1924 559 διατέ-

1946 601 1967 638 en

335 632 508 673 μνουσι
546 632 629 659 του
665 606 856 673 Πατρος
895 605 978 656 τὸν
1004 603 1154 663 Υἱόν;
1195 602 1248 653 οὐ
1287 599 1381 667 γὰρ
1420 597 1571 662 δήπου
1608 593 1663 645 τὸ
1702 590 1927 657 ὑπάρχειν

337 690 479 742 αὐτὸν
505 687 862 751 ἶδιοσυστάτως,
890 689 964 738 καὶ
991 689 1073 750 τῆς
1100 690 1183 736 τοῦ
1219 682 1434 734 τεκόντος
1469 678 1634 730 οὐσιας
1670 672 1927 737 ἀλλότριον

338 772 602 841 ἀποφαίνει.
663 794 767 822 εστι
800 793 884 835 μεν
909 768 1003 835 γὰρ
1038 769 1088 818 ἐκ
1122 764 1313 831 Πατρος
1351 758 1755 826 ὁμολογουμενως,
1783 755 1844 806 ὡς
1879 773 1929 802 εκ

295 863 321 903 d
340 858 423 951 τῆς
462 855 627 907 οὐσίας
666 854 822 915 αὐτοῦ,
862 852 966 903 ἐστι
1005 850 1053 901 δὲ
1093 850 1151 900 αὐ
1192 847 1341 900 πάλιν
1381 846 1429 896 ἐν
1470 842 1626 907 Πατρὶ
1670 836 1746 889 διὰ
1789 834 1843 886 τὸ
1883 834 1931 884 ἐν

342 938 467 1006 αὐτῶ
511 934 632 986 κατὰ
674 934 825 1003 φύσιν
868 932 1111 999 ὑπάρχειν·
1166 954 1242 981 και
1281 929 1424 979 αὑτοῦ
1466 923 1691 990 λε’γοντος
1735 915 1932 983 ἀκούσῃ,

116 1024 242 1105 {¹3¹³ss
341 1018 455 1070 ποτὲ
482 1018 566 1082 μέν
594 1026 620 1048 “
640 1016 772 1083 Ἐγὼ
806 1019 854 1068 ἐκ
890 1021 972 1067 τοῦ
1002 1012 1194 1080 Πατρος
1230 1011 1436 1081 ἐξῆλθον
1462 1031 1538 1059 και
1567 1004 1691 1070 ἥκω·’
1746 998 1859 1053 ποτὲ
1886 997 1934 1048 δε
1957 1016 2004 1041 10

120 1112 172 1141 ΙΙ).
192 1112 258 1141 xiv.

122 1164 161 1185 ιο
344 1102 402 1152 αὐ
451 1100 600 1152 πάλιν
646 1108 673 1130 “
697 1099 829 1166 Ἐγὼ
879 1100 927 1149 ἐν
970 1102 1037 1148 τῶ
1082 1097 1238 1161 Πατρι
1284 1117 1359 1144 και
1404 1092 1429 1142 ὁ
1475 1087 1644 1154 Πατὴρ
1694 1086 1742 1136 ἐν
1786 1081 1903 1146 ἐμοι.
1908 1081 1932 1096 ”

345 1181 642 1250 ἀναχωρήσει
680 1205 766 1245 μεν
803 1180 897 1247 γὰρ
936 1181 1019 1230 οὐκ
1058 1182 1119 1231 εἰς
1162 1175 1370 1240 ιδιότητα
1413 1174 1660 1225 παντελῶς
1706 1189 1780 1217 και
1826 1165 1935 1215 ὁλο-

344 1264 531 1330 τρόπως
583 1262 949 1332 κεχωρισμένην,
994 1260 1070 1311 διὰ
1120 1259 1175 1310 τὸ
1220 1260 1268 1309 ἐν
1312 1260 1397 1325 μιᾶ
1441 1253 1624 1316 θεότητι
1668 1248 1754 1314 τὴν
1799 1246 1938 1311 ἁγίαν

347 1351 559 1398 νοεῖσθαι
585 1344 785 1412 Τριάδα,
812 1345 923 1395 ἀλλ’
953 1342 1017 1394 ὧν
1043 1344 1091 1393 ἐν
1119 1342 1276 1406 Πατρι
1303 1337 1422 1390 κατὰ
1449 1335 1612 1401 λόγον,
1639 1332 1740 1396 ἠτοι
1767 1349 1940 1396 σχεσιν

347 1428 636 1480 ἀδιάστατον
661 1426 747 1492 τὴν
772 1429 834 1480 ὡς
861 1427 909 1477 ἐν
935 1423 1281 1489 ὀμοουσιότητι,
1307 1444 1382 1472 και
1410 1419 1466 1488 ἐξ
1489 1418 1631 1468 αὐτοῦ
1659 1410 1941 1477 νοηθήσεται
1965 1428 2011 1465 15

310 1509 469 1562 θκατά
506 1508 713 1576 πρόοδον
752 1507 1029 1575 ἀποῤῥήτως
1067 1505 1153 1570 τὴν
1191 1501 1489 1573 εκφαντικὴν,
1529 1499 1631 1564 η’τοι
1668 1495 1753 1560 τὴν
1793 1495 1854 1547 ὡς
1895 1493 1942 1542 ἐν

350 1592 708 1659 ἀπαυγάσματι.
761 1595 864 1659 φῶς
902 1589 994 1656 γάρ
1033 1590 1165 1639 ἐστιν
1201 1589 1251 1638 ἐκ
1291 1584 1463 1654 φωτός.
1516 1582 1681 1632 οὐκοῦν
1712 1579 1760 1629 ἐν
1789 1575 1944 1641 Πατρι

352 1678 427 1727 καὶ
462 1677 512 1726 ἐκ
546 1680 630 1726 τοῦ
667 1672 874 1740 Πατρὸς,
902 1669 1202 1723 ἀδιαστάτως
1241 1691 1290 1719 τε
1331 1666 1427 1730 ἅμα
1463 1667 1538 1716 καὶ
1574 1657 1944 1730 κεχωρισμενως,

353 1761 415 1812 ὡς
450 1756 535 1820 μὲν
566 1754 810 1824 χαρακτὴρ
846 1752 1139 1821 ἐνυπάρχων,
1176 1749 1311 1802 εικὼν
1341 1748 1391 1800 δὲ
1427 1750 1489 1801 ὡς
1525 1768 1644 1812 προς
1682 1740 1948 1809 ἀρχέτυπον

354 1842 402 1891 ἐν
429 1840 522 1890 ἰδία
557 1837 804 1901 νοούμενος
842 1835 1058 1905 ὑπάρξει.
1111 1831 1411 1898 ποιησόμεθα
1450 1829 1498 1881 δὲ
1537 1829 1625 1895 οὐχ
1662 1827 1830 1877 ἁπλῶς
1866 1821 1948 1873 τὸν
1970 1843 2019 1869 20

356 1924 431 1974 ἐπὶ
469 1921 620 1972 τούτω
659 1919 822 1985 λόγον,
862 1919 972 1969 ἀλλ’
1010 1919 1060 1968 ἐκ
1098 1915 1479 1982 παραδείγματος
1519 1915 1709 1974 νομικοῦ
1747 1905 1950 1970 βεβαιώ-

357 2025 508 2066 σομεν
551 2001 851 2069 πανταχόθεν
894 2004 990 2053 τοῖς
1041 1997 1328 2066 ἑτεροδόξοις·
1371 1994 1458 2060 τὴν
1504 1995 1554 2045 ἐκ
1598 1994 1681 2055 τῆς
1730 1986 1952 2053 ἀληθείας

360 2083 710 2152 ἐπιτειχιζοντες
750 2082 959 2145 δύναμιν.

439 2168 629 2218 Οὐκοῦν
653 2164 1035 2232 προσκομίζειν
1017 2186 1041 2213 ο
1078 2161 1218 2226 νόμος
1253 2165 1348 2215 τοῖς
1383 2159 1440 2229 ἐξ
1469 2156 1673 2225 Ἰσραὴλ
1708 2152 1955 2222 διετάξατο

141 2261 294 2298 307Α-
327 2249 542 2316 ἃλύτρον
568 2251 651 2312 τῆς
678 2248 846 2301 οἶκειας
882 2268 1085 2297 εκαστον
1112 2246 1339 2341 κεφαλῆς,
1365 2249 1393 2272 “
1410 2264 1465 2293 το
1499 2241 1647 2305 ἥμισυ
1681 2242 1764 2288 τοῦ
1799 2235 1957 2301 διδρά-
1977 2255 2026 2294 25

142 2313 289 2396 &3513
366 2332 574 2429 “χμου.’
642 2331 690 2380 ἐν
717 2329 764 2380 δὲ
798 2330 864 2380 ἑνι
898 2330 1100 2393 στατῆρι
1136 2348 1191 2377 το
1228 2326 1486 2392 δίδραχμον
1512 2321 1582 2387 ἧν.
1635 2319 1766 2371 ἀλλα
1801 2342 1876 2369 και
1910 2319 1959 2368 ἐν

366 2414 517 2482 τούτω
561 2411 710 2464 πάλιν
753 2409 893 2464 αὐτος
937 2410 1049 2474 ἡμῖν
1093 2409 1460 2504 ἐσκιαγραφεῖτο
1503 2402 1732 2471 Χριστος,
1774 2402 1799 2452 ὃ
1845 2399 1960 2466 ὑπὲρ

367 2494 574 2558 πάντων,
609 2496 672 2547 ὡς
709 2491 839 2559 παρὰ
877 2491 1082 2552 πάντων,
1116 2488 1292 2556 λύτρον
1326 2487 1491 2540 ἑαυτὸν
1528 2482 1857 2553 προσαγαγὼν
1895 2482 1963 2551 τῷ

370 2581 479 2646 Θεῷ
502 2578 580 2628 καὶ
605 2577 777 2641 Πατρὶ,
804 2576 879 2625 καὶ
907 2572 1154 2638 νοούμενος·
1186 2571 1285 2635 μὲν,
1312 2573 1373 2624 ὡς
1409 2571 1458 2621 ἐν
1482 2573 1568 2637 μιᾷ
1603 2569 1805 2634 δραχμῇ,
1831 2563 1963 2628 πλὴν

370 2661 453 2723 τῆς
477 2658 634 2725 ἑτέρας
660 2658 715 2708 οὐ
741 2655 1110 2724 κεχωρισμένως,
1135 2652 1211 2705 ,διὰ
1237 2653 1291 2704 τὸ
1319 2655 1380 2706 ὡς
1413 2653 1462 2702 ἐν
1489 2650 1744 2715 νομίσματι
1778 2651 1846 2717 τῷ
1879 2647 1960 2708 ἑνὶ,
1983 2663 2033 2700 30

372 2739 584 2806 καθάπερ
609 2740 699 2805 ἤδη
723 2736 1078 2805 προειρήκαμεν,
1104 2734 1187 2789 τὰς
1215 2734 1297 2786 δύο
1335 2737 1519 2786 κεῖσθαι
1553 2730 1782 2799 δραχμάς.
1842 2729 1964 2780 οὕτω

423 2943 456 2977 3.
482 2932 536 2966 ἐπὶ
553 2930 661 2976 τούτῳ
678 2935 759 2975 post
775 2930 882 2973 μάτην
899 2934 1032 2972 transp.
1053 2926 1095 2961 B.
1237 2936 1289 2959 ¹0.
1316 2925 1398 2959 ποτὲ
1417 2924 1452 2958 δέ
1470 2922 1512 2958 αὖ
1529 2934 1600 2958 om.
1621 2922 1663 2957 B.
1804 2932 1815 2954 1
1827 2931 1856 2954 2.
1882 2934 1964 2953 παν-

376 2980 457 3020 τελῆ
478 2978 720 3022 B.1.9
748 2976 978 3021 ἀρχαιότυπον
997 2974 1043 3008 D
1189 2983 1244 3016 30.
1272 2972 1316 3007 ὡς
1333 2976 1554 3016 assumptum
1572 2981 1614 3003 ex
1634 2969 1676 3002 B.
