2084 3317
133 1663 225 1693 Infm

132 1717 199 1738 xw.
218 1716 230 1738 1
241 1715 266 1738 1.

353 161 436 201 542
757 162 805 203 B.
840 162 1116 203 CYRILLI
1158 161 1540 202 ALEXANDR.
1803 160 1938 214 vi.57.

354 269 599 336 ζωογονεῖν
625 271 816 336 δύνηται
842 274 917 323 καὶ
943 270 1095 334 αὐτὸς,
1123 270 1331 334 ἀνοήτως
1358 270 1424 321 ε”τι
1451 269 1570 337 ζωὴν
1595 268 1711 320 εἶναι
1739 269 1937 330 δώσετε,

353 354 429 403 καὶ
469 354 570 420 οὐχὶ
611 358 803 417 μᾶλλον
834 354 951 420 ζωῆς
989 356 1072 417 τῆς
1109 354 1218 418 παρ’
1248 351 1404 419 ἑτέρου
1437 353 1652 420 μέτοχον,
1688 350 1856 419 σχέσει
1893 350 1942 401 δὲ

352 439 543 497 μᾶλλον
569 436 645 486 καὶ
670 436 753 486 οὐκ
779 436 1019 488 οὑσιωδῶς
1045 438 1108 488 εἰς
1135 433 1190 485 τὸ
1217 439 1300 485 τοῦ
1326 439 1643 500 χορηγοῦντος
1675 434 1936 497 ἀνακεκλη-

353 516 493 578 μένον
519 516 719 585 ἀξίωμα.
775 518 851 568 καὶ
876 515 1040 582 ὥσπερ
1074 517 1158 567 οὐκ
1189 516 1247 566 ἄν
1272 538 1342 569 τις
1377 514 1586 581 εὐλόγως
1622 515 1705 566 τὸν
1732 520 1939 581 θερμαν-

353 598 493 650 θέντα
519 600 717 664 σίδηρον
744 597 1057 650 ἀποκαλέσειε
1081 603 1192 663 πῦρ,
1213 596 1300 649 κᾶν
1319 596 1406 661 τὴν
1431 602 1514 648 τοῦ
1539 596 1688 664 πυρὸς
1713 596 1942 663 ἐνέργειαν
1964 612 1985 651 5

353 680 451 748 ἔχῃ,
479 680 553 731 διὰ
589 679 643 731 τὸ
678 680 735 749 ἐξ
769 681 913 731 αὐτοῦ
948 679 1275 746 τεθερμάνθαι·
1319 678 1347 743 ἢ
1385 679 1462 729 καὶ
1497 678 1646 730 πάλιν
1673 680 1756 730 οὐκ
1791 679 1849 730 ἄν
1874 701 1944 732 τις

310 770 335 810 (1
355 768 464 813 νοῦν
499 762 620 830 ἔχων
656 761 891 826 ὀνομάσαι
929 760 1264 829 γραμματικὴν
1294 760 1377 812 τὸν
1408 760 1752 827 γραμματικὸν,
1779 760 1855 812 διὰ
1889 759 1944 812 τὸ

354 846 430 895 καὶ
455 844 636 910 ἑτερους
669 844 902 895 δύνασθαι
935 848 1241 912 χειραγωγεῖν
1268 847 1331 897 εἷς
1358 841 1444 906 τὴν
1469 842 1756 908 ἐπιστήμην·
1797 844 1945 896 οὕτως

353 929 428 977 καὶ
463 927 546 978 οὐκ
583 926 640 978 ἂν
666 925 798 992 οἶμαί
827 949 897 980 τις
932 925 992 978 τὰ
1022 926 1177 977 εἰκότα
1212 929 1417 995 φρονῶν,
1445 923 1565 991 ζωὴν
1590 925 1827 990 ὀνομάσαι
1861 926 1945 976 τὸν

353 1008 472 1060 Υὶὸν
498 1007 575 1060 διὰ
600 1008 655 1060 τὸ
690 1012 768 1060 καὶ
804 1009 987 1076 ἑτερους
1021 1007 1254 1060 δύνασθαι
1281 1007 1540 1074 ζωογονεῖν,
1568 1008 1621 1058 οὐ
1648 1006 1770 1058 κατὰ
1796 1006 1945 1076 φύσιν

354 1091 523 1159 ἔχοντα
558 1093 657 1143 κατ’
687 1091 887 1145 ἐκείνους
923 1088 977 1142 τὸ
1012 1089 1127 1142 εἶναι
1162 1088 1267 1157 ζωὴ,
1295 1090 1406 1140 ἀλλ’
1433 1090 1484 1140 ἐκ
1518 1092 1600 1153 τῆς
1635 1095 1718 1140 τοῦ
1754 1088 1946 1155 Πατρὸς

354 1174 584 1240 ἐνεργείας
617 1171 982 1240 ε’νεσπαρμένον,
1012 1173 1114 1237 ἤτοι
1151 1169 1227 1223 διὰ
1263 1172 1332 1223 τὶν
1357 1173 1624 1222 ἐνοικοῦντα
1651 1169 1848 1238 Πατέρα.
1903 1172 1952 1222 τί

354 1255 399 1306 δ’
439 1254 512 1318 ἂν,
552 1256 656 1307 εἰπέ
690 1278 783 1319 μοι,
823 1257 900 1306 καὶ
939 1253 1234 1305 διακωλύσαι
1277 1252 1461 1314 λοιπὸν,
1501 1254 1563 1307 ὡς
1605 1252 1663 1321 ἐξ
1696 1252 1829 1316 ἡμῶν
1868 1253 1949 1303 ἕνα

354 1342 564 1389 νοεῖσθαι
600 1336 683 1390 τὸν
711 1337 844 1400 Υὶὸν,
871 1338 1089 1406 φθαρτῆς
1125 1335 1348 1401 δηλονότι
1384 1335 1590 1403 φύσεως,
1617 1338 1655 1385 εὶ
1688 1333 1747 1402 ζῇ
1779 1332 1855 1386 διὰ
1880 1337 1948 1386 τὸν

316 1435 338 1464 e
358 1419 555 1490 Πατέρα,
586 1420 817 1483 τουτέστι,
851 1416 938 1483 τὴν
972 1419 1022 1469 ἐκ
1056 1423 1141 1469 τοῦ
1175 1416 1392 1470 τεκόντος
1427 1415 1547 1483 ζωὴν
1579 1415 1943 1484 χορηγούμενος,

356 1503 420 1556 ὡς
454 1508 646 1553 νοοῦσιν
675 1502 836 1564 αὐτοί,
879 1499 1063 1571 ἐφθάρη
1099 1498 1192 1566 γὰρ
1226 1497 1283 1550 ἂν
1310 1497 1430 1550 κατὰ
1464 1497 1550 1563 τὴν
1575 1502 1670 1549 τῶν
1701 1496 1949 1563 νοημάτων

355 1586 631 1651 ἀναλογίαν,
658 1588 696 1636 εἰ
732 1583 796 1648 μὴ
832 1583 974 1651 ἔσχεν
1001 1584 1049 1633 ἐν
1074 1584 1223 1652 ἑαυτῷ
1249 1579 1332 1632 τὸν
1359 1580 1511 1648 ζῶντα
1539 1580 1749 1646 Πατέρα.
1802 1582 1878 1631 καὶ
1910 1583 1949 1631 εἰ

353 1673 698 1736 συγχωροῦμεν
729 1664 976 1731 ἀληθεύειν
1009 1664 1200 1731 λέγοντι
1227 1670 1254 1693 “
1279 1662 1411 1729 Ἐγὼ
1446 1664 1494 1714 ἐν
1521 1667 1588 1732 τῷ
1617 1665 1775 1730 Πατρὶ
1811 1664 1887 1713 καὶ
1923 1663 1949 1713 ὁ

353 1757 383 1781 “
410 1749 581 1817 Πατὴρ
608 1752 656 1800 ἐν
681 1750 823 1812 ἐμοῖ,”
852 1747 944 1815 ἔχει
970 1745 1057 1810 μὲν
1084 1745 1223 1801 αὐτὸς
1250 1747 1298 1797 ἐν
1325 1747 1474 1815 ἑαυτῷ
1500 1743 1583 1796 τὸν
1613 1743 1803 1810 Πατέρα
1828 1742 1949 1811 ζωὴν

353 1833 468 1884 ὅντα
495 1831 615 1883 κατὰ
641 1830 805 1899 φύσιν·
845 1830 951 1881 ἔστι
985 1827 1035 1880 δὲ
1070 1827 1209 1882 αὐτὸς
1244 1829 1294 1879 ἐν
1322 1830 1493 1894 Πατρὶ,
1520 1828 1668 1878 καίτοι
1699 1825 1792 1894 ζωὴ
1828 1825 1948 1877 κατὰ

353 1914 504 1984 φύσιν
530 1915 612 1965 οὐκ
641 1911 721 1964 ὦν·
764 1914 841 1964 καὶ
867 1916 1037 1962 σιωπῶ
1062 1909 1116 1961 τὸ
1144 1910 1416 1978 δύσφημον,
1444 1913 1481 1960 εἱ
1514 1912 1590 1960 καὶ
1623 1909 1779 1975 λέγειν
1806 1909 1949 1976 ἐχρῆν

352 2001 417 2050 εἷς
460 1995 664 2063 ἐ’λεγχον
708 1997 792 2058 τῆς
837 1998 931 2044 τῶν
973 1991 1222 2059 θεομάχων
1266 1992 1506 2052 ἀσεβείας·
1568 1990 1811 2042 ἁλώσεται
1855 1990 1949 2057 γὰρ

353 2079 475 2146 ἔχων
502 2079 527 2128 ὁ
561 2076 730 2144 Πατὴρ
767 2078 815 2127 ἐν
846 2077 995 2144 ἑαυτῷ
1031 2074 1085 2125 τὸ
1121 2074 1237 2141 ζωῆς
1273 2073 1460 2140 ἔρημον,
1487 2073 1706 2124 τουτέστι
1741 2071 1945 2142 φθορὰν,

132 2179 219 2215 370
233 2177 285 2215 A.
315 2161 456 2225 ιιῆτοι
499 2159 649 2230 φύσιν
689 2158 776 2223 τὴν
816 2156 1145 2226 φθειρομένην.
1216 2155 1287 2207 ὅτι
1329 2154 1423 2222 γὰρ
1468 2155 1495 2219 ἡ
1540 2160 1624 2206 τοῦ
1666 2153 1949 2220 πράγματος

352 2242 501 2311 φύσις
535 2242 684 2295 οὕτως
717 2245 838 2291 νοεῖν
873 2239 995 2303 ἡμᾶς
1031 2236 1285 2305 ἀναγκάσῃ
1321 2239 1425 2304 περὶ
1458 2242 1543 2288 τοῦ
1569 2239 1703 2300 Υἱοῦ,
1727 2235 1948 2303 ζητητέον

351 2326 463 2389 ἡμῖν
513 2325 590 2375 καὶ
640 2324 851 2384 ἐσαῦθις,
904 2322 979 2372 καὶ
1030 2319 1106 2371 διὰ
1156 2319 1387 2371 ποικίλων
1439 2317 1558 2370 ἰτέον
1609 2317 1944 2385 θεωρημάτων,

351 2408 540 2474 ἐπείπερ
578 2405 689 2470 ἡμῖν
726 2402 910 2458 σκοπὸς
951 2407 1052 2457 ταῖς
1097 2401 1459 2467 προσηκούσαις
1503 2401 1760 2468 ἀκριβείαις
1805 2424 1948 2453 κατα-

352 2487 579 2541 λεπτύναι
617 2486 672 2538 τὸ
711 2485 1008 2554 ζητούμενον.
1077 2482 1198 2551 ζωὴν
1233 2481 1348 2535 εἶναι
1387 2483 1483 2552 φῂς
1522 2481 1643 2534 κατὰ
1680 2481 1831 2551 φύσιν
1864 2480 1948 2534 τὸν

353 2569 480 2622 Θεὸν
506 2572 582 2622 καὶ
612 2569 822 2635 Πατέρα·
864 2570 1037 2630 καλῶς,
1063 2565 1157 2634 ἔχει
1191 2566 1283 2633 γὰρ
1319 2567 1481 2629 οὕτως,
1507 2565 1619 2617 ἀλλ’
1649 2565 1753 2616 ε”στι
1788 2566 1865 2616 καὶ
1898 2566 1948 2616 ἐν

1969 1026 2016 1052 10

1971 1437 2018 1475 15

1969 1849 2019 1873 20

352 2657 471 2722 Υἱῴ.
526 2657 666 2703 τοῦτο
692 2651 786 2718 γὰρ
812 2651 888 2702 καὶ
921 2650 946 2701 ὁ
979 2649 1090 2717 παρ’
1121 2649 1251 2714 ὑμῶν
1278 2649 1444 2700 δίδωσι
1472 2646 1631 2714 λόγος.
1682 2647 1872 2714 ἐροίμην
1898 2646 1943 2697 δ’
1966 2665 2017 2702 3ο

404 2796 434 2820 1.
462 2785 548 2829 ζωὴν
567 2785 609 2820 Β.
628 2786 693 2830 ζωὴ
712 2785 778 2820 Ed.
918 2795 949 2819 2.
975 2784 1012 2818 δὲ
1031 2794 1100 2818 om.
1122 2783 1165 2817 B.
1302 2793 1335 2827 3.
1360 2783 1420 2816 οὐκ
1437 2794 1507 2816 om.
1529 2782 1570 2817 Β.
1703 2789 1734 2826 7.
1762 2782 1821 2816 τὸν
1836 2796 1945 2826 γραμ-

353 2831 510 2878 ματικὸν]
530 2834 569 2867 τὸ
585 2832 819 2878 γραμματικὴν
838 2831 885 2866 D.
1017 2842 1050 2876 9.
1077 2830 1131 2863 καὶ
1148 2836 1369 2874 assumptum
1389 2842 1429 2863 ex
1450 2830 1492 2863 Β.
1628 2839 1681 2862 10.
1709 2828 1874 2863 δύνασθαι
1892 2828 1946 2862 καὶ

354 2879 490 2922 ἑτέρους
505 2880 645 2914 inverso
663 2878 787 2914 ordine
807 2878 849 2914 B.
966 2878 1019 2912 18.
1046 2876 1191 2922 λέγοντα
1210 2876 1252 2910 Β.
1351 2887 1406 2921 23.
1433 2876 1569 2921 φθορὰν
1588 2875 1630 2911 Β.
1649 2875 1709 2919 τὴν
1725 2874 1861 2920 φθορὰν
1877 2874 1945 2908 Ed.

357 2925 412 2959 26.
440 2925 554 2960 ἰστέον
572 2926 615 2960 Β.
757 2934 812 2971 27.
839 2923 1084 2960 καταλεπτὺναι
1103 2923 1144 2958 Β.
1164 2922 1425 2958 καταλεπτύνειν
1444 2923 1510 2957 Ed.
1655 2923 1710 2957 28.
1737 2922 1820 2956 κατὰ
1836 2919 1946 2967 φύσιν

356 2973 424 3017 φὴς
442 2973 582 3007 inverso
599 2971 721 3007 ordine
742 2972 783 3006 B.
