2084 3317
131 188 188 229 vi.
211 200 275 241 27.
367 190 440 230 IN
483 190 525 231 S.
561 190 897 232 JOANNEM.
960 191 1083 231 LIB.
1118 190 1203 231 III.
1266 190 1399 230 CAP.
1429 191 1476 228 V.
1638 191 1720 227 *1⁴49

130 298 449 364 παραποδίζον
482 299 547 350 ε”τι
585 299 668 350 τὸν
703 300 787 363 μὲν
819 299 1042 351 ἀνωτάτω
1079 299 1203 350 Θεὸν
1227 298 1345 365 πρὸς
1380 299 1464 358 τὴν
1497 299 1720 364 ἡμετέραν

130 380 535 448 καταβιβάζεσθαι
574 384 721 445 θέσιν,
758 384 878 447 ἡμᾶς
923 382 973 434 δὲ
1011 384 1069 434 αὖ
1113 382 1261 434 πάλιν
1299 380 1414 433 εἶναι
1459 381 1604 443 θεοὺς,
1644 383 1720 431 καὶ

130 464 276 516 οὕτως
321 466 383 517 ὡς
424 465 449 514 ὁ
491 464 674 531 Πατὴρ,
713 467 926 529 οὐδεμιᾶς
970 465 1035 516 ε”τι
1077 464 1257 533 μεταξὺ
1297 464 1504 527 κειμένης
1549 486 1599 514 τε
1643 466 1719 513 καὶ

130 544 364 610 ὃρωμένης
403 549 644 615 διαφορᾶς,
685 551 723 597 εἰ
761 546 968 615 χωρήσει
1006 548 1082 597 καὶ
1121 548 1168 597 ἐν
1207 547 1317 610 ἡμῖν
1356 547 1431 596 καὶ
1470 543 1720 611 ἐνυπάρξει

89 639 112 676 5
132 630 346 695 φυσικῶς
372 627 431 678 τὰ
459 631 567 698 Θεῷ
592 627 841 695 προσόντα
871 628 1001 698 μόνῳ
1031 627 1453 692 πλεονεκτήματα;
1496 629 1572 678 καὶ
1597 628 1718 678 ἐπεί-

130 731 220 775 περ
246 711 294 760 ἐν
321 710 470 779 ἑαυτῷ
495 709 625 780 μόνῳ
649 711 836 779 συνέχει
869 710 989 762 κατὰ
1019 709 1073 762 τὸ
1106 709 1224 764 εἰκὸς
1248 712 1273 761 ὁ
1299 710 1421 764 Θεὸς
1447 712 1523 761 καὶ
1551 709 1721 776 Πατὴρ
1738 733 1761 760 e

130 789 190 841 τὰ
228 792 283 842 δι’
317 790 384 843 ὧν
422 792 629 855 ἐσόμεθα
668 794 767 844 κατ’
802 791 959 855 αὐτὸν,
993 793 1317 857 μεμενήκαμεν
1355 792 1609 857 ἅνθρωποι,
1645 793 1722 843 καὶ

131 872 331 938 ἄγγελοι
358 873 407 924 δὲ
433 873 526 924 σύν
552 875 661 939 ἡμῖν
684 876 818 925 τοῦθ’
849 875 965 940 ὅπερ
992 877 1127 937 εἰσὶν,
1155 877 1230 926 ἐπὶ
1256 874 1311 925 τὸ
1339 874 1495 925 ἐπάνω
1529 873 1723 925 πάντων

130 955 215 1005 οὐκ
251 956 599 1018 ἀναβαίνοντες.
655 959 717 1010 ὡς
749 956 874 1022 ε’ίπερ
901 957 1037 1022 εἰδείη
1063 956 1245 1026 φθόνου
1271 957 1492 1024 κρείττων
1518 958 1724 1022 ὁρᾶσθαι

64 1048 112 1073 10
130 1035 266 1099 Θεὸς,
293 1036 368 1088 διὰ
394 1044 476 1089 τοῦ
502 1042 781 1105 προσθεῖναι
807 1043 957 1089 πᾶσιν
980 1043 1042 1092 εἰς
1078 1039 1301 1108 ἐξουσίαν
1327 1036 1380 1089 τὸ
1418 1037 1534 1088 ἰ’διον
1560 1039 1720 1100 αὐτοῦ,

127 1120 304 1169 πολλοὶ
340 1119 397 1183 δὴ
432 1118 620 1174 πάντως
655 1120 712 1171 ἂν
738 1119 866 1185 ἦσαν
893 1124 934 1171 οἱ
970 1119 1090 1172 κατὰ
1125 1121 1275 1189 φύσιν
1302 1122 1411 1182 θεοὶ,
1439 1123 1530 1185 γῆν
1561 1143 1608 1170 τε
1649 1124 1723 1170 καὶ

128 1199 326 1267 οὐρανὸν
365 1205 439 1253 καὶ
482 1202 568 1264 τὴν
606 1202 766 1267 ἄλλην
806 1201 1002 1254 ἅπασαν
1041 1205 1197 1254 κτίσιν
1239 1207 1537 1268 δημιουργεῖν
1578 1201 1716 1269 ἰσχύ-

128 1300 270 1336 οντες·
328 1283 387 1334 τὰ
432 1283 527 1351 γὰρ
572 1283 708 1354 ἅπαξ
749 1284 1053 1353 κεχωρηκότα
1097 1285 1156 1337 τὰ
1204 1287 1252 1336 ἐν
1295 1289 1362 1353 τῷ
1406 1284 1526 1335 κατὰ
1573 1284 1761 1353 φύσινῆ
1791 1295 1878 1328 306
1894 1295 1943 1328 Α-

128 1370 420 1436 Δημιουργῲ
443 1366 847 1431 πλεονεκτήματα,
864 1372 965 1421 πῶς
991 1368 1074 1418 οὐκ
1100 1367 1158 1418 ἂν
1184 1367 1393 1434 γένοιντο
1420 1368 1517 1418 κατ’
1541 1365 1683 1417 αὐτόν
1707 1389 1718 1429 ;

63 1444 158 1511 1Ξῆ
193 1447 242 1498 τί
271 1447 325 1498 τὸ
362 1448 548 1500 κωλύον
577 1451 625 1500 ἐν
656 1449 739 1517 ἰ’σῃ
778 1450 1034 1517 φαίνεσθαι
1073 1450 1190 1519 δόξῃ
1229 1448 1283 1501 τὸ
1322 1454 1418 1503 τοῖς
1457 1449 1579 1503 ἰ’σοις
1618 1452 1718 1500 δια-

128 1528 324 1593 λάμπον
349 1532 575 1595 ἀγαθοῖς,
619 1530 731 1582 ἀλλ’
760 1533 849 1600 ὁρᾷ
873 1554 966 1582 που
991 1531 1181 1586 πάντως
1208 1532 1232 1582 ὁ
1260 1529 1504 1599 θεομάχος,
1533 1531 1625 1596 ὅση
1655 1555 1724 1585 τις

129 1612 340 1663 ἐντεῦθεν
365 1617 460 1663 τῶν
484 1611 695 1664 ἐκτόπων
722 1614 831 1677 ἡμῖν
858 1615 1048 1665 ἐννοιῶν
1079 1615 1106 1678 ἡ
1144 1613 1330 1679 πληθὺς
1365 1613 1716 1680 ἐπισωρεύεται,

128 1695 204 1744 καὶ
249 1697 332 1758 τῆς
375 1695 572 1760 ἐνούσης
617 1697 742 1765 αὐτῷ
786 1697 1052 1759 δυσμαθίας
1095 1699 1325 1765 καταβοξι·
1389 1698 1438 1746 ἐν
1485 1697 1576 1764 ἰδίᾳ
1627 1696 1721 1762 γὰρ

129 1775 274 1844 φύσει
313 1778 367 1828 τὸ
406 1782 531 1829 θεῖον
564 1779 782 1841 κείσεται,
815 1781 890 1829 καὶ
925 1778 1108 1847 μεθέξει
1144 1778 1228 1842 μὲν
1260 1779 1403 1829 αὐτοῦ
1440 1777 1494 1828 τὸ
1528 1801 1722 1842 πεποιη-

60 1885 111 1909 20
128 1858 269 1923 μένον
307 1861 360 1910 δι’
401 1859 679 1924 οἰκειότητος
719 1864 1048 1924 πνευματικῆς,
1088 1859 1382 1925 ἀναβήσεται
1421 1859 1469 1911 δὲ
1508 1861 1721 1922 οὐδαμῶς

128 1944 192 1995 εἷς
242 1940 296 1992 τὸ
346 1943 494 2010 ἐκείνῃ
538 1941 726 2008 προσὸν
771 1942 1155 2009 ἀπαραλλάκτως
1207 1943 1406 2011 ἀξίωμα.
1473 1944 1715 1992 διεσκευα-

126 2023 316 2087 σμένων
355 2023 405 2075 δὲ
443 2025 589 2079 οὕτως
629 2025 740 2089 ἡμῖν
778 2030 874 2076 τῶν
915 2024 1089 2091 λόγων,
1130 2026 1371 2078 οὐσιωδῶς
1415 2028 1482 2094 τῷ
1521 2028 1622 2093 Υὶῴ
1666 2023 1718 2075 τὸ
1740 2035 1764 2074 b

126 2104 358 2172 ἄτρεπτον
383 2106 648 2174 ἐνυπάρχον
680 2107 956 2174 εὑρήσομεν·
1013 2107 1134 2160 Θεὸς
1170 2108 1252 2158 οὖν
1285 2107 1376 2174 ἄρα
1411 2106 1532 2158 κατὰ
1569 2106 1719 2174 φύσιν

126 2189 272 2251 ἐστὶν,
299 2189 563 2255 ἀναγκαίως
601 2212 651 2240 τε
690 2188 860 2240 λοιπὸν
889 2192 939 2240 ἐκ
973 2188 1180 2255 Πατρὸς,
1207 2189 1282 2240 ἵνα
1316 2188 1382 2254 μή
1417 2212 1461 2240 τι
1497 2189 1718 2257 φαίνηται

58 2291 106 2329 25
126 2274 221 2320 τῶν
264 2271 348 2322 οὐκ
393 2271 450 2340 ἐξ
490 2272 632 2322 αὐτοῦ
674 2270 794 2322 κατὰ
835 2272 987 2340 φύσιν
1026 2271 1147 2339 πρὸς
1191 2270 1245 2322 τὸ
1290 2271 1398 2322 ἰ’σον
1443 2272 1491 2322 ἐν
1535 2269 1718 2334 θεότητι

127 2355 372 2414 διαβαῖνον
403 2353 603 2421 ἀξίωμα.

201 2434 395 2499 Ἐπειδὴ
423 2433 471 2485 δὲ
496 2437 557 2489 ὡς
584 2433 949 2503 ἀκαταμάχητον
977 2437 1087 2500 ἡμῖν
1113 2435 1426 2504 προΐσχονται
1453 2434 1712 2501 λογισμὸν,

127 2516 284 2582 ἕτερον
316 2514 431 2567 εἶναι
466 2516 550 2568 τὸν
576 2516 694 2568 Υὶὸν
727 2518 948 2582 λέγοντες
985 2518 1116 2585 παρὰ
1154 2517 1237 2569 τὸν
1266 2517 1472 2584 Πατέρα,
1506 2517 1718 2584 καθάπερ

126 2599 281 2649 εἰκόνα
317 2598 437 2665 πρὸς
475 2600 753 2666 ἀρχέτυπον,
791 2602 865 2650 καὶ
905 2600 980 2651 διὰ
1019 2603 1102 2664 τῆς
1140 2600 1354 2663 τοιαύτης
1392 2600 1717 2666 εὑρεσιλογιάς

58 2706 108 2742 30
127 2682 356 2744 διατεμεῖν
383 2680 556 2731 οἴονται
591 2684 674 2745 τῆς
710 2682 874 2736 οὐσίας
909 2681 1051 2733 αὐτὸν
1076 2687 1159 2733 τοῦ
1193 2681 1527 2747 γεννήσαντος·
1581 2681 1710 2732 ἀλώ-

126 2785 294 2814 σονται
336 2761 486 2814 πάλιν
524 2763 877 2828 ἀνοηταίνοντες
914 2765 969 2815 οὐ
1006 2768 1196 2831 μικρῶς,
1235 2766 1310 2814 καὶ
1349 2765 1423 2814 ἐπὶ
1461 2766 1622 2827 μηδενὶ
1659 2764 1713 2815 τὸ
1734 2788 1755 2814 ο

175 2897 208 2930 9.
235 2884 354 2930 εἰδείη]
374 2885 442 2919 ἔδει
463 2885 503 2919 Β.
661 2897 713 2921 10.
740 2886 948 2931 Legendum
966 2894 1005 2921 ut
1024 2886 1092 2921 vid.
1112 2887 1297 2930 προθεῖναι.
1455 2897 1506 2920 11.
1533 2887 1654 2922 πάντες
1676 2887 1715 2921 Β.

132 2959 184 2990 14.
211 2948 343 2992 γένοιτο
363 2948 404 2982 Β.
574 2958 626 2990 15.
653 2950 691 2982 τὸ
709 2950 805 2993 prius
823 2956 1046 2995 assumptum
1065 2961 1105 2984 ex
1127 2949 1220 2983 B.D.
1390 2948 1443 2983 26.
1471 2940 1654 2986 διαβαίνεοιιύ
1674 2951 1715 2985 Β,

129 3006 186 3040 30.
213 2995 380 3039 διατεμεῖν
400 2995 440 3029 Β.
460 2995 645 3039 δια-τέμνειν
664 2995 732 3031 Ed.

188 3062 279 3090 VOL.
304 3063 331 3090 1.
893 3066 915 3103 ,3
942 3064 972 3091 M
