2084 3317
355 126 440 165 528
759 131 807 172 Β,
843 131 1119 173 CYRILLI
1161 134 1541 177 ALEXANDR.
1800 138 1854 179 vi.
1875 148 1942 193 53.

357 235 445 301 ἤδη
501 240 900 303 προτεθαυμακὼς
955 242 1128 309 ἀλώσῃ
1184 243 1635 310 μεγαλουργήματα,
1696 245 1763 300 οἷς
1817 248 1944 315 ε’ίπερ

356 317 545 385 ἐπάγεις
580 321 634 371 τό
670 321 785 384 Πῶς,
813 322 904 390 ὅλῃ
941 329 1188 378 παντελῶς
1222 324 1492 390 ἀπειθήσεις
1526 331 1584 394 τῇ
1619 329 1720 397 θείᾳ
1753 334 1939 399 γραφῇ,

357 402 433 450 καὶ
470 400 651 456 πάντας
689 408 784 453 τῶν
816 405 961 469 ἁγίων
994 410 1255 472 προφητῶν
1289 407 1567 477 ἀνατρέψεις
1605 409 1712 464 τοὺς
1749 410 1939 477 λόγους,

358 484 434 532 καὶ
469 484 610 534 αὐτοῦ
648 484 696 535 δὲ
730 485 823 551 πρὸ
857 485 1049 537 πάντων
1074 493 1158 537 τοῦ
1189 494 1280 538 σοιῖΙ
1310 490 1556 543 Μωυσέως
1590 490 1650 541 τὰ
1684 492 1782 558 ἱερὰ
1816 516 1940 558 συγ-

356 563 627 629 γράμματα.
700 567 868 618 οὐκοῦν
907 567 995 618 ἔδει
1037 573 1230 632 μᾶλλον
1267 571 1579 625 πιστεύοντας
1618 577 1685 642 τῷ
1723 577 1939 644 Χριστῷ,

354 647 431 696 καὶ
461 651 557 700 τοῖς
589 649 698 714 παρ’
726 649 868 699 αὑτοῦ
895 650 1167 716 λεγομένοις
1194 653 1428 716 ἀμελλητὶ
1454 655 1791 709 κατανεύοντας
1816 679 1936 720 μαν-

355 727 511 778 θάνειν
549 729 818 794 ἐπείγεσθαι
862 736 1054 794 μᾶλλον
1098 735 1180 797 τῆς
1225 734 1443 800 εὐλογίας
1487 734 1569 786 τὸν
1618 738 1812 802 τρόπον,
1858 739 1942 789 οὐκ

305 815 332 856 b
354 811 710 877 ἀπερισκέπτως
747 814 1043 879 ἐμπαροινεῖν
1073 815 1302 881 λε’γοντας
1333 816 1436 871 Πῶς
1472 814 1655 870 δύναται
1694 818 1812 874 οὗτος
1845 822 1942 888 ἡμῖν

353 888 495 943 δὀῧνσιι
530 890 601 952 τὴν
627 894 779 963 σάρκα
817 897 946 946 αὐτοῦ
981 900 1175 965 φαγεῖνς
1217 896 1288 948 ὅτι
1328 900 1404 949 καὶ
1441 898 1495 950 τό
1527 899 1684 963 Οὗτος,
1719 903 1767 952 ἐν
1803 903 1942 969 ὑπερ-

353 974 474 1043 οψία
519 976 662 1043 φασί·
716 976 928 1029 τοιοῦτόν
970 1001 1016 1029 τι
1061 978 1155 1046 γὰρ
1197 979 1346 1031 πάλιν
1385 982 1540 1035 αὐτοῖς
1581 982 1636 1034 τὸ
1679 984 1940 1051 ὑπέρογκον

352 1057 665 1108 ὑπαινίττεται
702 1060 845 1125 ῥῆμα.

345 1217 482 1266 Ἀμὴν
525 1218 639 1267 ἀμήν
683 1221 797 1267 λέΓω
841 1219 948 1273 ὑμῖν,
991 1223 1065 1264 ἐὰν
1109 1224 1165 1272 μὴ
1212 1226 1375 1279 φάΓΗτε
1421 1226 1497 1267 τήν
1543 1228 1679 1284 σάρκα
1724 1233 1797 1270 τοῦ
1847 1228 1936 1271 υἶοῡ

417 1304 491 1341 τοῦ
536 1302 768 1359 ἀνθρώπου
819 1305 887 1345 καὶ
936 1306 1060 1347 ΠίΗτε
1110 1308 1240 1349 αὐτοῦ
1283 1308 1331 1350 τὸ
1375 1305 1492 1361 αἷμα,
1536 1310 1612 1351 οὐκ
1661 1312 1778 1367 ἔχετε
1827 1313 1936 1370 ζωὴν

413 1384 459 1425 ἐν
498 1385 680 1428 ἑαυτοῖς.

424 1491 748 1559 Μακρόθυμος
784 1494 930 1549 ὅντως
962 1497 1038 1547 καὶ
1073 1497 1331 1553 πολυὲλεος
1357 1501 1381 1551 ὁ
1406 1500 1632 1567 Χριστὸς,
1658 1502 1822 1570 ὥσπερ
1857 1505 1937 1556 οὖν

347 1573 507 1644 ε”ξεστι
546 1578 620 1627 καὶ
660 1577 716 1646 ἐξ
750 1579 904 1629 αὐτῶν
934 1578 1022 1643 ἤδη
1061 1584 1155 1631 τῶν
1192 1583 1508 1648 προκειμένων
1548 1588 1671 1636 ἰδεῖν.
1730 1590 1939 1654 φιλονει-

308 1656 503 1722 οκήσας
546 1657 641 1725 γὰρ
686 1660 901 1723 οὐδαμῶς
944 1666 1046 1715 ταῖς
1088 1667 1183 1713 τῶν
1222 1664 1540 1717 ἀπειθούντων
1578 1669 1933 1736 μικροψυχιάις,

346 1739 494 1791 πάλιν
521 1741 675 1795 αὐτοῖς
713 1741 799 1806 τὴν
833 1742 1059 1809 ζωοποιὸν
1085 1751 1168 1796 τοῦ
1205 1748 1469 1814 μυστηρίου
1507 1753 1689 1815 γνῶσιν
1714 1751 1937 1820 ἐπιδαψι-

347 1822 543 1886 λεύεται,
581 1826 657 1874 καὶ
696 1823 892 1889 νικήσας
933 1828 995 1880 ὡς
1034 1825 1156 1881 Θεὸς
1193 1828 1279 1893 τὴν
1316 1835 1410 1880 τῶν
1449 1831 1728 1883 λυπούντων
1765 1833 1937 1900 ἀλαζο-

346 1905 484 1968 νείαν,
511 1905 570 1956 τὰ
597 1907 651 1957 δι’
681 1904 745 1957 ὧν
771 1910 834 1961 εἰς
869 1910 1144 1974 μακραίωνα
1179 1911 1286 1971 βίον
1312 1911 1645 1977 ἀναβήσονταί
1674 1919 1815 1982 φησι·
1859 1917 1934 1967 καὶ

344 1988 449 2037 τίνα
493 1985 576 2051 μὲν
620 1987 798 2054 τρόπον
842 1990 998 2044 αὐτοῖς
1043 1990 1129 2055 τὴν
1172 1991 1332 2058 σάρκα
1382 1993 1525 2045 δώσει
1576 1999 1760 2064 φαγεῖν,
1805 1998 1935 2048 οὔπω

344 2068 571 2120 διδάσκει·
624 2067 724 2137 ᾔδει
768 2070 862 2137 γὰρ
907 2070 1045 2126 ὄντας
1089 2074 1139 2123 ἐν
1182 2072 1340 2125 σκότει
1388 2077 1463 2125 καὶ
1509 2081 1628 2128 νοεῖν
1675 2077 1934 2141 οὐδαμόθεν

345 2150 598 2219 ἰσχύοντας
643 2151 696 2203 τὸ
744 2151 1025 2221 ἀπόῤῥητον·
1087 2154 1206 2206 ὅσον
1249 2155 1298 2207 δὲ
1342 2157 1498 2211 αὐτοῖς
1539 2159 1589 2209 ἐκ
1633 2165 1716 2210 τοῦ
1761 2164 1933 2229 φαγεῖν

342 2233 526 2298 ἀγαθὸν
569 2234 837 2299 ἐκβήσεται,
875 2236 1201 2301 παραδεικνύει
1244 2240 1506 2306 χρησίμως,
1545 2241 1620 2291 ἵνα
1664 2241 1788 2309 τάχα
1831 2266 1932 2297 πως

342 2315 509 2371 αὐτοὺς
543 2321 644 2371 ταῖς
677 2320 739 2371 εἰς
773 2317 828 2368 τὸ
863 2318 1131 2379 βούλεσθαι
1171 2319 1257 2386 ζῆν
1283 2320 1558 2388 ἀπεράντοις
1594 2324 1779 2388 ἡδοναῖς
1815 2325 1931 2376 ἑτοι-

390 2484 422 2508 2.
450 2474 589 2520 ἐπάγοις
607 2474 648 2510 B.
785 2487 818 2518 4.
844 2490 910 2511 σου
927 2481 1150 2521 assumptum
1169 2489 1210 2511 ex
1230 2478 1323 2512 B.D.
1455 2479 1488 2515 6.
1514 2480 1681 2524 ἀμελλητὶ
1698 2482 1832 2516 correxi
1849 2489 1931 2528 post

342 2521 478 2565 Migne.
575 2522 609 2556 8.
635 2522 749 2556 δοῦναι
767 2521 844 2566 ἡμῖν
861 2522 999 2557 inverso
1017 2523 1139 2558 ordine
1159 2524 1234 2558 Ra.
1344 2537 1377 2570 9.
1404 2525 1456 2560 ὅτι
1474 2527 1527 2561 καὶ
1548 2526 1589 2562 Β.
1613 2527 1719 2562 Cord.
1738 2529 1792 2562 καὶ
1808 2529 1875 2575 γὰρ
1893 2529 1928 2565 b.

341 2567 428 2602 οὕτω
446 2567 499 2601 καὶ
518 2567 585 2603 Ed.
651 2569 686 2603 ἐν
702 2569 876 2614 ὑπεροψίᾳ
895 2569 931 2603 δέ
949 2570 1041 2615 φασὶ
1058 2571 1111 2604 καὶ
1129 2571 1167 2604 τὸ
1185 2571 1281 2607 οὗτος
1298 2584 1329 2607 a.
1453 2584 1506 2608 10.
1532 2589 1564 2608 τι
1582 2581 1805 2620 assumptum
1824 2588 1865 2610 ex
1885 2576 1927 2612 B.

347 2623 397 2659 15.
424 2615 477 2648 καὶ
495 2614 684 2651 πολυέλεος
700 2615 804 2652 ὅντως
820 2616 960 2650 inverso
977 2616 1099 2651 ordine
1118 2617 1160 2651 Β.
1180 2617 1283 2653 ὅντως
1301 2618 1397 2653 deest
1414 2620 1450 2654 in
1469 2620 1563 2656 Catt.
1794 2622 1847 2657 16.
1875 2623 1929 2658 καὶ

338 2661 454 2704 ἔξεστι
472 2661 611 2695 inverso
630 2662 752 2696 ordine
772 2662 813 2697 B.
832 2663 949 2697 invitis
969 2663 1060 2698 Catt.
1125 2665 1320 2708 ἤδη-ἰδεῖν
1337 2678 1408 2700 om.
1425 2667 1466 2700 B.
1485 2667 1546 2711 ἤδη
1565 2678 1634 2702 om.
1649 2679 1680 2702 a.
1699 2668 1804 2702 habet
1819 2668 1926 2705 Cord.

343 2717 396 2752 17.
423 2708 708 2752 φιλονεικούντων
726 2721 790 2753 pro
807 2709 1035 2744 ἀπειθούντων
1053 2709 1161 2745 Cord.
1274 2723 1329 2747 21.
1357 2713 1477 2759 δώσει]
1498 2714 1597 2749 δόσιν
1616 2714 1658 2748 Β.
1772 2726 1826 2750 22.
1852 2715 1927 2760 ᾔδει

338 2755 404 2799 γὰρ
423 2754 536 2800 ὄντας]
553 2755 614 2799 ἤδη
632 2757 698 2801 γὰρ
716 2755 813 2792 ὄντας
829 2754 903 2800 ᾔδει
919 2757 1033 2802 (quasi
1049 2756 1123 2801 ᾔδει
1140 2758 1206 2803 γὰρ
1223 2758 1321 2794 ὄντας
1336 2757 1425 2804 ᾔδει)
1441 2760 1483 2794 Β.
1524 2760 1651 2795 Statim
1669 2761 1704 2796 ἐν
1721 2763 1837 2797 σκότει
1855 2774 1926 2798 0111.

341 2801 382 2835 B.
401 2800 499 2837 ὄντας
517 2803 551 2836 ἐν
569 2803 683 2836 σκότει
702 2803 755 2837 καὶ
772 2815 854 2844 om„
873 2803 993 2839 αὐτοὺς
1010 2804 1045 2837 in
1062 2805 1139 2838 loco
1157 2805 1334 2846 exhibent,
1350 2806 1592 2841 abbreviantes
1612 2807 1703 2843 Catt.
1770 2819 1824 2854 23.
1843 2810 1926 2855 ἀγα-

338 2847 397 2882 θὸν
414 2848 450 2882 ἐκ
468 2851 527 2882 τοῦ
545 2850 670 2894 φαγεῖν
688 2850 826 2884 inverso
844 2850 965 2884 ordine
984 2850 1076 2885 Catt.
1203 2863 1258 2894 24.
1284 2854 1528 2897 παραδείκνυσι
1545 2866 1576 2889 a.
1699 2866 1826 2900 24--p-
1844 2865 1925 2901 529,

341 2905 370 2927 Ι.
396 2893 448 2928 ἵνα
465 2895 764 2942 τάχαῇδιδάξειε]
785 2897 872 2942 τάχα
889 2912 960 2932 πως
977 2897 1097 2933 αὐτοὺς
1115 2898 1160 2934 εἰς
1177 2900 1215 2932 τὸ
1233 2899 1424 2940 βούλεσθαι
1443 2902 1499 2944 ζῆν
1516 2900 1709 2946 ἀπεράντως
1726 2901 1772 2938 εἷς
1787 2903 1827 2936 τὸ
1843 2901 1926 2942 βού-

336 2941 472 2976 λεσθαι.
507 2941 640 2985 ἡδοναῖς
658 2944 873 2987 ἑτοιμότερον
891 2943 1042 2979 ἐπείθετο
1060 2944 1233 2980 πιστεύειν
1250 2946 1379 2990 διδάξις
1398 2947 1439 2982 Β.
1459 2948 1563 2982 verba
1581 2947 1708 2983 desunt
1725 2948 1760 2982 in
1780 2948 1872 2984 Catt.

2082 395 2084 407 -
2079 204 2084 378 -..Α--Μ-ῃ.
2080 179 2084 186 ..
2077 0 2084 167 mmm.—

1963 592 1984 629 5

1964 1007 2012 1032 10

1956 1939 2006 1964 20

1953 2344 2001 2382 25
