2084 3317
138 173 279 215 iv-.'22.
382 174 457 214 IN
499 174 541 213 S.
576 173 913 214 JOANNEM.
977 172 1101 212 LIB.
1135 171 1196 211 II.
1259 172 1392 211 CAP.
1427 171 1478 210 V.
1646 170 1730 209 279

141 281 260 344 ἡμᾶς
292 281 472 332 οἴεσθαι
507 285 600 332 δεῖν
628 279 711 344 τὴν
737 280 1065 346 ὑπερκειμένην
1091 281 1166 330 καὶ
1201 278 1356 330 ἐπάνω
1391 277 1582 329 πάντων
1610 278 1726 339 ὁμο-

141 368 376 427 λογοῦμεν
414 362 577 431 φύσιν.
646 362 883 429 τοιγάρτοι
929 363 1004 413 καὶ
1047 360 1184 428 πάσῃ
1228 365 1287 428 τῇ
1332 361 1482 411 κτίσει
1528 357 1604 410 διὰ
1647 363 1731 408 τοῦ

1795 435 1955 468 S.Mattl1.

140 443 396 512 πανσόφου
435 448 792 514 προσεφωνεῖτο
830 444 1078 497 Μωυσέως
1104 450 1131 472 “
1156 441 1334 509 Κύριον
1365 440 1447 492 τὸν
1479 439 1605 491 Θεόν
1639 448 1833 511 o‘ovbiv·
1853 489 1890 510 10
1909 492 1926 511 e

1792 523 1894 554 Deut.
1912 524 1954 553 vi.

141 533 168 555 ‘⁶
193 526 557 591 προσκυνήσεις,
606 529 681 577 καὶ
733 527 858 595 αὐτῷ
902 525 1031 595 μόνῳ
1081 524 1401 590 λατρεύσεις·”
1463 522 1586 573 ὥστε
1639 520 1731 591 ὅτῳ
1797 575 1845 604 η.

99 608 261 659 5κατά
313 607 463 676 φύσιν
507 610 639 659 ἐστὶν
682 608 710 672 ἡ
757 608 960 670 δουλεία,
1006 608 1081 657 καὶ
1127 606 1216 658 ὑπὸ
1261 605 1344 657 τὸν
1387 608 1469 669 τῆς
1514 602 1733 667 θεότητος

140 690 300 741 πίπτει
335 688 490 755 ζυγὸν,
515 695 654 741 τοῦτο
689 690 745 754 δὴ
782 688 970 743 πάντως
1007 692 1082 740 καὶ
1116 686 1298 754 ἀνάγκη
1333 690 1631 753 προσκυνεῖν,
1658 684 1734 735 καὶ

141 776 208 840 τῷ
233 774 316 834 τῆς
343 774 561 838 λατρείας
590 773 868 823 ὑποκεῖσθαι
895 769 1123 837 σχήματι.
1176 772 1225 821 ἐν
1250 768 1335 833 μὲν
1362 768 1455 836 γὰρ
1492 772 1558 838 τῷ
1592 771 1734 818 εἰπεῖν

146 853 337 919 Κύριον,
365 854 545 920 διορίζει
580 853 633 904 τὸ
669 857 856 915 δοῦλον,
882 854 930 902 ἐν
956 852 1005 902 δὲ
1040 856 1107 921 τῳ
1144 851 1284 914 Θεὸν,
1311 851 1364 901 τὸ
1401 849 1730 914 πεποιημένον·

141 940 483 986 συνεπινοεῖται
521 935 614 1001 γάρ
651 958 752 988 πως
793 935 866 986 καὶ
906 933 1360 995 ἀντιδιαστέλλεται,
1394 936 1460 1001 τῷ
1498 930 1582 995 μὲν
1616 929 1735 981 κατὰ

76 1034 123 1058 10
144 1017 292 1084 φύσιν
321 1017 480 1087 Κυρίῳ
506 1017 559 1067 τὸ
588 1020 773 1079 δοῦλον,
799 1020 858 1085 τῇ
885 1014 932 1066 δὲ
957 1015 1171 1085 ἀγενήτῳ
1205 1013 1388 1079 θεότητι
1414 1013 1468 1064 τὸ
1492 1011 1736 1080 παραχθὲν

141 1102 204 1153 εἰς
230 1098 433 1164 γένεσιν.

215 1183 278 1232 ‘O
306 1181 354 1232 δὲ
379 1180 492 1236 Υἱὸς
519 1182 676 1236 ἀϊδίως
702 1180 767 1232 ὢν
793 1182 840 1232 ἐν
864 1183 1018 1248 Πατρῖ
1048 1182 1121 1231 καὶ
1151 1179 1324 1247 Κύριός
1349 1202 1398 1230 τε
1421 1177 1648 1246 ὑπάρχων
1674 1179 1738 1230 ὡς

143 1262 278 1325 Θεὸς,
314 1263 458 1314 πόθεν
497 1262 555 1314 ἀν
592 1264 805 1333 φαίνοιτο
843 1263 898 1315 τὸ
936 1267 1220 1329 προσκυνεῖν
1257 1262 1538 1331 ἐποφείλων,
1574 1262 1776 1325 ἀπορῶο

143 1344 228 1407 μὲν
254 1346 551 1397 ἐπιδεικνύειν
576 1347 686 1412 ἐγώ·
743 1345 1088 1414 φλυαρούντων
1115 1344 1164 1396 δὲ
1197 1342 1346 1396 πάλιν
1371 1346 1533 1394 ἐκεῖνοι
1563 1345 1735 1407 Προσ-

76 1443 124 1481 Ξ5
148 1426 350 1491 κυνήσει,
392 1430 557 1496 φησιν,
597 1429 622 1478 ὁ
664 1428 941 1494 Μονογενὴς
983 1430 1049 1496 τῷ
1091 1428 1260 1493 Πατρῖ,
1300 1427 1404 1477 οὕτε
1444 1427 1505 1478 ὡς
1543 1426 1735 1485 δοῦλος,

146 1511 250 1560 οὔτε
275 1512 338 1563 ὡς
363 1511 558 1574 ποίημα,
587 1511 697 1560 ἀλλ’
728 1512 789 1563 ὡς
815 1509 930 1564 Υἱὸς
955 1513 1021 1579 τῷ
1045 1508 1345 1575 γεννήσαντι.
1401 1504 1742 1573 παραληπτέον

146 1592 228 1643 οὖν
277 1591 369 1658 ἄρα
411 1591 497 1656 τὴν
541 1591 875 1658 προσκύνησιν
922 1593 970 1642 ἐν
1015 1595 1080 1660 τῳ
1125 1593 1209 1654 τῆς
1256 1589 1463 1654 υἶότητος
1509 1588 1622 1657 ὅρῳ,
1668 1589 1743 1638 καὶ

145 1677 313 1741 χρῆναι
350 1673 539 1728 πάντως
579 1676 772 1740 ἐροῦμεν
806 1673 888 1724 τὸν
914 1671 1034 1724 Υὶὸν
1061 1677 1345 1738 προσκυνεῖν
1376 1675 1441 1740 τῳ
1475 1671 1643 1736 Πατρῖ,
1680 1672 1743 1723 ὡς

146 1759 194 1807 ἐν
232 1755 382 1826 τούτῳ
421 1756 475 1807 τὸ
514 1754 628 1807 εἶναι
667 1755 897 1823 λαχόντα,
937 1754 1149 1821 καθάπερ
1188 1755 1269 1805 οὖν
1307 1755 1381 1804 καὶ
1422 1753 1550 1817 ἡμεῖς
1588 1753 1637 1802 ἐν
1675 1754 1742 1820 τῷ

77 1860 126 1884 20
146 1836 258 1888 εἶναι
295 1838 390 1908 ζῳα
424 1837 596 1904 λογικὰ
630 1837 791 1902 θνητὰ,
820 1843 902 1888 νοῦ
937 1841 1010 1888 καὶ
1049 1836 1314 1901 ἐπιστήμης
1350 1834 1550 1897 δεκτικὰ,
1582 1832 1610 1899 ὴ
1645 1837 1740 1887 τοῖς
1761 1836 1787 1876 (ἶ

146 1919 318 1989 ἔξωθεν
356 1923 430 1971 καὶ
473 1919 592 1971 κατὰ
631 1925 741 1971 νοῦν
780 1919 1006 1983 κινήμασι
1052 1921 1126 1969 καὶ
1171 1918 1336 1981 μόναις
1375 1922 1474 1970 ταῖς
1512 1918 1561 1967 ἐκ
1600 1919 1741 1980 θελη-

145 2002 308 2065 μάτων
344 2003 511 2069 ῥοπαῖς
550 2003 882 2069 ἐπιτρέψομεν.
957 2006 993 2052 εἰ
1031 2000 1116 2065 μὲν
1155 2000 1248 2067 γὰρ
1293 2000 1577 2065 ἐνέσπαρται
1621 1996 1741 2049 κατὰ

147 2085 298 2152 φύσιν
323 2089 390 2155 τῷ
418 2089 685 2151 Μονογενεῖ
713 2084 768 2136 τὸ
804 2087 973 2152 χρῆναι
1007 2083 1196 2137 πάντως
1232 2086 1307 2134 καὶ
1344 2085 1406 2137 ὡς
1441 2082 1498 2152 ἐξ
1533 2080 1740 2148 ἀνάγκης

146 2171 444 2232 προσκυνεῖν,
471 2168 591 2218 οὕτω
618 2189 666 2217 τε
695 2172 856 2217 νοοῦσι
884 2168 958 2217 καὶ
992 2167 1204 2232 λέγουσι,
1232 2170 1332 2219 πῶς
1367 2166 1420 2215 οὐ
1455 2168 1645 2230 γυμνῶς
1678 2166 1741 2216 εἷς

79 2265 127 2304 25
148 2246 289 2298 αὐτὸν
315 2251 664 2310 δυσσεβοῦντες
691 2250 966 2299 ἁλώσονται
993 2247 1075 2299 τὸν
1104 2246 1328 2314 Πατέρα;
1368 2252 1505 2299 πᾶσα
1539 2246 1632 2313 γὰρ
1663 2248 1739 2296 καὶ

149 2328 290 2380 αὑτὸν
317 2329 499 2395 ἀνάγκη
527 2334 735 2381 νοεῖσθαι
761 2336 985 2393 τοιοῦτον,
1013 2331 1199 2396 ἐπείπερ
1226 2332 1301 2380 καὶ
1333 2328 1465 2380 εἰκὼν
1492 2330 1633 2379 αὐτοῦ
1664 2331 1740 2378 καὶ

148 2411 390 2478 χαρακτὴρ
430 2413 571 2463 αὐτοῦ
610 2415 741 2464 ἐστιν
777 2414 801 2464 ὁ
835 2413 963 2475 Υἱὸς,
1003 2414 1078 2463 καὶ
1116 2412 1302 2479 ὅσαπερ
1341 2409 1398 2462 ἂν
1432 2413 1479 2461 ἐν
1513 2412 1733 2475 ἀπαραλ-

149 2493 340 2548 λάκτοις
385 2493 586 2562 ὑπάρχοι
631 2500 726 2548 τοῖς
772 2494 1053 2558 ὁμοιώμασι,
1099 2499 1247 2545 ταῦτα
1292 2493 1347 2558 δὴ
1399 2491 1587 2545 πάντως
1638 2492 1736 2542 κατ’

150 2574 282 2626 οὐδὲν
323 2575 555 2640 ἀλλήλων
594 2578 774 2628 διοίσει.
843 2581 880 2626 εἰ
927 2575 975 2626 δὲ
1020 2578 1068 2627 ἐν
1112 2575 1241 2645 μόνῳ
1286 2574 1474 2626 κεῖσθαί
1511 2578 1635 2642 φασι
1673 2577 1779 2643 τῷθ

202 2769 230 2792 1.
257 2758 327 2791 δεῖν
346 2756 387 2791 Β.
407 2757 456 2791 δεῖ
476 2757 542 2791 Ed.
624 2760 860 2804 ὁμολογοῦμεν
878 2759 920 2793 Β.
943 2759 1217 2805 ὁμολογουμένην
1236 2758 1302 2793 Ed.
1541 2758 1575 2792 8.
1602 2760 1676 2803 Θεῷ
1697 2757 1738 2791 Β.

155 2815 207 2849 13.
233 2804 338 2838 πόθεν
357 2804 399 2838 Β.
418 2804 495 2838 ὅθεν
513 2804 580 2838 Ed.
681 2817 733 2850 19.
760 2807 798 2840 τὸ
817 2818 886 2840 om.
907 2806 948 2840 B.
1048 2817 1103 2840 20.
1130 2804 1268 2851 λογικὰ]
1293 2809 1329 2845 —{·-
1351 2805 1404 2838 καὶ
1422 2803 1488 2838 Ed.
1507 2804 1625 2839 invitis
1645 2805 1738 2840 B.D.

235 2849 343 2876 ἔνδοθεν

152 2895 206 2919 21.
224 2884 349 2927 ἔξωθεν
364 2884 405 2918 Β.
449 2883 573 2918 Statim
592 2885 645 2918 καὶ
663 2891 885 2930 assumptum
904 2898 945 2920 ex
962 2886 1003 2920 B.
1051 2887 1168 2929 μόναις
1185 2890 1408 2930 assumptum
1427 2897 1466 2919 ex
1484 2885 1525 2919 B.
1593 2895 1648 2919 22.
1668 2885 1739 2920 ἐπι-

150 2931 319 2976 τρίψομεν
339 2931 379 2965 Β.
445 2932 511 2975 γὰρ
529 2943 598 2965 om.
620 2931 660 2965 Β.
785 2931 839 2966 26.
867 2931 918 2966 καὶ
937 2933 1035 2977 prius
1053 2944 1122 2966 om.
1144 2932 1184 2966 Β.
1315 2941 1369 2977 27.
1396 2932 1499 2967 αὐτοῦ
1517 2938 1739 2977 assumptum

151 2990 192 3012 ex
215 2978 254 3012 B.
402 2979 455 3012 28.
482 2978 615 3023 ὑπάρχῃ
638 2977 676 3012 B.
825 2990 878 3023 29.
905 2979 1066 3023 ἀλλήλων
1085 2984 1307 3023 assumptum
1326 2990 1367 3013 ex
1388 2979 1428 3013 B.
