2084 3317
99 154 155 196 vi.
175 164 243 209 51.
332 152 408 193 IN
450 150 491 191 S.
526 144 862 190 JOANNEM.
925 141 1050 183 LIB.
1084 139 1164 180 IV.
1226 136 1360 178 CAP.
1393 135 1454 175 II.
1607 132 1690 172 519

104 264 219 332 ὑπὲρ
252 261 443 315 πάντων
474 256 772 323 ἀντίλυτρον·
813 253 872 319 ἧν
907 251 1001 318 γὰρ
1037 247 1151 314 ὑπὲρ
1186 244 1384 298 πάντας.
1440 240 1516 292 διὰ
1554 245 1693 291 τοῦτο

105 350 181 399 καὶ
206 347 255 396 ἐν
280 346 495 413 ψαλμοῖς
520 363 613 392 που
639 339 791 408 φησιν
817 333 982 386 ἑαυτὸν
1009 329 1125 396 ὑπὲρ
1151 330 1283 393 ἡμῶν
1306 325 1471 390 ὥσπερ
1497 323 1694 386 ἄμωμον
1712 331 1739 371 (1

107 432 268 495 ἱερεῖον
306 425 536 477 ἀνατιθεὶς
574 425 640 491 τῷ
679 423 788 489 Θεῷ
827 419 903 469 καὶ
942 413 1102 479 Πατρί
1137 418 1164 440 “
1192 409 1382 461 Θυσίαν
1422 408 1498 457 καὶ
1540 426 1695 470 προσ-

107 517 135 540 “
160 506 316 578 φορὰν
341 508 423 557 οὐκ
448 504 703 570 ἠθέλησας,
730 506 874 564 σῶμα
900 498 947 550 δὲ
980 494 1250 561 κατηρτίσω
1277 510 1372 555 μοι·
1417 485 1692 540 ὁλοκαυτώ-

65 602 88 641 5
108 598 135 622 “
159 613 286 656 ματα
321 590 397 640 καὶ
430 589 537 653 περὶ
573 585 803 651 ἁμαρτίας
837 582 920 633 οὐκ
953 577 1238 644 ηὑδόκησας·
1281 572 1386 624 τότε
1418 569 1548 622 εἶπον
1573 566 1698 618 Ἰδοὺ

108 681 136 704 “
161 674 272 738 ἥκω,
291 673 339 722 ἐν
361 669 582 738 κεφαλίδι
608 667 802 729 βιβλίου
829 663 1091 730 γέγραπται
1117 659 1224 724 περὶ
1249 658 1376 719 ἐμοῦ,
1393 658 1477 704 τοῦ
1501 653 1699 714 ποιῆσαι

109 763 137 786 “
162 755 216 807 τὸ
255 751 441 818 θέλημά
480 773 572 802 σου
611 751 636 800 ὁ
676 747 798 800 Θεὸς
836 741 1160 810 ἠβουλήθην·”
1213 736 1368 801 ἐπειδὴ
1407 734 1501 802 γὰρ
1534 740 1560 763 “
1585 730 1700 796 αἷμα

110 846 136 869 “
162 837 347 904 ταύρων
385 836 461 886 καὶ
504 832 692 899 τράγων
732 831 807 880 καὶ
851 824 1032 878 σποδὸς
1075 820 1354 886 δαμάλεως”
1397 819 1480 869 οὐκ
1518 816 1700 885 ἐξήρκει

109 919 228 986 πρὸς
279 915 609 982 ἀποκάθαρσιν
660 910 909 977 ἁμαρτίας,
964 907 1074 957 ἀλλ’
1128 902 1232 956 οὐδὲ
1284 902 1311 966 ἡ
1362 905 1456 951 τῶν
1508 896 1701 963 ἀλόγων

45 1023 94 1048 10
111 999 283 1072 σφαγὴ
318 999 619 1064 κατήργησεν
654 995 711 1045 ἄν
741 1014 857 1044 ποτε
893 995 976 1041 τοῦ
1010 986 1214 1039 θανάτου
1251 983 1305 1035 τὸ
1342 981 1525 1049 κράτος,
1564 977 1741 1031 αὐτὸς-ε

111 1083 339 1145 εἰσβαίνει
374 1077 588 1146 Χριστὸς
624 1074 800 1144 τρόπον
835 1071 939 1124 τινὰ
977 1070 1061 1124 τὰς
1101 1067 1215 1134 ὑπὲρ
1255 1063 1478 1117 ἁπάντων
1514 1060 1704 1130 ὑφέξων

112 1167 257 1222 δίκας.
311 1172 338 1195 “
358 1168 442 1234 Τῷ
466 1162 560 1230 γὰρ
587 1160 790 1226 μώλωπι
817 1158 959 1208 αὐτοῦ
989 1155 1116 1219 ἡμεῖς
1149 1150 1389 1216 ἱάθημεν,”
1420 1151 1482 1201 ὡς
1518 1148 1543 1197 ὁ
1578 1168 1700 1211 προ-

114 1250 268 1320 φήτης
309 1249 448 1318 φησὶ,
482 1248 557 1297 καὶ
591 1242 721 1296 ατοὶς
761 1239 990 1306 ἁμαρτίας
1028 1237 1160 1301 ἡμῶν
1195 1232 1334 1286 αὐτὸς
1372 1229 1625 1295 ἀνήνεγκεν
1657 1228 1706 1277 ἐν

116 1340 142 1363 “
167 1335 235 1402 τῷ
284 1330 473 1394 σώματι
522 1327 664 1378 αὐτοῦ
709 1327 770 1377 εἰς
814 1320 869 1373 τὸ
917 1318 1112 1389 ξύλον·”
1171 1313 1449 1382 ἐσταυρώθη
1497 1311 1544 1362 δὲ
1591 1308 1707 1375 ὑπὲρ

50 1429 98 1468 15
115 1413 308 1467 πάντων
350 1414 425 1464 καὶ
463 1409 539 1462 διὰ
577 1406 772 1468 πάντας,
810 1404 886 1455 ἵνα
927 1401 1026 1455 ἑνὸς
1066 1398 1181 1466 ὑπὲρ
1220 1397 1412 1448 πάντων
1451 1395 1709 1455 ἀποτεθνη-

117 1496 266 1559 κότος,
311 1498 353 1546 οἱ
398 1492 571 1546 πάντες
616 1489 834 1557 ζήσωμεν
877 1486 926 1536 ἐν
969 1485 1110 1552 αὐτῷ·
1173 1481 1226 1531 οὐ
1272 1478 1367 1545 γὰρ
1411 1475 1467 1541 ἧν
1512 1473 1710 1526 δυνατὸν

119 1586 147 1609 “
173 1581 447 1647 κρατεῖσθαι
493 1571 636 1625 αὐτὸν
674 1570 798 1622 ὑπὸ”
840 1573 922 1620 τοῦ
969 1565 1189 1622 θανάτου,
1231 1562 1343 1614 ἀλλ’
1385 1559 1485 1611 οὐδ’
1528 1557 1585 1608 ἂν
1629 1558 1712 1620 τῆς

120 1660 240 1713 κατὰ
265 1660 414 1730 φύσιν
442 1658 558 1725 ζωῆς
584 1650 935 1720 κατεκράτησεν
962 1649 989 1713 ἡ
1015 1644 1186 1717 φθορά.
1238 1644 1309 1696 ὅτι
1337 1642 1384 1694 δὲ
1411 1640 1516 1710 ὑπὲρ
1542 1639 1616 1700 τῆς
1642 1639 1712 1690 τσῧ

124 1745 294 1813 noso-poor)
321 1741 430 1814 ζωῆς
460 1739 546 1804 τὴν
573 1740 739 1789 ἑαυτοῦ
774 1731 1060 1800 προσήγαγε
1096 1728 1245 1797 σάρκα
1270 1723 1500 1793 Χριστὸς,
1528 1724 1603 1773 καὶ
1639 1719 1715 1771 διὰ
1732 1739 1754 1763 a

54 1847 104 1872 20
122 1832 218 1878 τῶν
258 1827 401 1877 αὐτοῦ
441 1820 729 1889 γνωσόμεθα
771 1815 948 1881 λόγων·
995 1820 1021 1843 “
1050 1810 1212 1877 Πάτερ
1253 1807 1360 1875 γὰρ,
1401 1807 1569 1876 φησιν,
1613 1803 1714 1869 ἅγιε

123 1917 151 1940 “
177 1908 388 1975 τήρησον
423 1902 636 1957 αὐτούς·”
679 1901 756 1951 καὶ
793 1898 942 1950 πάλιν
976 1902 1004 1925 “
1029 1892 1180 1960 ’Υπὲρ
1221 1892 1375 1943 αὐτῶν
1409 1888 1502 1955 ἐγὼ
1542 1884 1717 1953 ἁγιάζω

124 2000 152 2023 “
178 1989 422 2056 ἐμαυτόν“”
479 1985 644 2038 ἑαυτὸν
683 1982 737 2035 δέ
770 1986 923 2050 φησιν
964 1975 1167 2044 ἀγιάζειν
1205 1975 1254 2025 ἐν
1293 1972 1491 2030 τούτοις,
1533 1971 1617 2021 οὐκ
1656 1972 1719 2022 εἷς

125 2071 368 2141 ἁγιασμὸν
399 2072 602 2139 ὠφελῶν
634 2065 716 2118 τὸν
748 2066 796 2115 ἐν
827 2061 1057 2128 καθάρσει
1092 2060 1269 2128 ψυχῆς,
1296 2056 1399 2121 ἤτοι
1432 2052 1716 2117 πνεύματος,

126 2160 190 2211 ὡς
227 2154 299 2226 ἐφ’
341 2155 475 2219 ἡμῶν
514 2150 779 2214 νοούμενον,
819 2145 930 2196 ἀλλ’
972 2140 1078 2194 οὐδὲ
1117 2139 1204 2205 τὴν
1243 2143 1325 2191 τοῦ
1362 2137 1529 2203 Ἀγίου
1569 2133 1720 2186 Πνεύ-

59 2259 107 2299 25
127 2262 274 2304 ματος
307 2235 510 2304 μέθεξιν·
554 2231 612 2297 ἧν
638 2229 732 2297 γὰρ
767 2230 814 2280 ἐν
841 2228 967 2295 αὐτῷ
1001 2224 1055 2276 τὸ
1085 2227 1282 2286 Πνεῦμα
1317 2223 1547 2290 φυσικῶς·
1591 2215 1648 2281 ἦν
1674 2239 1721 2266 τε

128 2324 205 2373 καὶ
247 2320 378 2371 ε”στιν
425 2316 556 2383 ἅγιος
599 2315 682 2376 ἀεὶ,
720 2312 796 2362 καὶ
841 2309 976 2360 ἔσται
1021 2304 1140 2358 κατὰ
1193 2303 1246 2356 τὸ
1295 2301 1514 2367 διηνεκές·
1573 2299 1627 2351 τὸ
1673 2299 1727 2349 δέ

128 2401 336 2470 Ἀγιάζω
362 2401 514 2470 φησιν
541 2399 589 2448 ἐν
614 2395 809 2456 τούτοις,
836 2393 938 2443 ἀντὶ
965 2396 1048 2442 τοῦ
1074 2388 1358 2452 Ἀνατίθημι
1383 2387 1459 2436 καὶ
1483 2382 1721 2451 προσάγω

131 2484 342 2550 καθάπερ
381 2483 578 2546 ἄμωμον
611 2481 771 2545 ἱερεῖον
806 2478 868 2529 εἷς
907 2472 1065 2538 ὀσμὴν
1099 2471 1301 2523 εὐωδίας.
1355 2465 1566 2533 ἡγιάζετο
1603 2463 1717 2531 γὰρ,
1739 2475 1766 2516 b

131 2567 235 2632 ἤτοι
274 2565 392 2617 κατὰ
432 2562 575 2628 νόμον
613 2563 824 2612 ἐκαλεῖτο
863 2554 999 2623 ἅγιον
1037 2554 1091 2606 τὸ
1133 2556 1199 2622 τῷ
1242 2551 1350 2620 θείῳ
1395 2547 1723 2615 θυσιαστηρίῳ

63 2669 115 2707 30
132 2646 580 2718 προσκομιζόμενον.

184 2836 215 2872 7.
242 2821 345 2869 Θεὸς]
370 2827 406 2863 -Ι-
427 2836 492 2866 μου
509 2820 577 2855 Ed.
595 2819 706 2854 invito
726 2818 768 2853 B.
789 2818 863 2862 (55.
886 2827 964 2861 194.
985 2812 1082 2859 223.)
1232 2809 1265 2843 8.
1293 2807 1470 2849 δαμάλεως
1489 2803 1530 2837 Β.
1550 2802 1728 2847 δαμάλεων

136 2873 204 2908 Ed.
305 2882 358 2905 10.
384 2884 467 2904 ποτε
484 2873 564 2913 post
583 2867 703 2911 κράτος
719 2864 918 2909 transponit
940 2863 980 2896 B.
1092 2870 1103 2892 Ι
1116 2869 1144 2892 1.
1170 2857 1304 2890 πάντων
1324 2854 1365 2887 Β.
1477 2851 1530 2885 IS.
1557 2851 1607 2895 δέ]
1628 2864 1663 2884 τε
1683 2848 1727 2882 Β.

138 2932 193 2966 23.
220 2919 367 2963 ὠφελῶν
383 2914 458 2960 τὸν]
480 2913 706 2960 ὠφελούντων
725 2912 766 2946 Β.
980 2919 1034 2952 29.
1063 2902 1234 2948 ἐκαλεῖτο]
1254 2903 1350 2947 ἅγιος
1367 2900 1504 2934 καλεῖτο
1525 2897 1566 2932 Β.
1650 2895 1728 2941 θείῳ

136 2971 360 3010 assumptum
379 2976 418 2997 ex
438 2963 481 2996 B.

1757 405 1810 435 ΡΞ.

1756 448 1871 478 xxxix.

1759 498 1832 533 7-9-

1760 734 1847 765 Heb.
1865 734 1909 764 ix.

1764 787 1812 817 13.

1766 1150 1928 1189 Es.1iii.5.

1769 1226 1787 1267 ’1-
1800 1219 1831 1248 S.
1845 1216 1918 1246 Pet,

1767 1272 1800 1292 n.
1819 1271 1869 1299 ²4-

1772 1402 1787 1423 2
1802 1391 1877 1423 Cor.
1889 1401 1920 1421 v.

1773 1444 1823 1475 15.

1773 1554 1862 1584 Acta
1879 1552 1935 1583 SS.

1776 1599 1841 1638 Ap.
1857 1597 1890 1627 ii.

1778 1651 1828 1682 24.

1785 1728 1873 1763 354
1888 1726 1940 1761 A.

1778 1797 1871 1847 luffa

1777 1852 1856 1872 xvu.
1871 1849 1884 1870 I
1894 1848 1906 1870 I
1915 1864 1921 1870 .

1780 1897 1830 1928 ΙΙ).
1856 1905 1903 1935 19.
