2021 3296
117 142 143 183 i.
164 155 201 184 2.
354 141 427 182 IN
470 140 511 181 S.
547 138 888 182 1ΪΟΑΝΝΕΜ.
951 139 1075 180 LIB.
1110 140 1146 179 Ι.
1208 139 1342 180 CAP.
1377 140 1455 180 IV.
1651 141 1705 181 63

115 256 142 280 “
167 247 381 315 ἔγνωκεν,
420 253 457 299 εὶ
494 247 559 313 μὴ
598 247 653 300 τὸ
694 253 890 311 Πνεῦμα
927 253 1010 298 τοῦ
1050 251 1176 298 Θεοῦ
1213 246 1267 298 τὸ
1307 249 1355 298 ἐν
1394 247 1563 315 αὑτῲ.”
1628 245 1705 296 ὅτε

113 332 270 383 τοίνυν
302 354 358 383 το
396 330 552 383 πάντα
590 330 871 400 ἐξακριβοῦν
901 328 1076 395 ‘'Aytov
1108 333 1319 393 Πνεῦμα,
1353 329 1407 379 οὐ
1445 327 1590 391 μόνον
1623 333 1705 378 τοῦ

115 412 306 479 Πατρός
356 414 501 475 ἐστιν,
548 411 680 463 ἀλλὰ
724 414 800 463 καὶ
843 417 927 463 τοῦ
971 415 1107 462 Υἱοῦ·
1167 415 1267 465 πῶς
1317 409 1376 461 ἂν
1420 409 1485 461 ἔτι
1537 408 1707 460 λοιπὸν

114 494 348 560 ἀγνοήσαι
394 516 439 545 τι
483 498 578 545 τῶν
616 494 665 544 ἐν
702 497 768 563 τῷ
814 492 1114 560 γεγεννηκότι
1156 492 1210 544 τὸ
1255 496 1452 556 Πνεῦμα
1494 491 1614 558 ε”χων
1659 492 1707 541 ἐν

73 590 94 629 5
113 576 260 646 ἑαυτῷ
285 579 502 645 φυσικῶς
527 574 582 626 τὸ
607 575 764 626 πάντα
791 574 908 629 εἶδός
928 596 940 637 ;
985 575 1153 626 οὐκοῦν
1178 573 1398 641 περιττὸν
1424 573 1513 638 ἤδη
1547 576 1707 641 φανεῖ-

114 680 191 709 ται
214 657 269 709 τὸ
295 659 350 708 δι’
379 656 536 723 ἑτέρου
561 655 815 721 μανθάνειν
842 656 1025 708 οἴεσθαι
1050 655 1136 707 τὸν
1155 655 1273 707 Υἱὸν
1294 655 1379 719 τὴν
1405 660 1487 706 τοῦ
1515 652 1708 720 Πατρός

115 739 327 804 θέλησιν,
353 737 555 805 ἀργήσει
581 737 630 789 δὲ
659 736 847 791 πάντως
875 738 904 802 ἡ
931 738 1064 804 χρεία
1090 743 1174 788 τοῦ
1199 737 1352 801 μάτην
1379 736 1706 801 μεσιτεύοντος
1727 763 1749 790 c

115 819 281 887 λόγου,
318 820 436 872 κατὰ
475 819 561 885 τὴν
593 821 777 871 ἐκείνων
812 820 1138 871 ἀπαιδευσίαν.
1199 817 1355 870 πάντα
1393 817 1486 885 γὰρ
1526 816 1647 869 οἶδεν
1683 819 1707 868 ὁ

114 901 231 957 Υἱὸς
256 903 313 971 ἐξ
333 903 513 955 ἑαυτοῦ.

50 1009 98 1034 10
190 1005 310 1035 ΑΛΛο
340 1005 416 1034 AIA
447 1005 534 1034 ΤΗΣ
565 1004 636 1034 ΕΙΣ
666 1004 852 1033 ΑΤοΠοΝ
883 1002 1138 1033 ΑΠΑΓΩΓΗΣ.
1191 984 1256 1033 Οἱ
1293 985 1376 1046 τῆς
1414 988 1496 1033 τοῦ
1538 985 1705 1032 Μονο-

116 1073 280 1133 γενοῦς
331 1072 702 1134 κατηγοροῦντες
751 1067 931 1129 οὐσίας,
977 1063 1053 1116 διὰ
1096 1070 1180 1116 τοῦ
1232 1065 1296 1128 μὴ
1343 1063 1507 1115 εἰδέναι
1554 1062 1710 1128 λε’γειν

116 1147 260 1200 αὑτὸν
297 1147 351 1200 τὸ
390 1154 474 1200 τοῦ
514 1146 709 1214 Πατρός
748 1148 945 1213 θέλημα,
986 1146 1262 1216 διδασκάλῳ
1302 1145 1350 1197 δὲ
1389 1144 1552 1212 ὥσπερ
1591 1146 1709 1196 ἀπο-

117 1234 378 1299 κεχρῆσθαι
409 1230 530 1298 πρὸς
555 1230 610 1282 τὸ
637 1234 816 1295 μαθεῖν,
845 1230 984 1300 ἑτερῳ
1011 1234 1077 1299 τῷ
1103 1230 1212 1296 παρ’
1242 1229 1397 1279 αὐτῶν
1423 1227 1710 1292 ἐπινοηθέντι

117 1311 266 1383 λόγῳ,
308 1311 361 1364 ὃν
406 1312 463 1378 δὴ
508 1315 584 1364 καὶ
629 1311 893 1363 ἐνδιάθετον
932 1310 1228 1377 ὀνομάζουσι,
1269 1309 1545 1377 λεγέτωσαν
1586 1310 1710 1374 ἡμῖν,

54 1412 98 1451 15
118 1394 245 1462 ε’ίπερ
283 1394 458 1446 οἴονται
497 1397 590 1445 δεῖν
626 1393 713 1458 τὴν
751 1394 922 1445 οἰκείαν
957 1395 1030 1445 ἐπὶ
1069 1393 1219 1462 τούτῳ
1259 1391 1501 1459 κρατύνειν
1540 1391 1706 1460 δόξαν,

118 1475 318 1544 πότερόν
343 1499 458 1528 ποτε
485 1474 604 1527 κατὰ
630 1475 781 1545 φύσιν
807 1475 915 1526 ’ίσον
941 1477 1130 1542 ἐροῦσιν
1158 1473 1384 1542 ὑπάρχειν
1409 1479 1475 1544 τῷ
1501 1477 1602 1543 Υὶῲ
1628 1472 1711 1524 τὸν
1729 1479 1756 1518 d

121 1558 383 1610 ἐνδιάθετον
408 1557 572 1623 λόγον·
614 1558 882 1609 ὑποκείσθω
908 1556 1002 1623 γὰρ
1030 1559 1092 1610 ὡς
1119 1559 1194 1607 καὶ
1222 1555 1442 1624 ὑφεστὼς
1477 1555 1566 1620 ἤδη
1602 1556 1707 1606 καθ’

121 1639 301 1692 ἑαυτόν·
342 1640 372 1705 ὴ
409 1641 492 1691 οὑκ
526 1640 635 1691 ἰ’σον
668 1638 768 1704 μὲν,
794 1640 984 1707 χείρονα
1022 1639 1077 1690 δέ
1105 1637 1276 1702 πως,ἦ
1313 1640 1388 1689 καὶ
1425 1639 1626 1702 ἀμείνω,
1675 1641 1712 1688 εἰ

121 1722 207 1787 μὲν
245 1723 326 1774 οῦν
363 1720 593 1773 ἐλάττονα
640 1726 883 1785 νομιοῦσιν
921 1719 1079 1784 αὑτὸν,
1119 1722 1192 1771 καὶ
1239 1723 1302 1774 εἷς
1348 1718 1491 1770 αὑτὸν
1534 1721 1712 1783 ἀσεβή-

53 1827 102 1853 20
122 1827 267 1856 σουσι
292 1803 376 1855 τὸν
405 1803 616 1870 Πατέρα·
659 1803 793 1854 ε”σται
819 1801 911 1869 γάρ
937 1826 982 1853 τι
1012 1802 1200 1856 πάντως
1233 1803 1281 1853 ἐν
1308 1802 1433 1870 αὐτῷ
1467 1799 1521 1852 τὸ
1557 1805 1713 1868 χεῖρον

122 1887 280 1950 αὑτοῦ,
307 1888 382 1937 καὶ
409 1886 566 1953 ἕτερον
590 1886 701 1952 παρ’
731 1883 889 1948 αὑτὸν,
916 1884 1175 1947 τουτέστιν,
1202 1886 1227 1935 ὁ
1258 1883 1520 1938 ἐνδιάθετος
1554 1882 1712 1949 λόγος.

0 1963 1 2040 φ
123 1972 161 2020 εἰ
199 1966 249 2019 δὲ
288 1969 475 2036 χείρονα
512 1967 596 2030 μὲν
627 1968 710 2018 οὐκ
744 1969 946 2035 ἐροῦσιν,
973 1966 1284 2035 ἐπιτρέψουσι
1323 1964 1370 2017 δὲ
1410 1966 1535 2034 αὐτῷ
1573 1964 1627 2016 τὸ
1667 1967 1716 2016 ἐν

0 2044 1 2083 ¹
123 2051 338 2113 ἀμείνοσι
364 2054 549 2101 κεῖσθαι
574 2048 705 2116 παρὰ
729 2047 812 2100 τὸν
834 2048 966 2111 Υὶὸν,
995 2051 1194 2100 διπλοῦν
1221 2048 1356 2099 ε”σται
1381 2045 1570 2100 πάντως
1597 2046 1716 2097 κατὰ

0 2086 2 2170 t
123 2137 206 2184 τοῦ
233 2130 427 2199 Πατρὸς
453 2130 507 2183 τὸ
535 2133 607 2200 ἐφ’
636 2134 738 2182 Υιῶ
772 2130 1097 2228 κατηγόρημα.
1151 2134 1340 2196 πρῶτον
1366 2152 1451 2193 μεν
1478 2127 1570 2195 γὰρ
1601 2151 1712 2194 γεν-

55 2228 103 2267 25
125 2213 274 2280 νήσας
310 2214 552 2266 ἁλώσεται
586 2211 642 2264 τό
676 2217 832 2281 χεῖρον
858 2211 887 2278 ὴ
926 2214 974 2263 ἐν
1001 2211 1067 2267 οἷς
1103 2214 1234 2263 ἐστιν
1259 2209 1413 2265 αὑτός.
1469 2208 1566 2261 εἶτα
1597 2208 1754 2277 πρὸςο

124 2296 275 2367 τούτῳ
313 2297 388 2347 καὶ
423 2293 563 2349 αὐτὸς
597 2295 689 2364 ἕξει
726 2295 967 2361 κρείττονα
993 2293 1077 2345 τὸν
1103 2293 1366 2345 ἐνδιάθετον
1391 2291 1558 2357 λόγον,
1590 2291 1716 2357 ε’ίπερ

125 2380 256 2430 ἐστὶν
307 2379 332 2429 ὁ
377 2376 547 2443 Πατὴρ
592 2376 841 2440 ὀμοούσιος
895 2379 960 2446 τῷ
1007 2379 1108 2446 Υἱῷ
1156 2379 1223 2445 τῷ
1272 2376 1370 2426 κατ’
1419 2375 1616 2427 ἐκείνους
1663 2371 1717 2423 τὸ

124 2458 326 2511 ἐ’λαττον
357 2459 712 2529 ἀποφερομένῳ.
765 2459 876 2509 ἀλλ’
906 2457 1025 2513 εἰκός
1063 2481 1118 2524 γε
1158 2457 1308 2522 δήπου
1347 2459 1428 2519 τῆς
1467 2456 1535 2506 ἐπ’
1571 2455 1716 2523 ἄμφω

126 2540 400 2610 δυσφημίας
435 2542 685 2606 ἀποπηδᾶν
710 2540 818 2594 τοὺς
854 2541 908 2592 δι’
937 2541 1164 2594 ἐναντίας·
1207 2539 1315 2590 ’ίσον
1342 2537 1390 2588 δὲ
1422 2537 1519 2588 κατ’
1550 2537 1717 2587 οὐσίαν

57 2646 106 2683 30
128 2622 353 2691 ὑπάρχειν
379 2624 538 2690 ἐροῦσι
573 2626 639 2692 τῷ
664 2625 766 2692 Υἱῴ
799 2622 884 2674 τὸν
909 2621 1172 2674 ἐνδιάθετον
1203 2626 1287 2672 τοῦ
1321 2618 1511 2685 Πατρός
1547 2617 1712 2683 λόγον.

176 2819 210 2853 3.
236 2808 276 2842 ἂν
293 2813 515 2852 assumptum
533 2819 574 2841 ex
593 2807 635 2841 B
641 2807 686 2841 D.
692 2807 733 2841 E.
852 2819 885 2849 4.
911 2806 1062 2852 ἀγιοὴσῃ
1084 2805 1125 2839 E.
1245 2814 1278 2847 5.
1305 2803 1364 2846 ἤδη
1383 2814 1453 2836 om.
1474 2801 1516 2835 B.
1638 2802 1671 2834 8.
1700 2803 1719 2834 ὁ

131 2855 209 2890 Υἱὸς
226 2852 339 2888 οιδεν
333 2866 392 2888 mv
395 2866 471 2887 erso
489 2853 610 2888 ordine
629 2854 671 2887 B.
788 2865 840 2888 10.
869 2853 966 2887 Haec
984 2853 1038 2886 δια
1055 2853 1113 2895 τῆς
1131 2851 1176 2885 εἷς
1194 2850 1320 2884 ἄτοπον
1337 2850 1544 2894 ἀπαγωγῆς
1536 2853 1718 2893 assumpta

131 2913 173 2936 ex
193 2901 235 2934 Β.
344 2911 396 2943 15.
425 2900 479 2935 ε’πι
496 2899 603 2947 τούτῳ
621 2906 844 2944 assumptum
861 2912 903 2934 ex
922 2899 965 2933 B.
1073 2909 1128 2932 22.
1155 2896 1410 2941 ἐπιστρέψοισι
1430 2895 1473 2930 Β.
1582 2903 1636 2940 25.
1665 2909 1719 2928 και

133 2948 232 2983 αὐτὸς
251 2947 335 2993 πρὸς
352 2950 451 2982 τοῑτο
467 2936 606 2981 inverso
623 2946 745 2982 ordine
766 2947 806 2980 B.
952 2946 1006 2979 28.
1032 2959 1071 2989 γε
1090 2955 1160 2978 om.
1180 2943 1222 2977 B.
