2084 3317
359 157 443 195 658
763 155 811 194 B.
845 152 1123 193 CYRILLI
1163 151 1544 192 ALEXANDR.
1784 148 1853 188 vii.
1875 146 1940 187 28.

359 267 463 315 Ἀπ’
490 265 679 331 ἐμαυτοῦ
715 267 789 314 οὐκ
826 261 1018 323 ἐλήλυθα
1051 265 1162 313 ἀλλ’
1193 262 1303 313 ἔστιν
1333 260 1528 322 ἀληθινός
1566 267 1583 312 ὁ
1619 256 1827 327 πέμψας
1863 279 1938 324 με.

361 348 468 408 ὑμῖν
495 345 580 409 μὲν
606 344 698 412 γὰρ
734 346 852 403 ἔθος,
883 347 1048 413 φησὶν,
1076 342 1112 394 (ἶ)
1138 343 1295 395 πάντα
1319 348 1587 406 τολμῶντες
1614 339 1836 402 εὐκόλως,
1868 339 1944 388 καὶ

320 428 479 494 οπρὸς
519 429 673 479 ὁτιοῦν
713 429 789 478 καὶ
834 431 928 478 τῶν
967 425 1162 494 σφόδρα
1207 428 1368 477 δεινῶν
1411 424 1765 491 ἀπερισκέπτως
1811 420 1946 483 βαδί-

361 510 529 576 ζοντες,
559 510 1025 579 ψευδοπροφητεύειν
1060 510 1166 560 ἔσθ’
1196 508 1284 572 ὅτε,
1315 510 1390 560 καὶ
1426 511 1552 558 Θεοῦ
1591 505 1655 570 μὴ
1695 506 1941 555 ἀπεσταλ-

361 592 509 654 κότος,
536 591 810 660 πεπέμφθαι
846 592 1003 656 λέγειν
1028 591 1159 657 παρὰ
1185 595 1325 642 Θεοῦ.
1379 589 1472 654 ἐγὼ
1500 587 1546 640 δὲ
1573 593 1666 639 τῶν
1693 587 1799 638 καθ’
1830 586 1947 645 ὑμᾶς
1967 601 1990 640 5

360 674 443 724 οὐκ
470 675 576 738 εἰμὶ,
603 672 715 723 ἀλλ’
742 673 846 725 οὐδὲ
872 673 957 729 τὰς
982 675 1090 740 παρ’
1121 675 1228 737 ὑμῖν
1253 672 1558 739 τετριμμένας
1584 668 1948 732 ἀπομιμήσομαι

358 755 555 819 τόλμας.
623 759 699 806 οὐκ
745 755 986 822 ἀφικόμην
1024 759 1106 807 ἀπ’
1148 756 1350 822 ἐμαυτοῦ,
1390 752 1495 805 οὐδὲ
1537 751 1846 817 αὐτάγγελος,
1886 751 1948 802 ὡς

360 838 500 900 ὑμεῖς,
529 838 639 888 ἀλλ’
669 837 726 904 ἐξ
748 839 947 903 οὐρανοῦ
973 837 1290 904 παραγέγονα·
1331 835 1527 896 ἀληθινός
1554 836 1664 887 ἐστιν
1692 840 1710 885 ὁ
1737 828 1949 900 πέμψας

358 943 430 987 με,
473 920 527 970 οὐ
574 920 674 970 κατ’
720 922 892 971 ἐκεῖνον
937 921 1089 985 δήπου
1131 919 1214 971 τὸν
1259 919 1480 986 ὑμέτερον
1523 917 1606 969 τὸν
1651 916 1945 985 φιλοψευδῆ,

358 1002 575 1053 τουτέστι
611 1001 694 1053 τὸν
726 1001 971 1063 διάβολον,
1008 1003 1062 1053 οῦ
1101 1000 1155 1053 τὸ
1193 1007 1378 1064 πνεῦμα
1417 999 1744 1065 λαμβάνοντες
1782 999 1857 1048 καὶ
1897 996 1949 1047 τὸ
1975 1016 2024 1041 10

314 1087 514 1153 ἀψευδῆ
565 1083 880 1152 προφητεύειν
929 1086 1249 1148 ἀποτολμᾶτε.
1329 1084 1496 1134 οὐκοῦν
1547 1079 1742 1141 ἀληθινές
1794 1077 1880 1142 μὲν
1933 1084 1950 1130 ὁ
2071 1082 2074 1090 ’

361 1163 570 1235 πέμψας
597 1191 667 1233 με,
696 1168 721 1217 ὁ
749 1166 796 1218 δὲ
824 1168 941 1229 ὑμᾶς
967 1165 1087 1232 πρὸς
1112 1166 1166 1218 τὸ
1193 1165 1493 1218 πλάττεσθαι
1525 1163 1633 1217 τοῦς
1668 1161 1798 1228 παρὰ
1825 1164 1952 1212 Θεοῦ

136 1249 275 1334 {3524-
360 1248 535 1315 λόγους
567 1248 829 1310 διανιστάς,
860 1249 942 1299 οὐκ
969 1248 1208 1311 ἀληθινός.
1263 1248 1480 1316 ψεύστης
1506 1246 1600 1313 γάρ
1626 1248 1728 1296 ἐστι
1756 1246 1830 1294 καὶ
1855 1247 1951 1294 τῶν

359 1332 665 1400 ψευδομένων
706 1330 879 1396 πατήρ.
954 1330 1025 1382 ὅτι
1075 1330 1122 1381 δὲ
1173 1335 1269 1385 τοῖς
1311 1330 1553 1382 ἷΙουδαίοις
1598 1324 1950 1390 κατειθισμένον

360 1413 622 1480 εὑρήσομεν
651 1412 706 1464 τὸ
741 1414 1055 1481 προφητεύειν
1080 1415 1250 1482 ψευδῆ,
1277 1418 1371 1466 τοῖς
1406 1417 1501 1463 τῶν
1525 1414 1787 1478 προφητῶν
1813 1430 1942 1474 περι-
1972 1427 2020 1465 15

360 1495 675 1563 τυγχάνοντες
717 1494 880 1560 λόγοις
922 1497 1099 1546 ἀκονιτὶ
1139 1495 1458 1561 θεωρήσομεν.
1528 1491 1818 1562 σαφέστατα
1856 1488 1949 1556 γάρ

136 1580 298 1655 ἓξὲξ-21.
360 1601 454 1629 που
494 1579 647 1646 φησὶν
691 1578 715 1628 ὁ
759 1577 952 1629 πάντων
987 1576 1243 1642 Δεσπότης
1283 1580 1387 1643 περὶ
1429 1577 1583 1626 αὐτῶν
1626 1582 1651 1604 “
1680 1575 1785 1625 Οὐκ
1828 1572 1942 1623 ἀπέ-

360 1667 388 1690 “
415 1668 628 1711 στελλον
654 1659 761 1714 τοὺς
793 1659 1058 1728 προφήτας,
1086 1662 1162 1712 καὶ
1196 1662 1326 1711 αὐτοὶ
1361 1660 1567 1726 ἔτρεχον·
1612 1658 1693 1708 οὐκ
1730 1655 1950 1718 ἐλάλησα

321 1767 343 1794 e
362 1750 387 1771 ‘⁴
413 1741 532 1809 πρὸς
557 1743 736 1805 αὐτοὺς,
755 1745 829 1793 καὶ
856 1744 987 1794 αὐτοὶ
1015 1742 1376 1811 ἐπροφήτευον.”
1419 1743 1494 1792 καὶ
1521 1739 1669 1791 πάλιν
1689 1738 1951 1806 ε’νἹερεμίᾳ

136 1826 272 1911 {32⁸³st
361 1831 388 1854 ‘⁶
415 1826 577 1888 Ψευδῆ
617 1828 659 1876 οἱ
694 1828 937 1894 προφῆται
970 1825 1356 1893 προφητεύουσιν
1388 1823 1462 1874 ἐπὶ
1501 1825 1567 1891 τῷ
1605 1819 1802 1884 ὀνόματί
1835 1842 1945 1883 μου,
1972 1841 2024 1868 20

361 1913 388 1936 ‘⁶
414 1907 497 1957 οὐκ
535 1906 794 1958 ἀπέστειλα
829 1906 995 1961 αὐτοὺς
1032 1909 1107 1958 καὶ
1142 1908 1224 1957 οὐκ
1259 1904 1480 1970 ἐλάλησα
1513 1903 1632 1970 πρὸς
1671 1901 1836 1956 αὐτοὺς
1875 1904 1952 1953 καὶ

361 1996 388 2019 “
415 1990 498 2040 οὐκ
536 1987 837 2054 ἐνετειλάμην
871 1990 1042 2043 αὐτοῖς·
1094 1989 1165 2039 ὅτι
1205 1988 1393 2053 ὁράσεις
1431 1990 1507 2038 καὶ
1546 1986 1838 2050 οἶωνίσματα
1876 1986 1951 2035 καὶ

360 2079 388 2101 “
413 2072 702 2139 προφητείας
754 2073 945 2138 καρδίας
993 2072 1147 2122 αὐτῶν
1192 2072 1322 2121 αὐτοὶ
1365 2068 1750 2137 προφητεύουσιν
1795 2067 1950 2130 ὑμῖν.”

359 2154 604 2222 ἐλέγχεται
642 2160 893 2220 τοιγαροῦν
929 2155 1001 2205 ἐπὶ
1043 2153 1194 2222 τούτῳ
1234 2153 1258 2202 ὁ
1297 2151 1486 2219 ἀλαζὼν
1513 2152 1751 2213 Ἰουδαῖος,
1779 2153 1841 2204 ὡς
1876 2152 1952 2200 καὶ

360 2237 486 2306 αὐτῷ
517 2239 717 2303 περιθεὶς
751 2241 817 2306 τῷ
844 2240 1047 2305 Χριστῷ
1082 2234 1137 2286 τὸ
1173 2232 1361 2301 προσὸν
1387 2236 1535 2304 ἑαυτῷ
1570 2235 1645 2284 καὶ
1678 2231 1800 2283 κατὰ
1825 2237 1950 2284 Θεοῦ
1974 2251 2024 2290 25

360 2317 555 2384 θράσος,
590 2318 821 2381 τουτέστι,
857 2317 941 2383 τὴν
977 2317 1435 2386 ψευδοπροφητείαν.
1492 2315 1546 2367 τὸ
1586 2316 1634 2366 δὲ
1673 2314 1798 2368 ὅλως
1836 2318 1946 2366 ἀπι-

361 2405 493 2451 στεῖν
524 2406 589 2470 τῷ
628 2400 790 2452 θεόθεν
824 2402 900 2452 καὶ
939 2402 988 2451 ἐκ
1024 2398 1216 2466 Πατρὸς
1256 2398 1558 2450 ἀπεστάλθαι
1596 2401 1784 2460 βοῶντι,
1811 2399 1859 2448 τί
1894 2395 1953 2448 ἂν

361 2482 518 2549 ἕτερον
556 2483 624 2546 εἴη
663 2482 834 2535 λοιπὸν
873 2482 902 2548 ἦ
942 2481 1195 2549 διαῤῥήδην
1233 2483 1529 2547 ἀνακραγεῖν,
1565 2479 1636 2531 ὅτι
1675 2481 1947 2548 ψευδοπρο-

361 2565 576 2634 φητεύεις
601 2565 660 2616 τὰ
686 2565 818 2629 ἡμῶν
845 2570 908 2619 εὶς
935 2565 1055 2629 ἡμᾶς
1080 2563 1392 2628 μιμούμενος;

411 2706 441 2729 2.
467 2694 493 2729 ὧ
511 2694 710 2728 emendavit
728 2694 823 2728 Aub.
841 2694 886 2729 ὡς
905 2693 946 2727 Β.
969 2693 1087 2727 Holst.
1141 2691 1238 2726 Haec
1258 2691 1385 2726 desunt
1403 2693 1438 2726 in
1457 2704 1487 2726 a.
1645 2703 1680 2736 3.
1704 2692 1817 2725 ὁτιοῦν
1833 2703 1951 2726 emen-

362 2741 456 2775 davit
477 2741 539 2775 Ht.
557 2756 588 2775 τι
606 2744 665 2775 οῦν
684 2741 726 2775 Β.
844 2742 876 2774 6.
903 2739 1120 2784 τετριμμένας
1137 2739 1334 2773 emendavit
1354 2740 1417 2773 Ht.
1435 2738 1636 2783 τετρημένος
1654 2739 1696 2772 Β.
1809 2739 1841 2773 8.
1868 2739 1951 2782 ἀλη-

361 2787 468 2833 θινός]
490 2790 542 2822 καὶ
560 2788 718 2831 ἀληθινός
737 2799 766 2822 a.
881 2798 933 2822 10.
961 2787 1192 2831 λαμβάνοντες
1211 2785 1286 2820 B.a.
1304 2788 1471 2826 λαβόντες
1491 2786 1552 2820 Ht.
1575 2785 1642 2820 Ed.
1759 2796 1811 2820 11.
1837 2786 1950 2831 ψευδῆ

360 2834 589 2880 προφητεύειν
609 2835 684 2869 B.a.
703 2833 1045 2879 ψευδοπροφητεύειν
1065 2834 1127 2868 Ht.
1149 2832 1216 2867 Ed.
1368 2844 1420 2878 19.
1445 2832 1681 2878 προεφήτευον
1698 2844 1728 2866 a.
1748 2832 1808 2874 (26
1826 2833 1887 2874 al.)
1905 2832 1949 2866 cf.

360 2882 398 2915 in
415 2882 462 2915 xii
482 2881 609 2926 Proph.
628 2882 696 2926 578
712 2882 746 2922 b,
767 2882 833 2926 788
845 2893 874 2921 c,
893 2882 983 2915 inter
1001 2891 1089 2914 varr.
1107 2881 1186 2914 lect.
1333 2890 1387 2913 22.
1415 2879 1622 2923 οἷωνίσματα
1639 2878 1836 2913 emendavit
1852 2879 1949 2914 Aub.

406 2938 415 2952 ι

361 2961 535 3005 ονὴσματα
555 2961 596 2995 Β.
615 2960 799 3005 ὀνείσματα
820 2960 883 2996 Ht.
1029 2959 1083 2994 26.
1111 2959 1164 3006 δὲ]
1183 2960 1249 3005 γὰρ
1268 2971 1298 2993 a.
