2073 3296
117 1831 129 1852 1
147 1822 222 1855 Cor.
238 1823 271 1855 ii.

916 738 1234 785 ΚΕΦΑΛΗ
1298 749 1344 788 ς.

365 930 458 970 ’Ότι
488 929 561 980 ζωὴ
593 931 689 970 κατὰ
720 930 842 981 φύσιν
872 929 979 970 ἐστὶν
1010 931 1030 969 ὁ
1059 929 1164 979 Ύὶὸς,
1198 930 1258 970 καὶ
1289 932 1350 970 διὰ
1380 933 1492 970 τοῦτο
1523 929 1568 970 οὐ
1598 928 1772 981 γενητὸς,
1803 927 1892 969 ἀλλ’

302 1025 324 1052 0
717 1016 758 1056 ἐκ
789 1017 853 1066 τῆς
884 1014 1019 1058 οὐσίας
1049 1018 1116 1055 τοῦ
1149 1018 1255 1056 Θεοῦ
1287 1015 1347 1056 καὶ
1379 1016 1547 1066 Πατρός.

298 1196 320 1228 4
763 1180 819 1222 “O
858 1183 1038 1232 Γέγονεν,
1075 1183 1120 1224 ὲν
1157 1182 1274 1237 αὐτῷ
1311 1182 1394 1240 ζωὴ
1435 1179 1498 1222 ἦν.

402 1330 540 1383 ''ETI
574 1332 657 1386 τὰς
691 1335 796 1399 περὶ
834 1339 918 1384 τοῦ
953 1337 1077 1385 Θεοῦ
1105 1333 1266 1401 Λόγου
1304 1333 1533 1402 διαλέξεις
1570 1336 1765 1384 ποιεῖται
1803 1331 1922 1398 πρὸς
1943 1350 1965 1388 5

337 1415 458 1478 ἡμᾶς
493 1416 517 1465 ὁ
552 1413 780 1481 μακάριος
813 1415 1193 1482 Εὐαγγελιστής”
1239 1416 1321 1467 καί
1350 1439 1430 1480 μοι
1466 1420 1593 1466 δοκεῖ
1622 1414 1698 1466 διὰ
1732 1413 1922 1465 πάντων

339 1495 452 1546 ἱέναι
487 1497 735 1563 χρησίμως
769 1501 863 1548 τῶν
890 1497 1074 1563 ὅσαπέρ
1109 1500 1213 1549 ἐστι
1249 1498 1367 1549 κατὰ
1400 1497 1550 1566 φύσιν
1575 1498 1713 1565 αὐτῷ,
1739 1496 1821 1567 ἵνα
1846 1497 1923 1546 καὶ

335 1577 419 1631 τὰς
444 1582 539 1628 τῶν
566 1578 964 1647 ἑτεροδοξούντων
991 1579 1260 1648 δυσωπήσῃ
1285 1580 1543 1647 παροινίας,
1570 1581 1645 1630 καὶ
1671 1577 1779 1632 τοὺς
1804 1579 1922 1645 ὀρθῇ

291 1664 319 1705 d
336 1659 606 1725 διαπρέπειν
632 1661 881 1714 ἐθέλοντας
907 1661 1081 1724 πίστει,
1106 1667 1202 1715 τοῖς
1227 1666 1291 1715 εἷς
1318 1661 1463 1725 αὐτὴν
1488 1660 1711 1729 ὀχυρώσῃ
1738 1659 1918 1726 θεωρή-

334 1764 501 1804 μασιν,
531 1742 614 1792 οὐκ
641 1743 689 1792 ἐκ
715 1741 875 1807 λόγων
900 1743 1078 1812 σοφίας
1111 1747 1341 1807 κοσμικῆς
1374 1742 1428 1794 τὸ
1458 1744 1688 1794 ἀπίθανον
1714 1743 1914 1808 ἐρανιζο-
1944 1764 1992 1788 10

334 1822 511 1886 μένους,
563 1824 673 1873 ἀλλ’
727 1825 776 1874 ἐν
826 1824 1060 1894 ἀποδείξει
1111 1824 1387 1888 Πνεύματος
1445 1824 1499 1875 τὸ
1558 1827 1641 1888 τῆς
1698 1824 1920 1887 ἀληθείας

335 1904 754 1971 ἀποθαυμάζοντας
793 1906 991 1960 κάλλος.
1061 1906 1176 1974 ὅπερ
1218 1908 1300 1958 οὖν
1337 1906 1566 1967 βούλεται
1604 1907 1680 1957 καὶ
1721 1903 1796 1956 διὰ
1836 1910 1920 1956 τοῦ

334 1987 639 2052 προκειμένου
685 1986 937 2050 διδάσκειν,
978 1986 1122 2039 ἐκεῖνό
1167 1990 1287 2039 ἐστι.
1363 1987 1562 2052 ποιητὴν
1601 1988 1710 2052 ἡμῖν
1750 1988 1920 2053 ἀρτίως

334 2069 412 2118 καὶ
447 2067 568 2118 κατὰ
603 2068 753 2136 φύσιν
784 2067 898 2120 ὅντα
930 2069 1215 2136 δημιουργὸν
1244 2070 1457 2139 ἀπέδειξε
1490 2069 1574 2121 τὸν
1598 2068 1734 2131 Υὶὸν,
1762 2067 1920 2119 πάντα

334 2149 391 2200 δι’
444 2150 588 2200 αὐτοῦ
637 2152 924 2215 γεγενῆσθαι
972 2151 1140 2217 λέγων,
1193 2154 1269 2203 καὶ
1319 2156 1462 2220 χωρὶς
1512 2153 1655 2203 αὐτοῦ
1703 2149 1819 2215 μηδὲ
1869 2150 1919 2202 ἓν
1942 2172 1988 2210 15

335 2234 597 2295 κεκλῆσθαι
631 2231 751 2298 πρὸς
784 2233 986 2298 γένεσιν.
1046 2233 1202 2298 ἐπειδὴ
1238 2233 1286 2285 δὲ
1322 2235 1375 2285 οὐ
1408 2234 1555 2295 μόνον
1584 2236 1643 2300 τῇ
1680 2232 1830 2283 κτίσει
1863 2232 1918 2284 τὸ

333 2312 454 2379 πρὸς
485 2312 540 2364 τὸ
576 2311 691 2364 εἶναι
727 2317 989 2377 κεκλῆσθαι
1023 2316 1271 2382 χαρίζεται,
1302 2315 1488 2382 συνέχει
1523 2314 1571 2365 δὲ
1606 2316 1683 2364 καὶ
1717 2336 1912 2379 γεγενη-

296 2415 318 2442 e
334 2395 479 2459 μένην
504 2395 560 2445 δι’
590 2396 772 2457 ἑαυτοῦ,
803 2400 899 2449 τοῖς
932 2395 986 2446 τὸ
1020 2397 1176 2450 ἀϊδίως
1211 2395 1324 2448 εἶναι
1359 2396 1479 2447 κατὰ
1515 2396 1664 2465 φύσιν
1689 2395 1808 2445 ἰδίαν
1833 2395 1918 2446 οὐκ

334 2477 526 2544 ἔχουσιν
560 2475 725 2527 ἑαυτὸν
763 2478 999 2530 οἱονείπως
1038 2477 1393 2544 ἐγκαταμιγνὺς,
1429 2479 1505 2528 καὶ
1544 2475 1635 2542 ζωὴ
1674 2481 1771 2531 τοῖς
1809 2477 1917 2527 οὖσι

332 2557 586 2624 γινόμενος,
613 2558 688 2609 ἵνα
721 2558 835 2626 μένῃ
873 2558 1116 2624 γεγονότα,
1144 2561 1220 2609 καὶ
1253 2559 1458 2626 σώζηται
1494 2558 1615 2610 κατὰ
1644 2557 1726 2610 τὸν
1751 2563 1916 2610 οἰκεῖον
1938 2584 1987 2610 20

332 2640 535 2692 ἕκαστον
568 2642 651 2704 τῆς
689 2639 882 2708 φύσεως
919 2639 1042 2706 ὅρον,
1078 2641 1343 2706 ἀναγκαίως
1381 2640 1533 2708 φησίν
1559 2639 1623 2692 “O
1655 2640 1844 2707 γέγονεν,
1877 2641 1916 2693 ἐν

380 2794 412 2830 7.
438 2784 569 2829 ὅσαπέρ
587 2783 680 2829 ἐστι]
699 2784 766 2819 ὅσα
782 2785 953 2830 πρόσεστι
971 2784 1014 2818 Β.
1149 2784 1182 2819 8.
1208 2783 1399 2830 παροινίας]
1418 2785 1599 2828 παρανοίας
1618 2785 1661 2820 Β.
1795 2797 1829 2830 9.
1854 2786 1913 2820 αὖ·

332 2831 391 2874 τὴν
410 2831 550 2866 Β.1).Ε.
568 2832 669 2866 αὐτὸν
687 2831 755 2866 Ed.
917 2842 970 2866 10.
995 2831 1101 2876 λόγου
1120 2830 1163 2866 Β.
1324 2842 1377 2865 12.
1402 2831 1699 2876 ἀποθαυμάζοντας
1717 2832 1759 2866 Β.
1785 2832 1912 2876 θαυμά-

332 2879 448 2920 ζοντας
465 2878 531 2912 Ed.
598 2879 648 2912 καὶ
669 2883 890 2922 assumptum
908 2890 950 2912 ex
970 2877 1012 2912 Β.
1189 2888 1243 2920 14.
1269 2878 1322 2912 καὶ
1339 2881 1564 2924 assumptum
1580 2891 1622 2913 ex
1641 2879 1683 2914 Β.
1751 2877 1848 2924 ὄντα]
1870 2883 1908 2920 4-

331 2926 384 2958 καὶ
403 2924 469 2959 Ed.
487 2924 602 2959 invitis
622 2924 762 2960 B.D.E.
780 2922 871 2969 οἶμαι
891 2939 898 2959 z
918 2925 971 2959 καὶ
990 2924 1024 2958 D
1042 2935 1113 2970 mg.
