<?xml version="1.0" encoding="UTF-8"?>
<!DOCTYPE html PUBLIC "-//W3C//DTD XHTML 1.0 Transitional//EN"
    "http://www.w3.org/TR/xhtml1/DTD/xhtml1-transitional.dtd">
<html xmlns="http://www.w3.org/1999/xhtml" xml:lang="en" lang="en">
 <head>
  <title>
</title>
<meta http-equiv="Content-Type" content="text/html;charset=utf-8" />
  <meta name='ocr-system' content='tesseract 3.04.00' />
  <meta name='ocr-capabilities' content='ocr_page ocr_carea ocr_par ocr_line ocrx_word'/>
</head>
<body>
  <div class='ocr_page' id='page_1' title='image "./operacyrilli03cyriuoft/operacyrilli03cyriuoft_0577.png"; bbox 0 0 2084 3317; ppageno 0'>
   <div class='ocr_carea' id='block_1_1' title="bbox 102 128 1687 186">
    <p class='ocr_par' dir='ltr' id='par_1_1' title="bbox 102 128 1687 186">
     <span class='ocr_line' id='line_1_1' title="bbox 102 128 1687 186; baseline -0.003 -15"><span class='ocrx_word' id='word_1_1' title='bbox 102 130 329 186; x_wconf 76' lang='lat' dir='ltr'>vi.38‚39.</span> <span class='ocrx_word' id='word_1_2' title='bbox 374 131 447 171; x_wconf 87' lang='lat' dir='ltr'>IN</span> <span class='ocrx_word' id='word_1_3' title='bbox 490 131 531 171; x_wconf 83' lang='lat' dir='ltr'>s.</span> <span class='ocrx_word' id='word_1_4' title='bbox 566 129 905 171; x_wconf 79' lang='lat' dir='ltr'><strong>JOANNEM.</strong></span> <span class='ocrx_word' id='word_1_5' title='bbox 969 128 1092 169; x_wconf 84' lang='lat' dir='ltr'><strong>LIB.</strong></span> <span class='ocrx_word' id='word_1_6' title='bbox 1127 128 1205 169; x_wconf 76' lang='lat' dir='ltr'>lv.</span> <span class='ocrx_word' id='word_1_7' title='bbox 1267 128 1401 169; x_wconf 83' lang='lat' dir='ltr'><strong>CAP.</strong></span> <span class='ocrx_word' id='word_1_8' title='bbox 1436 128 1471 168; x_wconf 92' lang='lat'>1.</span> <span class='ocrx_word' id='word_1_9' title='bbox 1604 128 1687 168; x_wconf 82' lang='lat'>493</span> 
     </span>
    </p>
   </div>
   <div class='ocr_carea' id='block_1_2' title="bbox 40 235 1920 1784">
    <p class='ocr_par' dir='ltr' id='par_1_2' title="bbox 102 235 1692 552">
     <span class='ocr_line' id='line_1_2' title="bbox 102 235 1685 307; baseline -0.002 -19"><span class='ocrx_word' id='word_1_10' title='bbox 102 239 169 291; x_wconf 85' lang='grc' dir='ltr'>τίς</span> <span class='ocrx_word' id='word_1_11' title='bbox 194 240 395 302; x_wconf 87' lang='grc' dir='ltr'>ἀμείνων</span> <span class='ocrx_word' id='word_1_12' title='bbox 420 241 468 289; x_wconf 88' lang='grc' dir='ltr'>ἐν</span> <span class='ocrx_word' id='word_1_13' title='bbox 494 239 740 307; x_wconf 77' lang='grc' dir='ltr'>ἀξιώματι,</span> <span class='ocrx_word' id='word_1_14' title='bbox 769 239 843 288; x_wconf 77' lang='grc' dir='ltr'>καὶ</span> <span class='ocrx_word' id='word_1_15' title='bbox 869 238 923 288; x_wconf 81' lang='grc' dir='ltr'>τὸ</span> <span class='ocrx_word' id='word_1_16' title='bbox 957 237 1110 303; x_wconf 74' lang='grc' dir='ltr'>μεῖζον</span> <span class='ocrx_word' id='word_1_17' title='bbox 1136 237 1257 303; x_wconf 78' lang='grc' dir='ltr'>ἔχων</span> <span class='ocrx_word' id='word_1_18' title='bbox 1283 238 1332 286; x_wconf 88' lang='grc' dir='ltr'>ἐν</span> <span class='ocrx_word' id='word_1_19' title='bbox 1358 235 1489 304; x_wconf 72' lang='grc' dir='ltr'>δόξῃ,</span> <span class='ocrx_word' id='word_1_20' title='bbox 1517 235 1685 301; x_wconf 89' lang='grc' dir='ltr'>διεκρί-</span> 
     </span>
     <span class='ocr_line' id='line_1_3' title="bbox 104 316 1690 388; baseline -0.002 -18"><span class='ocrx_word' id='word_1_21' title='bbox 104 343 256 384; x_wconf 87' lang='grc' dir='ltr'>νομεν,</span> <span class='ocrx_word' id='word_1_22' title='bbox 283 319 442 388; x_wconf 74' lang='grc' dir='ltr'>ἔδοξεν</span> <span class='ocrx_word' id='word_1_23' title='bbox 468 320 526 370; x_wconf 76' lang='grc' dir='ltr'>ἄν</span> <span class='ocrx_word' id='word_1_24' title='bbox 551 343 652 374; x_wconf 87' lang='grc' dir='ltr'>πως</span> <span class='ocrx_word' id='word_1_25' title='bbox 679 322 754 371; x_wconf 84' lang='grc' dir='ltr'>καὶ</span> <span class='ocrx_word' id='word_1_26' title='bbox 779 318 883 371; x_wconf 88' lang='grc' dir='ltr'>τότε</span> <span class='ocrx_word' id='word_1_27' title='bbox 912 319 968 383; x_wconf 88' lang='grc' dir='ltr'>δὴ</span> <span class='ocrx_word' id='word_1_28' title='bbox 995 319 1135 382; x_wconf 81' lang='grc' dir='ltr'>μόλις</span> <span class='ocrx_word' id='word_1_29' title='bbox 1161 317 1375 384; x_wconf 81' lang='grc' dir='ltr'>εὕκαιρόν</span> <span class='ocrx_word' id='word_1_30' title='bbox 1400 341 1506 369; x_wconf 89' lang='grc' dir='ltr'>τινα</span> <span class='ocrx_word' id='word_1_31' title='bbox 1541 316 1690 382; x_wconf 87' lang='grc' dir='ltr'>λόγον</span> 
     </span>
     <span class='ocr_line' id='line_1_4' title="bbox 103 397 1692 468; baseline -0.001 -16"><span class='ocrx_word' id='word_1_32' title='bbox 103 402 223 468; x_wconf 79' lang='grc' dir='ltr'>ἔχειν</span> <span class='ocrx_word' id='word_1_33' title='bbox 255 403 362 465; x_wconf 84' lang='grc' dir='ltr'>ὑμῖν</span> <span class='ocrx_word' id='word_1_34' title='bbox 392 400 446 452; x_wconf 85' lang='grc' dir='ltr'>τὸ</span> <span class='ocrx_word' id='word_1_35' title='bbox 483 401 820 468; x_wconf 84' lang='grc' dir='ltr'>θρυλούμενον·</span> <span class='ocrx_word' id='word_1_36' title='bbox 861 401 1017 464; x_wconf 87' lang='grc' dir='ltr'>ἐπειδὴ</span> <span class='ocrx_word' id='word_1_37' title='bbox 1057 399 1105 452; x_wconf 82' lang='grc' dir='ltr'>δὲ</span> <span class='ocrx_word' id='word_1_38' title='bbox 1144 401 1169 451; x_wconf 83' lang='grc' dir='ltr'><em>ὁ</em></span> <span class='ocrx_word' id='word_1_39' title='bbox 1204 403 1287 464; x_wconf 85' lang='grc' dir='ltr'>τῆς</span> <span class='ocrx_word' id='word_1_40' title='bbox 1326 397 1692 463; x_wconf 84' lang='grc' dir='ltr'>ὃμοουσιότητος</span> 
     </span>
     <span class='ocr_line' id='line_1_5' title="bbox 102 480 1688 552; baseline -0.003 -19"><span class='ocrx_word' id='word_1_41' title='bbox 102 483 360 552; x_wconf 73' lang='grc' dir='ltr'>ἐξετάζεται</span> <span class='ocrx_word' id='word_1_42' title='bbox 386 483 572 550; x_wconf 79' lang='grc' dir='ltr'>τρόπος,</span> <span class='ocrx_word' id='word_1_43' title='bbox 601 488 702 538; x_wconf 82' lang='grc' dir='ltr'>πῶς</span> <span class='ocrx_word' id='word_1_44' title='bbox 729 484 782 534; x_wconf 81' lang='grc' dir='ltr'>οὐ</span> <span class='ocrx_word' id='word_1_45' title='bbox 807 485 1005 549; x_wconf 78' lang='grc' dir='ltr'>μετρίως</span> <span class='ocrx_word' id='word_1_46' title='bbox 1039 484 1375 535; x_wconf 85' lang='grc' dir='ltr'>ἀσυνετοῦντες</span> <span class='ocrx_word' id='word_1_47' title='bbox 1411 480 1688 541; x_wconf 80' lang='grc' dir='ltr'>ἁλώσεσθε,</span> 
     </span>
    </p>

    <p class='ocr_par' dir='ltr' id='par_1_3' title="bbox 61 562 1920 961">
     <span class='ocr_line' id='line_1_6' title="bbox 61 562 1694 633; baseline -0.002 -18"><span class='ocrx_word' id='word_1_48' title='bbox 61 576 82 614; x_wconf 92' lang='grc'>5</span> <span class='ocrx_word' id='word_1_49' title='bbox 103 564 157 616; x_wconf 82' lang='grc' dir='ltr'>τὸ</span> <span class='ocrx_word' id='word_1_50' title='bbox 194 564 347 630; x_wconf 72' lang='grc' dir='ltr'>μεῖζον</span> <span class='ocrx_word' id='word_1_51' title='bbox 381 567 430 616; x_wconf 84' lang='grc' dir='ltr'>ἐν</span> <span class='ocrx_word' id='word_1_52' title='bbox 465 567 583 633; x_wconf 79' lang='grc' dir='ltr'>αὐτῇ</span> <span class='ocrx_word' id='word_1_53' title='bbox 622 565 741 616; x_wconf 79' lang='grc' dir='ltr'>κατὰ</span> <span class='ocrx_word' id='word_1_54' title='bbox 778 570 862 616; x_wconf 83' lang='grc' dir='ltr'>τοῦ</span> <span class='ocrx_word' id='word_1_55' title='bbox 901 565 1017 616; x_wconf 79' lang='grc' dir='ltr'>ἰδίου</span> <span class='ocrx_word' id='word_1_56' title='bbox 1056 563 1345 631; x_wconf 75' lang='grc' dir='ltr'>γεννήματος</span> <span class='ocrx_word' id='word_1_57' title='bbox 1384 562 1694 627; x_wconf 76' lang='grc' dir='ltr'>ἀπονέμοντες</span> 
     </span>
     <span class='ocr_line' id='line_1_7' title="bbox 103 642 1693 717; baseline -0.002 -19"><span class='ocrx_word' id='word_1_58' title='bbox 103 651 170 717; x_wconf 74' lang='grc' dir='ltr'>τῷ</span> <span class='ocrx_word' id='word_1_59' title='bbox 199 651 306 716; x_wconf 71' lang='grc' dir='ltr'>Θεῷ</span> <span class='ocrx_word' id='word_1_60' title='bbox 333 649 409 698; x_wconf 88' lang='grc' dir='ltr'>καὶ</span> <span class='ocrx_word' id='word_1_61' title='bbox 437 648 595 713; x_wconf 87' lang='grc' dir='ltr'>Πατρί</span> <span class='ocrx_word' id='word_1_62' title='bbox 614 669 625 709; x_wconf 84' lang='grc'>;</span> <span class='ocrx_word' id='word_1_63' title='bbox 669 646 723 698; x_wconf 80' lang='grc' dir='ltr'>τὸ</span> <span class='ocrx_word' id='word_1_64' title='bbox 757 646 843 711; x_wconf 79' lang='grc' dir='ltr'>μὲν</span> <span class='ocrx_word' id='word_1_65' title='bbox 869 646 963 713; x_wconf 79' lang='grc' dir='ltr'>γὰρ</span> <span class='ocrx_word' id='word_1_66' title='bbox 998 645 1165 712; x_wconf 77' lang='grc' dir='ltr'>μεῖζον,</span> <span class='ocrx_word' id='word_1_67' title='bbox 1193 646 1296 710; x_wconf 73' lang='grc' dir='ltr'>ἤτοι</span> <span class='ocrx_word' id='word_1_68' title='bbox 1332 648 1387 697; x_wconf 84' lang='grc' dir='ltr'>τὸ</span> <span class='ocrx_word' id='word_1_69' title='bbox 1423 644 1638 706; x_wconf 73' lang='grc' dir='ltr'>ἐ’λαττον,</span> <span class='ocrx_word' id='word_1_70' title='bbox 1664 642 1693 708; x_wconf 79' lang='grc' dir='ltr'>ἢ</span> 
     </span>
     <span class='ocr_line' id='line_1_8' title="bbox 105 727 1920 796; baseline -0.004 -16"><span class='ocrx_word' id='word_1_71' title='bbox 105 729 220 796; x_wconf 80' lang='grc' dir='ltr'>ὅπερ</span> <span class='ocrx_word' id='word_1_72' title='bbox 255 728 313 780; x_wconf 75' lang='grc' dir='ltr'>ἂν</span> <span class='ocrx_word' id='word_1_73' title='bbox 339 729 541 795; x_wconf 82' lang='grc' dir='ltr'>λέγηταί</span> <span class='ocrx_word' id='word_1_74' title='bbox 562 752 606 780; x_wconf 91' lang='grc' dir='ltr'>τι</span> <span class='ocrx_word' id='word_1_75' title='bbox 632 734 728 783; x_wconf 89' lang='grc' dir='ltr'>τοῖς</span> <span class='ocrx_word' id='word_1_76' title='bbox 753 729 980 782; x_wconf 83' lang='grc' dir='ltr'>τοιούτοις</span> <span class='ocrx_word' id='word_1_77' title='bbox 1012 728 1229 792; x_wconf 76' lang='grc' dir='ltr'>ὁμοειδὲς,</span> <span class='ocrx_word' id='word_1_78' title='bbox 1257 729 1340 779; x_wconf 84' lang='grc' dir='ltr'>οὐκ</span> <span class='ocrx_word' id='word_1_79' title='bbox 1374 727 1494 779; x_wconf 81' lang='grc' dir='ltr'>αὐτὰ</span> <span class='ocrx_word' id='word_1_80' title='bbox 1528 727 1695 793; x_wconf 85' lang='grc' dir='ltr'>κυρίως</span> <span class='ocrx_word' id='word_1_81' title='bbox 1713 749 1734 773; x_wconf 77' lang='lat' dir='ltr'><strong>a</strong></span> <span class='ocrx_word' id='word_1_82' title='bbox 1769 739 1852 774; x_wconf 85' lang='lat'>336</span> <span class='ocrx_word' id='word_1_83' title='bbox 1867 737 1920 773; x_wconf 91' lang='lat' dir='ltr'>A.</span> 
     </span>
     <span class='ocr_line' id='line_1_9' title="bbox 105 810 1695 877; baseline 0 -15"><span class='ocrx_word' id='word_1_84' title='bbox 105 812 270 864; x_wconf 80' lang='grc' dir='ltr'>οὐσίας</span> <span class='ocrx_word' id='word_1_85' title='bbox 322 810 436 862; x_wconf 77' lang='grc' dir='ltr'>εἶναι</span> <span class='ocrx_word' id='word_1_86' title='bbox 480 810 712 875; x_wconf 82' lang='grc' dir='ltr'>δώσομεν·</span> <span class='ocrx_word' id='word_1_87' title='bbox 769 810 934 877; x_wconf 84' lang='grc' dir='ltr'>ὥσπερ</span> <span class='ocrx_word' id='word_1_88' title='bbox 980 811 1062 861; x_wconf 75' lang='grc' dir='ltr'>οὖν</span> <span class='ocrx_word' id='word_1_89' title='bbox 1104 810 1329 876; x_wconf 82' lang='grc' dir='ltr'>ἐλέγομεν</span> <span class='ocrx_word' id='word_1_90' title='bbox 1373 811 1449 860; x_wconf 77' lang='grc' dir='ltr'>καὶ</span> <span class='ocrx_word' id='word_1_91' title='bbox 1495 810 1570 860; x_wconf 82' lang='grc' dir='ltr'>ἐπὶ</span> <span class='ocrx_word' id='word_1_92' title='bbox 1614 811 1695 872; x_wconf 84' lang='grc' dir='ltr'>τῆς</span> 
     </span>
     <span class='ocr_line' id='line_1_10' title="bbox 107 891 1692 961; baseline -0.001 -18"><span class='ocrx_word' id='word_1_93' title='bbox 107 893 360 958; x_wconf 84' lang='grc' dir='ltr'>ὑποταγῆς,</span> <span class='ocrx_word' id='word_1_94' title='bbox 387 893 497 942; x_wconf 87' lang='grc' dir='ltr'>ἀλλ’</span> <span class='ocrx_word' id='word_1_95' title='bbox 528 892 701 961; x_wconf 77' lang='grc' dir='ltr'>ἔξωθέν</span> <span class='ocrx_word' id='word_1_96' title='bbox 736 916 837 946; x_wconf 90' lang='grc' dir='ltr'>πως</span> <span class='ocrx_word' id='word_1_97' title='bbox 875 893 968 943; x_wconf 79' lang='grc' dir='ltr'>εἶσὶ</span> <span class='ocrx_word' id='word_1_98' title='bbox 1006 895 1083 943; x_wconf 79' lang='grc' dir='ltr'>καὶ</span> <span class='ocrx_word' id='word_1_99' title='bbox 1122 897 1217 943; x_wconf 83' lang='grc' dir='ltr'>τῶν</span> <span class='ocrx_word' id='word_1_100' title='bbox 1250 894 1356 958; x_wconf 80' lang='grc' dir='ltr'>περὶ</span> <span class='ocrx_word' id='word_1_101' title='bbox 1394 891 1479 946; x_wconf 82' lang='grc' dir='ltr'>τὰς</span> <span class='ocrx_word' id='word_1_102' title='bbox 1513 891 1692 944; x_wconf 81' lang='grc' dir='ltr'>οὐσίας.</span> 
     </span>
    </p>

    <p class='ocr_par' dir='ltr' id='par_1_4' title="bbox 40 971 1705 1373">
     <span class='ocr_line' id='line_1_11' title="bbox 40 971 1701 1043; baseline 0 -17"><span class='ocrx_word' id='word_1_103' title='bbox 40 996 88 1021; x_wconf 93' lang='lat'>10</span> <span class='ocrx_word' id='word_1_104' title='bbox 106 974 161 1026; x_wconf 83' lang='grc' dir='ltr'>τὸ</span> <span class='ocrx_word' id='word_1_105' title='bbox 186 973 280 1040; x_wconf 79' lang='grc' dir='ltr'>γὰρ</span> <span class='ocrx_word' id='word_1_106' title='bbox 304 974 393 1038; x_wconf 76' lang='grc' dir='ltr'>ἤδη</span> <span class='ocrx_word' id='word_1_107' title='bbox 419 973 785 1043; x_wconf 80' lang='grc' dir='ltr'>προϋφεστηκὸς</span> <span class='ocrx_word' id='word_1_108' title='bbox 817 976 891 1025; x_wconf 82' lang='grc' dir='ltr'>καὶ</span> <span class='ocrx_word' id='word_1_109' title='bbox 924 973 1153 1041; x_wconf 81' lang='grc' dir='ltr'>ὑπάρχον,</span> <span class='ocrx_word' id='word_1_110' title='bbox 1179 973 1438 1043; x_wconf 75' lang='grc' dir='ltr'>ἐπιδέξεται</span> <span class='ocrx_word' id='word_1_111' title='bbox 1467 971 1611 1040; x_wconf 79' lang='grc' dir='ltr'>τυχὸν</span> <span class='ocrx_word' id='word_1_112' title='bbox 1638 975 1701 1026; x_wconf 87' lang='grc' dir='ltr'>ὡς</span> 
     </span>
     <span class='ocr_line' id='line_1_12' title="bbox 107 1053 1698 1124; baseline -0.002 -16"><span class='ocrx_word' id='word_1_113' title='bbox 107 1059 156 1108; x_wconf 86' lang='grc' dir='ltr'>ἐν</span> <span class='ocrx_word' id='word_1_114' title='bbox 181 1057 433 1123; x_wconf 84' lang='grc' dir='ltr'>συγκρίσει</span> <span class='ocrx_word' id='word_1_115' title='bbox 471 1061 528 1124; x_wconf 85' lang='grc' dir='ltr'>τῇ</span> <span class='ocrx_word' id='word_1_116' title='bbox 562 1056 682 1123; x_wconf 80' lang='grc' dir='ltr'>πρὸς</span> <span class='ocrx_word' id='word_1_117' title='bbox 717 1057 873 1124; x_wconf 80' lang='grc' dir='ltr'>ἕτερον</span> <span class='ocrx_word' id='word_1_118' title='bbox 899 1055 953 1107; x_wconf 82' lang='grc' dir='ltr'>τὸ</span> <span class='ocrx_word' id='word_1_119' title='bbox 988 1054 1196 1123; x_wconf 76' lang='grc' dir='ltr'>μεῖζονῆ</span> <span class='ocrx_word' id='word_1_120' title='bbox 1229 1053 1446 1107; x_wconf 71' lang='grc' dir='ltr'>ἐ’λαττον·</span> <span class='ocrx_word' id='word_1_121' title='bbox 1488 1055 1553 1120; x_wconf 91' lang='grc' dir='ltr'>μὴ</span> <span class='ocrx_word' id='word_1_122' title='bbox 1581 1057 1698 1106; x_wconf 86' lang='grc' dir='ltr'>ὑπο-</span> 
     </span>
     <span class='ocr_line' id='line_1_13' title="bbox 109 1136 1704 1207; baseline -0.002 -16"><span class='ocrx_word' id='word_1_123' title='bbox 109 1140 317 1204; x_wconf 76' lang='grc' dir='ltr'>κειμένου</span> <span class='ocrx_word' id='word_1_124' title='bbox 368 1139 422 1190; x_wconf 78' lang='grc' dir='ltr'>δέ</span> <span class='ocrx_word' id='word_1_125' title='bbox 466 1162 590 1193; x_wconf 89' lang='grc' dir='ltr'>τινος</span> <span class='ocrx_word' id='word_1_126' title='bbox 640 1142 716 1190; x_wconf 81' lang='grc' dir='ltr'>καὶ</span> <span class='ocrx_word' id='word_1_127' title='bbox 766 1143 1140 1207; x_wconf 80' lang='grc' dir='ltr'>προϋφεστῶτος</span> <span class='ocrx_word' id='word_1_128' title='bbox 1188 1140 1293 1204; x_wconf 85' lang='grc' dir='ltr'>περὶ</span> <span class='ocrx_word' id='word_1_129' title='bbox 1337 1137 1362 1189; x_wconf 72' lang='grc' dir='ltr'><strong><em>ὃ</em></strong></span> <span class='ocrx_word' id='word_1_130' title='bbox 1407 1136 1467 1188; x_wconf 81' lang='grc' dir='ltr'>τὰ</span> <span class='ocrx_word' id='word_1_131' title='bbox 1511 1143 1704 1189; x_wconf 85' lang='grc' dir='ltr'>τοιαῦτα</span> 
     </span>
     <span class='ocr_line' id='line_1_14' title="bbox 110 1218 1705 1291; baseline -0.003 -17"><span class='ocrx_word' id='word_1_132' title='bbox 110 1224 326 1290; x_wconf 88' lang='grc' dir='ltr'>γίνεσθαι</span> <span class='ocrx_word' id='word_1_133' title='bbox 365 1226 511 1291; x_wconf 87' lang='grc' dir='ltr'>φιλεῖ,</span> <span class='ocrx_word' id='word_1_134' title='bbox 544 1226 645 1275; x_wconf 81' lang='grc' dir='ltr'>πῶς</span> <span class='ocrx_word' id='word_1_135' title='bbox 684 1220 742 1272; x_wconf 77' lang='grc' dir='ltr'>ἂν</span> <span class='ocrx_word' id='word_1_136' title='bbox 775 1220 864 1272; x_wconf 77' lang='grc' dir='ltr'>εἶεν</span> <span class='ocrx_word' id='word_1_137' title='bbox 900 1220 1020 1272; x_wconf 80' lang='grc' dir='ltr'>αὐτὰ</span> <span class='ocrx_word' id='word_1_138' title='bbox 1059 1221 1165 1272; x_wconf 87' lang='grc' dir='ltr'>καθ’</span> <span class='ocrx_word' id='word_1_139' title='bbox 1205 1220 1361 1284; x_wconf 77' lang='grc' dir='ltr'>ἑαυτὰ,</span> <span class='ocrx_word' id='word_1_140' title='bbox 1396 1221 1545 1271; x_wconf 84' lang='grc' dir='ltr'>καίτοι</span> <span class='ocrx_word' id='word_1_141' title='bbox 1584 1218 1705 1271; x_wconf 81' lang='grc' dir='ltr'>κατὰ</span> 
     </span>
     <span class='ocr_line' id='line_1_15' title="bbox 110 1302 1699 1373; baseline -0.003 -16"><span class='ocrx_word' id='word_1_142' title='bbox 110 1303 196 1370; x_wconf 87' lang='grc' dir='ltr'>τὴν</span> <span class='ocrx_word' id='word_1_143' title='bbox 233 1309 316 1356; x_wconf 88' lang='grc' dir='ltr'>τοῦ</span> <span class='ocrx_word' id='word_1_144' title='bbox 351 1304 716 1368; x_wconf 79' lang='grc' dir='ltr'>συμβεβηκότος</span> <span class='ocrx_word' id='word_1_145' title='bbox 754 1303 891 1373; x_wconf 76' lang='grc' dir='ltr'>τάξιν</span> <span class='ocrx_word' id='word_1_146' title='bbox 931 1302 1162 1367; x_wconf 82' lang='grc' dir='ltr'>νοούμενά</span> <span class='ocrx_word' id='word_1_147' title='bbox 1205 1325 1255 1354; x_wconf 89' lang='grc' dir='ltr'>τε</span> <span class='ocrx_word' id='word_1_148' title='bbox 1297 1305 1374 1354; x_wconf 83' lang='grc' dir='ltr'>καὶ</span> <span class='ocrx_word' id='word_1_149' title='bbox 1419 1302 1699 1369; x_wconf 79' lang='grc' dir='ltr'>ὀριζόμενα;</span> 
     </span>
    </p>

    <p class='ocr_par' dir='ltr' id='par_1_5' title="bbox 47 1383 1752 1784">
     <span class='ocr_line' id='line_1_16' title="bbox 47 1383 1702 1451; baseline -0.003 -12"><span class='ocrx_word' id='word_1_150' title='bbox 47 1401 92 1439; x_wconf 85' lang='lat'>15</span> <span class='ocrx_word' id='word_1_151' title='bbox 113 1389 280 1439; x_wconf 81' lang='grc' dir='ltr'>οὐκοῦν</span> <span class='ocrx_word' id='word_1_152' title='bbox 314 1387 429 1438; x_wconf 81' lang='grc' dir='ltr'>ὅταν</span> <span class='ocrx_word' id='word_1_153' title='bbox 463 1386 517 1436; x_wconf 84' lang='grc' dir='ltr'>τὸ</span> <span class='ocrx_word' id='word_1_154' title='bbox 557 1384 757 1437; x_wconf 79' lang='grc' dir='ltr'>ἐ’λαττον</span> <span class='ocrx_word' id='word_1_155' title='bbox 789 1385 817 1451; x_wconf 86' lang='grc' dir='ltr'>ὴ</span> <span class='ocrx_word' id='word_1_156' title='bbox 857 1388 933 1437; x_wconf 82' lang='grc' dir='ltr'>καὶ</span> <span class='ocrx_word' id='word_1_157' title='bbox 971 1384 1026 1437; x_wconf 83' lang='grc' dir='ltr'>τὸ</span> <span class='ocrx_word' id='word_1_158' title='bbox 1065 1384 1219 1451; x_wconf 74' lang='grc' dir='ltr'>μεῖζον</span> <span class='ocrx_word' id='word_1_159' title='bbox 1255 1385 1365 1449; x_wconf 86' lang='grc' dir='ltr'>ἡμῖν</span> <span class='ocrx_word' id='word_1_160' title='bbox 1401 1383 1702 1450; x_wconf 78' lang='grc' dir='ltr'>ὀνομάζηται,</span> 
     </span>
     <span class='ocr_line' id='line_1_17' title="bbox 113 1465 1752 1537; baseline -0.004 -14"><span class='ocrx_word' id='word_1_161' title='bbox 113 1473 196 1534; x_wconf 86' lang='grc' dir='ltr'>τῆς</span> <span class='ocrx_word' id='word_1_162' title='bbox 231 1469 396 1522; x_wconf 83' lang='grc' dir='ltr'>οὐσίας</span> <span class='ocrx_word' id='word_1_163' title='bbox 431 1468 516 1533; x_wconf 81' lang='grc' dir='ltr'>μὲν</span> <span class='ocrx_word' id='word_1_164' title='bbox 543 1469 629 1536; x_wconf 82' lang='grc' dir='ltr'>οὐχ</span> <span class='ocrx_word' id='word_1_165' title='bbox 665 1467 857 1537; x_wconf 75' lang='grc' dir='ltr'>ἅψεσθε</span> <span class='ocrx_word' id='word_1_166' title='bbox 893 1473 978 1519; x_wconf 84' lang='grc' dir='ltr'>τοῦ</span> <span class='ocrx_word' id='word_1_167' title='bbox 1006 1471 1326 1533; x_wconf 85' lang='grc' dir='ltr'>Μονογενοῦς,</span> <span class='ocrx_word' id='word_1_168' title='bbox 1353 1468 1463 1517; x_wconf 89' lang='grc' dir='ltr'>ἀλλ’</span> <span class='ocrx_word' id='word_1_169' title='bbox 1492 1465 1597 1517; x_wconf 81' lang='grc' dir='ltr'>οὐδὲ</span> <span class='ocrx_word' id='word_1_170' title='bbox 1622 1468 1707 1530; x_wconf 82' lang='grc' dir='ltr'>τῆς</span> <span class='ocrx_word' id='word_1_171' title='bbox 1724 1474 1752 1516; x_wconf 94' lang='lat' dir='ltr'>b</span> 
     </span>
     <span class='ocr_line' id='line_1_18' title="bbox 113 1548 1702 1618; baseline -0.004 -14"><span class='ocrx_word' id='word_1_172' title='bbox 113 1557 197 1604; x_wconf 87' lang='grc' dir='ltr'>τοῦ</span> <span class='ocrx_word' id='word_1_173' title='bbox 230 1549 437 1618; x_wconf 79' lang='grc' dir='ltr'>Πατρὸς,</span> <span class='ocrx_word' id='word_1_174' title='bbox 469 1550 633 1614; x_wconf 86' lang='grc' dir='ltr'>μόναις</span> <span class='ocrx_word' id='word_1_175' title='bbox 672 1550 720 1601; x_wconf 81' lang='grc' dir='ltr'>δὲ</span> <span class='ocrx_word' id='word_1_176' title='bbox 757 1555 856 1603; x_wconf 88' lang='grc' dir='ltr'>ταῖς</span> <span class='ocrx_word' id='word_1_177' title='bbox 893 1549 1067 1618; x_wconf 77' lang='grc' dir='ltr'>ἔξωθεν</span> <span class='ocrx_word' id='word_1_178' title='bbox 1100 1551 1350 1616; x_wconf 81' lang='grc' dir='ltr'>ὑπεροχαῖς</span> <span class='ocrx_word' id='word_1_179' title='bbox 1385 1548 1489 1613; x_wconf 72' lang='grc' dir='ltr'>ἤτοι</span> <span class='ocrx_word' id='word_1_180' title='bbox 1523 1571 1702 1612; x_wconf 90' lang='grc' dir='ltr'>μειονε-</span> 
     </span>
     <span class='ocr_line' id='line_1_19' title="bbox 115 1629 1706 1699; baseline -0.003 -14"><span class='ocrx_word' id='word_1_181' title='bbox 115 1633 339 1699; x_wconf 88' lang='grc' dir='ltr'>κτήμασι,</span> <span class='ocrx_word' id='word_1_182' title='bbox 367 1637 761 1695; x_wconf 87' lang='grc' dir='ltr'>κατασεμνυνεῖτε</span> <span class='ocrx_word' id='word_1_183' title='bbox 787 1631 872 1695; x_wconf 77' lang='grc' dir='ltr'>μὲν</span> <span class='ocrx_word' id='word_1_184' title='bbox 898 1632 1063 1698; x_wconf 83' lang='grc' dir='ltr'>ὥσπερ</span> <span class='ocrx_word' id='word_1_185' title='bbox 1090 1632 1171 1683; x_wconf 77' lang='grc' dir='ltr'>οὖν</span> <span class='ocrx_word' id='word_1_186' title='bbox 1198 1632 1354 1683; x_wconf 80' lang='grc' dir='ltr'>οἴεσθε</span> <span class='ocrx_word' id='word_1_187' title='bbox 1385 1630 1468 1682; x_wconf 82' lang='grc' dir='ltr'>τὸν</span> <span class='ocrx_word' id='word_1_188' title='bbox 1496 1629 1706 1696; x_wconf 49' lang='lat' dir='ltr'>[Ia-repa,</span> 
     </span>
     <span class='ocr_line' id='line_1_20' title="bbox 117 1711 1711 1784; baseline -0.001 -17"><span class='ocrx_word' id='word_1_189' title='bbox 117 1713 603 1782; x_wconf 88' lang='grc' dir='ltr'>διαλοιδορηθήσεσθε</span> <span class='ocrx_word' id='word_1_190' title='bbox 645 1714 692 1765; x_wconf 79' lang='grc' dir='ltr'>δὲ</span> <span class='ocrx_word' id='word_1_191' title='bbox 731 1718 797 1784; x_wconf 71' lang='grc' dir='ltr'>τῷ</span> <span class='ocrx_word' id='word_1_192' title='bbox 831 1718 945 1783; x_wconf 72' lang='grc' dir='ltr'>Υἱῲ,</span> <span class='ocrx_word' id='word_1_193' title='bbox 981 1713 1130 1765; x_wconf 87' lang='grc' dir='ltr'>καίτοι</span> <span class='ocrx_word' id='word_1_194' title='bbox 1169 1713 1423 1781; x_wconf 85' lang='grc' dir='ltr'>διαῤῥήδην</span> <span class='ocrx_word' id='word_1_195' title='bbox 1462 1711 1711 1765; x_wconf 85' lang='grc' dir='ltr'>ἀκούοντες</span> 
     </span>
    </p>
   </div>
   <div class='ocr_carea' id='block_1_3' title="bbox 492 1803 511 1811">
    <p class='ocr_par' dir='ltr' id='par_1_6' title="bbox 492 1803 511 1811">
     <span class='ocr_line' id='line_1_21' title="bbox 492 1803 511 1811; baseline 0 0"><span class='ocrx_word' id='word_1_196' title='bbox 492 1803 511 1811; x_wconf 60' lang='grc' dir='ltr'>Α</span> 
     </span>
    </p>
   </div>
   <div class='ocr_carea' id='block_1_4' title="bbox 48 1793 1914 2690">
    <p class='ocr_par' dir='ltr' id='par_1_7' title="bbox 48 1793 1914 2195">
     <span class='ocr_line' id='line_1_22' title="bbox 48 1793 1914 1882; baseline -0.001 -38"><span class='ocrx_word' id='word_1_197' title='bbox 48 1819 97 1844; x_wconf 91' lang='lat'>20</span> <span class='ocrx_word' id='word_1_198' title='bbox 116 1802 329 1859; x_wconf 80' lang='grc' dir='ltr'>βοῶντος</span> <span class='ocrx_word' id='word_1_199' title='bbox 369 1798 512 1848; x_wconf 85' lang='grc' dir='ltr'>αὐτου</span> <span class='ocrx_word' id='word_1_200' title='bbox 551 1804 578 1826; x_wconf 86' lang='grc'><strong>“</strong></span> <span class='ocrx_word' id='word_1_201' title='bbox 603 1798 665 1847; x_wconf 78' lang='lat' dir='ltr'>‘O</span> <span class='ocrx_word' id='word_1_202' title='bbox 704 1796 769 1861; x_wconf 88' lang='grc' dir='ltr'>μὴ</span> <span class='ocrx_word' id='word_1_203' title='bbox 809 1801 956 1860; x_wconf 81' lang='grc' dir='ltr'>τιμῶν</span> <span class='ocrx_word' id='word_1_204' title='bbox 995 1795 1077 1847; x_wconf 83' lang='grc' dir='ltr'>τὸν</span> <span class='ocrx_word' id='word_1_205' title='bbox 1103 1795 1221 1847; x_wconf 82' lang='grc' dir='ltr'>Υὶὸν</span> <span class='ocrx_word' id='word_1_206' title='bbox 1261 1794 1366 1846; x_wconf 78' lang='grc' dir='ltr'>οὐδὲ</span> <span class='ocrx_word' id='word_1_207' title='bbox 1404 1794 1487 1846; x_wconf 83' lang='grc' dir='ltr'>τὸν</span> <span class='ocrx_word' id='word_1_208' title='bbox 1515 1793 1712 1860; x_wconf 76' lang='grc' dir='ltr'>Πατέρα</span> <span class='ocrx_word' id='word_1_209' title='bbox 1773 1798 1867 1882; x_wconf 55' lang='grc' dir='ltr'>ξῐέῗῑὸ</span> <span class='ocrx_word' id='word_1_210' title='bbox 1881 1809 1914 1830; x_wconf 89' lang='lat' dir='ltr'>v.</span> 
     </span>
     <span class='ocr_line' id='line_1_23' title="bbox 118 1866 1828 1948; baseline 0 -18"><span class='ocrx_word' id='word_1_211' title='bbox 118 1888 145 1909; x_wconf 79' lang='lat'>‘⁶</span> <span class='ocrx_word' id='word_1_212' title='bbox 172 1879 327 1948; x_wconf 79' lang='grc' dir='ltr'>τιμᾷ,”</span> <span class='ocrx_word' id='word_1_213' title='bbox 368 1881 443 1930; x_wconf 75' lang='grc' dir='ltr'><em>καῖ</em></span> <span class='ocrx_word' id='word_1_214' title='bbox 488 1879 557 1930; x_wconf 78' lang='grc' dir='ltr'>ὅτι</span> <span class='ocrx_word' id='word_1_215' title='bbox 602 1878 839 1945; x_wconf 89' lang='grc' dir='ltr'>προσήκοι</span> <span class='ocrx_word' id='word_1_216' title='bbox 883 1877 1066 1931; x_wconf 88' lang='grc' dir='ltr'>πάντας</span> <span class='ocrx_word' id='word_1_217' title='bbox 1108 1882 1249 1942; x_wconf 83' lang='grc' dir='ltr'>τιμᾶν</span> <span class='ocrx_word' id='word_1_218' title='bbox 1287 1876 1370 1928; x_wconf 81' lang='grc' dir='ltr'>τὸν</span> <span class='ocrx_word' id='word_1_219' title='bbox 1399 1875 1519 1928; x_wconf 78' lang='grc' dir='ltr'>Υἱὸν</span> <span class='ocrx_word' id='word_1_220' title='bbox 1558 1874 1714 1930; x_wconf 77' lang='grc' dir='ltr'>καθὼς</span> <span class='ocrx_word' id='word_1_221' title='bbox 1775 1866 1828 1922; x_wconf 51' lang='lat' dir='ltr'>Ib:</span> 
     </span>
     <span class='ocr_line' id='line_1_24' title="bbox 118 1958 1715 2031; baseline -0.003 -18"><span class='ocrx_word' id='word_1_222' title='bbox 118 1966 294 2026; x_wconf 80' lang='grc' dir='ltr'>τιμῶσι</span> <span class='ocrx_word' id='word_1_223' title='bbox 332 1961 415 2013; x_wconf 84' lang='grc' dir='ltr'>τὸν</span> <span class='ocrx_word' id='word_1_224' title='bbox 444 1961 653 2026; x_wconf 81' lang='grc' dir='ltr'>Πατέρα·</span> <span class='ocrx_word' id='word_1_225' title='bbox 700 1960 985 2031; x_wconf 82' lang='grc' dir='ltr'>ἱσοστάθμῳ</span> <span class='ocrx_word' id='word_1_226' title='bbox 1024 1959 1118 2027; x_wconf 80' lang='grc' dir='ltr'>γὰρ</span> <span class='ocrx_word' id='word_1_227' title='bbox 1157 1963 1327 2028; x_wconf 82' lang='grc' dir='ltr'>χρῆναι</span> <span class='ocrx_word' id='word_1_228' title='bbox 1364 1958 1715 2027; x_wconf 81' lang='grc' dir='ltr'>περιβαλέσθαι</span> 
     </span>
     <span class='ocr_line' id='line_1_25' title="bbox 120 2040 1716 2114; baseline -0.003 -18"><span class='ocrx_word' id='word_1_229' title='bbox 120 2044 239 2114; x_wconf 76' lang='grc' dir='ltr'>δόξῃ</span> <span class='ocrx_word' id='word_1_230' title='bbox 277 2044 338 2095; x_wconf 78' lang='grc' dir='ltr'>τὰ</span> <span class='ocrx_word' id='word_1_231' title='bbox 375 2044 646 2108; x_wconf 83' lang='grc' dir='ltr'>μηδαμόθεν</span> <span class='ocrx_word' id='word_1_232' title='bbox 684 2047 747 2098; x_wconf 84' lang='grc' dir='ltr'>εἷς</span> <span class='ocrx_word' id='word_1_233' title='bbox 790 2044 1000 2112; x_wconf 77' lang='grc' dir='ltr'>ἔκφυλον</span> <span class='ocrx_word' id='word_1_234' title='bbox 1041 2040 1392 2109; x_wconf 82' lang='grc' dir='ltr'>ἀλλοτριότητα</span> <span class='ocrx_word' id='word_1_235' title='bbox 1434 2043 1716 2108; x_wconf 84' lang='grc' dir='ltr'>μερισθῆναι</span> 
     </span>
     <span class='ocr_line' id='line_1_26' title="bbox 122 2123 1757 2195; baseline -0.005 -16"><span class='ocrx_word' id='word_1_236' title='bbox 122 2126 369 2190; x_wconf 86' lang='grc' dir='ltr'>δυνάμενα,</span> <span class='ocrx_word' id='word_1_237' title='bbox 395 2126 609 2195; x_wconf 84' lang='grc' dir='ltr'>λαχόντα</span> <span class='ocrx_word' id='word_1_238' title='bbox 644 2125 693 2178; x_wconf 80' lang='grc' dir='ltr'>δὲ</span> <span class='ocrx_word' id='word_1_239' title='bbox 728 2127 840 2189; x_wconf 87' lang='grc' dir='ltr'>μίαν</span> <span class='ocrx_word' id='word_1_240' title='bbox 866 2128 942 2176; x_wconf 78' lang='grc' dir='ltr'>καὶ</span> <span class='ocrx_word' id='word_1_241' title='bbox 975 2123 1062 2190; x_wconf 82' lang='grc' dir='ltr'>τὴν</span> <span class='ocrx_word' id='word_1_242' title='bbox 1088 2123 1236 2189; x_wconf 84' lang='grc' dir='ltr'>αὐτὴν</span> <span class='ocrx_word' id='word_1_243' title='bbox 1262 2125 1443 2187; x_wconf 83' lang='grc' dir='ltr'>οὐσίαν,</span> <span class='ocrx_word' id='word_1_244' title='bbox 1470 2127 1630 2177; x_wconf 82' lang='grc' dir='ltr'>καλῶς</span> <span class='ocrx_word' id='word_1_245' title='bbox 1661 2144 1715 2187; x_wconf 90' lang='grc' dir='ltr'>γε</span> <span class='ocrx_word' id='word_1_246' title='bbox 1736 2142 1757 2169; x_wconf 84' lang='lat' dir='ltr'>c</span> 
     </span>
    </p>

    <p class='ocr_par' dir='ltr' id='par_1_8' title="bbox 53 2204 1906 2607">
     <span class='ocr_line' id='line_1_27' title="bbox 53 2204 1906 2278; baseline -0.003 -17"><span class='ocrx_word' id='word_1_247' title='bbox 53 2223 102 2261; x_wconf 91' lang='lat'>25</span> <span class='ocrx_word' id='word_1_248' title='bbox 124 2210 319 2278; x_wconf 86' lang='grc' dir='ltr'>σφόδρα</span> <span class='ocrx_word' id='word_1_249' title='bbox 356 2214 505 2261; x_wconf 82' lang='grc' dir='ltr'>ποιῶν</span> <span class='ocrx_word' id='word_1_250' title='bbox 542 2210 788 2260; x_wconf 84' lang='grc' dir='ltr'>ἐδίδασκεν</span> <span class='ocrx_word' id='word_1_251' title='bbox 826 2209 851 2258; x_wconf 86' lang='grc' dir='ltr'>ὁ</span> <span class='ocrx_word' id='word_1_252' title='bbox 894 2206 1124 2275; x_wconf 80' lang='grc' dir='ltr'>Χριστὸς,</span> <span class='ocrx_word' id='word_1_253' title='bbox 1166 2207 1268 2257; x_wconf 54' lang='grc' dir='ltr'>ζ(οὐ</span> <span class='ocrx_word' id='word_1_254' title='bbox 1305 2207 1415 2274; x_wconf 88' lang='grc' dir='ltr'>παρ’</span> <span class='ocrx_word' id='word_1_255' title='bbox 1453 2204 1720 2271; x_wconf 83' lang='grc' dir='ltr'>ἀνθρώπων</span> <span class='ocrx_word' id='word_1_256' title='bbox 1780 2218 1906 2257; x_wconf 79' lang='lat' dir='ltr'><strong>Ib·34·</strong></span> 
     </span>
     <span class='ocr_line' id='line_1_28' title="bbox 125 2285 1721 2361; baseline -0.004 -18"><span class='ocrx_word' id='word_1_257' title='bbox 125 2300 153 2322; x_wconf 76' lang='lat'>‘⁶</span> <span class='ocrx_word' id='word_1_258' title='bbox 179 2291 265 2356; x_wconf 86' lang='grc' dir='ltr'>τὴν</span> <span class='ocrx_word' id='word_1_259' title='bbox 302 2291 376 2361; x_wconf 86' lang='grc' dir='ltr'>ἐφ’</span> <span class='ocrx_word' id='word_1_260' title='bbox 416 2294 564 2360; x_wconf 73' lang='grc' dir='ltr'>ἑαυτῷ</span> <span class='ocrx_word' id='word_1_261' title='bbox 607 2291 898 2357; x_wconf 90' lang='grc' dir='ltr'>μαρτυρίαν”</span> <span class='ocrx_word' id='word_1_262' title='bbox 940 2294 1109 2352; x_wconf 84' lang='grc' dir='ltr'>λαβεῖν</span> <span class='ocrx_word' id='word_1_263' title='bbox 1147 2288 1468 2358; x_wconf 74' lang='grc' dir='ltr'>ἐκδεξάμενος,</span> <span class='ocrx_word' id='word_1_264' title='bbox 1507 2285 1721 2353; x_wconf 84' lang='grc' dir='ltr'>καθάπερ</span> 
     </span>
     <span class='ocr_line' id='line_1_29' title="bbox 126 2370 1720 2443; baseline -0.003 -19"><span class='ocrx_word' id='word_1_265' title='bbox 126 2375 336 2443; x_wconf 80' lang='grc' dir='ltr'>ἔφασκεν</span> <span class='ocrx_word' id='word_1_266' title='bbox 362 2373 515 2438; x_wconf 79' lang='grc' dir='ltr'>αὐτὸς,</span> <span class='ocrx_word' id='word_1_267' title='bbox 543 2374 674 2424; x_wconf 81' lang='grc' dir='ltr'>ἀλλὰ</span> <span class='ocrx_word' id='word_1_268' title='bbox 709 2378 802 2424; x_wconf 84' lang='grc' dir='ltr'>τῶν</span> <span class='ocrx_word' id='word_1_269' title='bbox 828 2372 978 2424; x_wconf 77' lang='grc' dir='ltr'>ὄντων</span> <span class='ocrx_word' id='word_1_270' title='bbox 1010 2370 1235 2424; x_wconf 85' lang='grc' dir='ltr'>ἁπάντων</span> <span class='ocrx_word' id='word_1_271' title='bbox 1266 2370 1524 2440; x_wconf 74' lang='grc' dir='ltr'>ἀξιόχρεως</span> <span class='ocrx_word' id='word_1_272' title='bbox 1560 2393 1609 2421; x_wconf 90' lang='grc' dir='ltr'>τε</span> <span class='ocrx_word' id='word_1_273' title='bbox 1644 2371 1720 2421; x_wconf 82' lang='grc' dir='ltr'>καὶ</span> 
     </span>
     <span class='ocr_line' id='line_1_30' title="bbox 128 2450 1723 2525; baseline -0.003 -18"><span class='ocrx_word' id='word_1_274' title='bbox 128 2456 380 2525; x_wconf 74' lang='grc' dir='ltr'>ἀξιώτερος</span> <span class='ocrx_word' id='word_1_275' title='bbox 413 2456 552 2510; x_wconf 82' lang='grc' dir='ltr'>αὐτὸς</span> <span class='ocrx_word' id='word_1_276' title='bbox 587 2458 659 2525; x_wconf 85' lang='grc' dir='ltr'>ἐφ’</span> <span class='ocrx_word' id='word_1_277' title='bbox 690 2457 839 2525; x_wconf 73' lang='grc' dir='ltr'>ἑαυτῷ</span> <span class='ocrx_word' id='word_1_278' title='bbox 869 2455 1049 2522; x_wconf 85' lang='grc' dir='ltr'>μάρτυς</span> <span class='ocrx_word' id='word_1_279' title='bbox 1081 2454 1395 2518; x_wconf 79' lang='grc' dir='ltr'>εἰσβεβηκώς.</span> <span class='ocrx_word' id='word_1_280' title='bbox 1452 2453 1548 2519; x_wconf 86' lang='grc' dir='ltr'>ἐρεῖ</span> <span class='ocrx_word' id='word_1_281' title='bbox 1577 2451 1625 2502; x_wconf 80' lang='grc' dir='ltr'>δὲ</span> <span class='ocrx_word' id='word_1_282' title='bbox 1665 2450 1723 2515; x_wconf 89' lang='grc' dir='ltr'>δὴ</span> 
     </span>
     <span class='ocr_line' id='line_1_31' title="bbox 128 2532 1726 2607; baseline -0.004 -17"><span class='ocrx_word' id='word_1_283' title='bbox 128 2537 318 2592; x_wconf 88' lang='grc' dir='ltr'>πάντως</span> <span class='ocrx_word' id='word_1_284' title='bbox 356 2540 512 2603; x_wconf 83' lang='grc' dir='ltr'>ἀληθῆ</span> <span class='ocrx_word' id='word_1_285' title='bbox 552 2538 672 2589; x_wconf 80' lang='grc' dir='ltr'>κατὰ</span> <span class='ocrx_word' id='word_1_286' title='bbox 707 2538 858 2607; x_wconf 85' lang='grc' dir='ltr'>φύσιν</span> <span class='ocrx_word' id='word_1_287' title='bbox 893 2536 1119 2605; x_wconf 84' lang='grc' dir='ltr'>ὑπάρχων</span> <span class='ocrx_word' id='word_1_288' title='bbox 1151 2535 1362 2599; x_wconf 88' lang='grc' dir='ltr'>ἀλήθεια,</span> <span class='ocrx_word' id='word_1_289' title='bbox 1395 2532 1607 2600; x_wconf 86' lang='grc' dir='ltr'>καθάπερ</span> <span class='ocrx_word' id='word_1_290' title='bbox 1643 2533 1726 2584; x_wconf 77' lang='grc' dir='ltr'>οὖν</span> 
     </span>
    </p>

    <p class='ocr_par' dir='ltr' id='par_1_9' title="bbox 59 2617 1725 2690">
     <span class='ocr_line' id='line_1_32' title="bbox 59 2617 1725 2690; baseline -0.002 -21"><span class='ocrx_word' id='word_1_291' title='bbox 59 2643 110 2678; x_wconf 87' lang='lat'>30</span> <span class='ocrx_word' id='word_1_292' title='bbox 131 2620 290 2689; x_wconf 74' lang='grc' dir='ltr'>ἔξεστι</span> <span class='ocrx_word' id='word_1_293' title='bbox 328 2623 405 2672; x_wconf 82' lang='grc' dir='ltr'>καὶ</span> <span class='ocrx_word' id='word_1_294' title='bbox 443 2621 499 2690; x_wconf 75' lang='grc' dir='ltr'>ἐξ</span> <span class='ocrx_word' id='word_1_295' title='bbox 535 2622 676 2684; x_wconf 81' lang='grc' dir='ltr'>αὐτῆς</span> <span class='ocrx_word' id='word_1_296' title='bbox 714 2621 835 2684; x_wconf 85' lang='grc' dir='ltr'>ἡμᾶς</span> <span class='ocrx_word' id='word_1_297' title='bbox 874 2617 1134 2684; x_wconf 76' lang='grc' dir='ltr'>δοκιμάζειν</span> <span class='ocrx_word' id='word_1_298' title='bbox 1169 2623 1310 2668; x_wconf 83' lang='grc' dir='ltr'>τοῦτο</span> <span class='ocrx_word' id='word_1_299' title='bbox 1347 2618 1431 2680; x_wconf 85' lang='grc' dir='ltr'>τῆς</span> <span class='ocrx_word' id='word_1_300' title='bbox 1469 2619 1565 2666; x_wconf 81' lang='grc' dir='ltr'>τῶν</span> <span class='ocrx_word' id='word_1_301' title='bbox 1603 2637 1725 2681; x_wconf 94' lang='grc' dir='ltr'>πρα-</span> 
     </span>
    </p>
   </div>
   <div class='ocr_carea' id='block_1_5' title="bbox 138 2793 1729 2988">
    <p class='ocr_par' dir='ltr' id='par_1_10' title="bbox 138 2793 1729 2988">
     <span class='ocr_line' id='line_1_33' title="bbox 183 2793 1728 2847; baseline -0.005 -11"><span class='ocrx_word' id='word_1_302' title='bbox 183 2813 216 2847; x_wconf 88' lang='grc'>9.</span> <span class='ocrx_word' id='word_1_303' title='bbox 242 2816 313 2836; x_wconf 89' lang='grc' dir='ltr'>πως</span> <span class='ocrx_word' id='word_1_304' title='bbox 333 2800 420 2846; x_wconf 81' lang='grc' dir='ltr'>[πῶς</span> <span class='ocrx_word' id='word_1_305' title='bbox 437 2798 551 2845; x_wconf 89' lang='lat' dir='ltr'>Aub.]</span> <span class='ocrx_word' id='word_1_306' title='bbox 571 2811 640 2834; x_wconf 90' lang='lat' dir='ltr'>om.</span> <span class='ocrx_word' id='word_1_307' title='bbox 661 2800 796 2845; x_wconf 82' lang='lat' dir='ltr'>Migne.</span> <span class='ocrx_word' id='word_1_308' title='bbox 908 2810 960 2833; x_wconf 84' lang='lat'>12.</span> <span class='ocrx_word' id='word_1_309' title='bbox 986 2798 1258 2842; x_wconf 86' lang='grc' dir='ltr'>προυφεστῶτος</span> <span class='ocrx_word' id='word_1_310' title='bbox 1277 2794 1319 2829; x_wconf 89' lang='grc' dir='ltr'>Β.</span> <span class='ocrx_word' id='word_1_311' title='bbox 1337 2794 1642 2840; x_wconf 86' lang='grc' dir='ltr'>προυφεστηκότος</span> <span class='ocrx_word' id='word_1_312' title='bbox 1659 2793 1728 2828; x_wconf 86' lang='lat' dir='ltr'>Ed.</span> 
     </span>
     <span class='ocr_line' id='line_1_34' title="bbox 138 2839 1729 2892; baseline -0.006 -9"><span class='ocrx_word' id='word_1_313' title='bbox 138 2849 156 2884; x_wconf 85' lang='grc' dir='ltr'><strong>ὃ</strong></span> <span class='ocrx_word' id='word_1_314' title='bbox 176 2849 219 2883; x_wconf 84' lang='grc' dir='ltr'>Β.</span> <span class='ocrx_word' id='word_1_315' title='bbox 237 2847 276 2883; x_wconf 82' lang='grc' dir='ltr'>ὃν</span> <span class='ocrx_word' id='word_1_316' title='bbox 293 2848 361 2882; x_wconf 87' lang='lat' dir='ltr'>Ed.</span> <span class='ocrx_word' id='word_1_317' title='bbox 591 2856 643 2892; x_wconf 90' lang='lat'>15.</span> <span class='ocrx_word' id='word_1_318' title='bbox 671 2847 725 2880; x_wconf 79' lang='grc' dir='ltr'>καὶ</span> <span class='ocrx_word' id='word_1_319' title='bbox 743 2852 967 2891; x_wconf 84' lang='lat' dir='ltr'><strong>assumptum</strong></span> <span class='ocrx_word' id='word_1_320' title='bbox 985 2857 1026 2879; x_wconf 83' lang='lat' dir='ltr'>ex</span> <span class='ocrx_word' id='word_1_321' title='bbox 1047 2844 1089 2878; x_wconf 89' lang='lat' dir='ltr'>B.</span> <span class='ocrx_word' id='word_1_322' title='bbox 1320 2842 1376 2877; x_wconf 90' lang='lat'>18.</span> <span class='ocrx_word' id='word_1_323' title='bbox 1400 2839 1666 2886; x_wconf 83' lang='grc' dir='ltr'>κατασεμνύνετε</span> <span class='ocrx_word' id='word_1_324' title='bbox 1685 2840 1729 2875; x_wconf 90' lang='grc' dir='ltr'>Β.</span> 
     </span>
     <span class='ocr_line' id='line_1_35' title="bbox 140 2886 1728 2941; baseline -0.006 -10"><span class='ocrx_word' id='word_1_325' title='bbox 140 2907 196 2931; x_wconf 88' lang='lat'>22.</span> <span class='ocrx_word' id='word_1_326' title='bbox 223 2893 361 2941; x_wconf 83' lang='grc' dir='ltr'>χρῆναι]</span> <span class='ocrx_word' id='word_1_327' title='bbox 381 2892 463 2929; x_wconf 81' lang='grc' dir='ltr'>εἶναι</span> <span class='ocrx_word' id='word_1_328' title='bbox 482 2893 548 2938; x_wconf 84' lang='grc' dir='ltr'>χρὴ</span> <span class='ocrx_word' id='word_1_329' title='bbox 567 2893 609 2927; x_wconf 84' lang='grc' dir='ltr'>Β.</span> <span class='ocrx_word' id='word_1_330' title='bbox 689 2893 940 2937; x_wconf 84' lang='grc' dir='ltr'>περιβαλέσθαι</span> <span class='ocrx_word' id='word_1_331' title='bbox 960 2891 1000 2925; x_wconf 90' lang='grc' dir='ltr'>Β.</span> <span class='ocrx_word' id='word_1_332' title='bbox 1017 2888 1294 2937; x_wconf 86' lang='grc' dir='ltr'>περιβάλλεσθαι</span> <span class='ocrx_word' id='word_1_333' title='bbox 1312 2888 1378 2923; x_wconf 88' lang='lat' dir='ltr'>Ed.</span> <span class='ocrx_word' id='word_1_334' title='bbox 1571 2888 1626 2923; x_wconf 88' lang='lat'>26.</span> <span class='ocrx_word' id='word_1_335' title='bbox 1653 2886 1728 2933; x_wconf 79' lang='grc' dir='ltr'>ἐφ’]</span> 
     </span>
     <span class='ocr_line' id='line_1_36' title="bbox 140 2938 966 2988; baseline -0.006 -10"><span class='ocrx_word' id='word_1_336' title='bbox 140 2942 200 2988; x_wconf 74' lang='grc' dir='ltr'>ἀφ’</span> <span class='ocrx_word' id='word_1_337' title='bbox 223 2942 264 2976; x_wconf 89' lang='grc' dir='ltr'>Β.</span> <span class='ocrx_word' id='word_1_338' title='bbox 410 2941 465 2976; x_wconf 84' lang='lat'>28.</span> <span class='ocrx_word' id='word_1_339' title='bbox 493 2938 567 2986; x_wconf 84' lang='grc' dir='ltr'>ἐφ’]</span> <span class='ocrx_word' id='word_1_340' title='bbox 589 2938 648 2985; x_wconf 80' lang='grc' dir='ltr'>ἀφ’</span> <span class='ocrx_word' id='word_1_341' title='bbox 672 2939 711 2975; x_wconf 85' lang='grc' dir='ltr'>Β.</span> <span class='ocrx_word' id='word_1_342' title='bbox 776 2940 815 2983; x_wconf 86' lang='grc' dir='ltr'>δὴ</span> <span class='ocrx_word' id='word_1_343' title='bbox 834 2951 903 2974; x_wconf 91' lang='lat' dir='ltr'>om.</span> <span class='ocrx_word' id='word_1_344' title='bbox 925 2939 966 2973; x_wconf 91' lang='lat' dir='ltr'>B.</span> 
     </span>
    </p>
   </div>
  </div>
 </body>
</html>
