2073 3296
349 148 405 188 28
750 150 800 190 Β.
833 149 1105 190 CYRILLI
1146 148 1524 190 ALEXANDR.
1847 146 1873 186 i.
1897 159 1930 185 1.

349 260 432 306 τοῦ
459 254 663 321 Πατρὸς,
690 257 758 309 τίς
784 255 842 320 ἧν
868 257 894 320 ἡ
921 257 1052 324 χρεία
1077 255 1142 321 μὴ
1173 254 1292 322 πρὸς
1326 255 1466 307 ἑνοῖδα
1499 260 1705 319 μᾶλλον,
1732 254 1842 304 ἀλλ’
1871 256 1934 306 εἰς

349 335 515 402 τριάδα
540 336 740 388 κελεύειν
766 338 1078 404 βαπτίζεσθαι
1104 336 1212 391 τοὺς
1235 336 1575 397 πιστεύοντας;
1616 334 1771 399 ἐπειδὴ
1796 332 1845 385 δὲ
1871 337 1934 387 εἰς

350 417 432 468 τὸν
456 423 578 484 τρεῖς
603 418 802 485 ἀριθμὸν
827 420 852 470 ὁ
886 420 993 485 περὶ
1028 421 1110 482 τῆς
1146 418 1270 472 θείας
1308 417 1500 486 φύσεως
1532 417 1733 484 ἐκτρέχει
1766 415 1930 481 λόγος,

349 498 590 565 πρόδηλον
617 500 766 564 δήπου
798 499 947 551 πᾶσίν
972 502 1116 563 ἐστιν,
1142 501 1204 554 ὡς
1229 501 1277 550 ἐν
1304 498 1568 550 ὑποστάσει
1600 497 1685 563 μὲν
1713 498 1803 566 ἰδίᾳ
1839 501 1935 547 τῶν

127 596 178 631 18
194 597 245 631 A.
309 605 330 629 a
349 580 700 647 ἀριθμουμένων
730 581 932 633 ἕκαστον
963 579 1096 632 εἶναι·
1147 585 1214 650 τῷ
1249 580 1298 632 δὲ
1331 579 1602 644 μηδαμόθεν
1635 578 1933 648 ἐξηλλάχθαι
1953 592 1975 631 5

348 661 467 713 κατὰ
511 660 597 725 τὴν
642 662 804 731 φύσιν,
844 666 906 716 εἰς
950 662 1061 726 μίαν
1102 661 1343 724 ἀναβαίνει
1387 659 1616 725 Θεότητα,
1658 662 1733 712 καὶ
1771 681 1927 726 προσ·-

348 742 544 807 κύνησιν
573 743 666 810 ἕχει
699 742 784 808 τὴν
817 743 977 808 αὐτήν.

421 845 553 874 ΑΛΛο.
610 825 706 894 Ἐξ
751 827 894 893 ὀργῆς
944 827 1275 891 ἐμπεπρῆσθαι
1327 827 1451 875 Θεοῦ
1501 823 1585 876 τὰς
1635 826 1731 873 τῶν
1775 823 1929 872 Σοδο-

346 912 495 970 μιτῶν
538 906 700 961 πόλεις
744 908 772 971 ἡ
818 908 918 958 θεία
963 906 1088 973 λέγει
1132 905 1313 974 γραφή·
1373 904 1661 974 ἐξηγουμένη
1706 902 1754 954 δὲ
1807 901 1934 956 ὅπως

347 990 500 1043 αὐτοῖς
557 990 582 1040 ὁ
637 992 758 1043 θεῖος
814 987 1107 1052 ἐπενήνεκται
1157 986 1316 1051 θυμὸς,
1367 988 1443 1037 καὶ
1492 985 1574 1037 τὸν
1624 984 1800 1050 τρόπον
1851 985 1934 1047 τῆς
1956 1008 2004 1034 10

124 1073 282 1155 {jn-³5⁸·
347 1072 582 1125 ἀπωλείας
631 1068 978 1121 ἐκδιδάσκουσα
1029 1073 1215 1138 σαφῶς,
1265 1066 1532 1136 “’Έβρεξε,
1577 1068 1716 1135 φησὶ,
1762 1064 1934 1131 Κύριος

348 1159 375 1182 “
399 1152 529 1218 παρὰ
565 1152 742 1219 Κυρίου
775 1153 849 1203 ἐπὶ
886 1150 1075 1213 Σόδομα
1109 1156 1205 1217 πῦρ
1240 1152 1317 1201 καὶ
1354 1150 1514 1200 θεῖον·”
1566 1150 1663 1199 ἐπεὶ
1703 1149 1777 1197 καὶ
1816 1147 1933 1211 αὕτη

124 1241 177 1273 Ps.
194 1253 225 1272 x.
241 1240 271 1272 6.
303 1239 442 1287 bross·
468 1235 615 1284 ἐκεῖνα
640 1238 938 1297 πλημμελεῖν
964 1230 1181 1284 εἰωθόσιν
1207 1232 1235 1296 ἡ
1271 1233 1399 1298 μερὶς
1435 1236 1517 1281 τοῦ
1553 1228 1779 1295 ποτηρίου
1812 1249 1927 1294 πρε-

346 1314 645 1378 πωδεστάτη.
700 1319 831 1368 ποῖος
870 1315 951 1365 οὖν
982 1313 1074 1380 ἄρα
1113 1313 1285 1379 Κύριος
1323 1311 1454 1378 παρὰ
1490 1312 1626 1363 ποίου
1664 1310 1840 1375 Κυρίου
1878 1307 1933 1359 τὸ

345 1402 440 1462 πῦρ
491 1397 689 1464 ἐπηφίει,
729 1398 805 1446 καὶ
847 1394 931 1449 τὰς
977 1399 1071 1446 τῶν
1110 1397 1381 1458 Σοδομιτῶν
1423 1392 1684 1461 κατέφλεξε
1729 1390 1928 1452 πόλεως
1957 1412 2002 1449 15

347 1478 458 1528 ἀλλ’
487 1478 589 1528 ε”στι
625 1480 785 1541 δῆλον,
813 1479 875 1531 ὡς
909 1478 933 1527 ὁ
960 1475 1129 1542 Πατὴρ
1169 1477 1222 1526 δι’
1253 1479 1370 1526 Υἱοῦ
1407 1473 1564 1526 πάντα
1598 1476 1811 1539 ἐνεργῶν,
1838 1473 1934 1523 ἐπεὶ

346 1561 421 1610 καὶ
447 1559 640 1622 δύναμις
675 1559 816 1610 αὐτοῦ
849 1561 924 1609 καὶ
960 1558 1172 1625 βραχίων
1198 1559 1342 1619 ἐστὶν,
1370 1554 1511 1607 αὐτὸν
1539 1555 1816 1617 Σοδομίταις
1843 1554 1935 1604 ὕειν

346 1641 487 1692 ἐποίει
533 1639 587 1691 τὸ
630 1646 738 1707 πῦρ.
804 1639 878 1691 ὅτε
922 1641 1077 1691 τοίνυν
1124 1638 1297 1705 Κύριος
1340 1636 1470 1704 παρὰ
1519 1637 1696 1703 Κυρίου
1741 1634 1814 1686 τὸ
1840 1640 1936 1702 πῦρ

346 1723 531 1776 ἐκείνοις
558 1722 739 1791 ἐφίησι,
769 1726 870 1776 πῶς
900 1722 987 1788 οὐχ
1018 1720 1191 1787 ἕτερος,
1222 1719 1340 1770 ὅσον
1365 1723 1428 1773 εἰς
1455 1717 1508 1769 τὸ
1536 1718 1660 1771 ἰδίως
1687 1715 1931 1784 ὑπάρχειν,

345 1802 476 1870 παρὰ
513 1802 595 1854 τὸν
626 1802 744 1854 Υἱὸν
783 1804 807 1853 ὁ
849 1801 1033 1868 Πατὴρ,
1067 1803 1143 1852 καὶ
1181 1801 1239 1851 αὖ
1277 1800 1424 1851 πάλιν
1463 1800 1488 1849 ὁ
1527 1797 1644 1851 Υἱὸς
1682 1797 1812 1865 παρὰ
1852 1796 1936 1849 τὸν
1956 1820 2005 1845 20

309 1902 329 1927 0
350 1885 542 1951 Πατέρα
567 1907 579 1947 ;
623 1884 677 1935 τὸ
703 1884 796 1951 γὰρ
822 1883 871 1934 ἓν
898 1886 960 1938 ὡς
986 1883 1043 1952 ἐξ
1065 1882 1164 1936 ἑνὸς
1189 1883 1236 1933 ἐν
1262 1881 1412 1950 τούτῳ
1439 1881 1733 1945 σημαίνεται.

419 1987 551 2016 AAAo.
603 1968 896 2035 Προφητικῷ
947 1965 1212 2028 κινούμενος
1263 1962 1506 2027 πνεύματι,
1555 1964 1631 2012 καὶ
1685 1963 1738 2012 δι’
1792 1961 1934 2012 αὐτοῦ

346 2049 405 2101 τὰ
431 2048 633 2114 ἐσόμενα
662 2048 1005 2115 προγινώσκων
1032 2048 1056 2097 ὁ
1083 2043 1308 2112 μακάριος
1337 2042 1619 2113 ψαλμῳδὸς,
1646 2044 1734 2110 οὐχ
1769 2042 1934 2109 ἑτερως

347 2131 579 2183 δύνασθαι
604 2133 892 2194 διασωθῆναι
926 2128 980 2180 τὸ
1015 2127 1146 2194 γε’νος
1181 2125 1345 2178 ἐνενόει
1380 2124 1435 2176 τὸ
1470 2124 1779 2192 ἀνθρώπινον,
1807 2128 1845 2174 εἰ
1870 2122 1937 2188 μὴ

347 2212 423 2264 διὰ
461 2213 605 2277 μόνης
644 2215 726 2276 τῆς
765 2211 1038 2280 ἐπιφανείας
1075 2215 1159 2260 τοῦ
1197 2211 1316 2259 Υἱοῦ
1354 2212 1438 2258 τοῦ
1478 2210 1617 2269 Θεοῦ,
1656 2210 1740 2257 τοῦ
1779 2203 1938 2257 πάντα
1957 2227 2005 2266 25

347 2296 529 2363 ῥᾳδίως,
556 2294 628 2362 ἐφ’
658 2293 773 2359 ὅπερ
799 2291 858 2343 ἂν
883 2293 1121 2353 βούλοιτο,
1143 2287 1527 2357 μεταρῥυθμίζειν
1555 2286 1818 2355 ἰσχύοντος.
1862 2286 1938 2337 διά

348 2400 420 2427 τοι
446 2381 584 2428 τοῦτο
609 2375 882 2438 πέμπεσθαι
917 2372 1035 2440 πρὸς
1071 2373 1191 2436 ἡμᾶς
1225 2369 1480 2437 παρεκάλει
1505 2369 1588 2420 τὸν
1614 2368 1746 2431 Υἱὸν,
1773 2367 1854 2419 ἅτε
1880 2367 1937 2432 δὴ

306 2468 333 2507 d
352 2460 426 2509 καὶ
467 2456 612 2521 μόνον
654 2455 795 2508 αὐτὸν
839 2454 1082 2520 διασώζειν
1130 2453 1358 2520 ἰσχύοντα
1401 2449 1508 2504 τοὺς
1553 2448 1642 2501 ὑπὸ
1688 2454 1819 2517 χεῖρα
1862 2451 1937 2500 καὶ

401 2649 431 2671 1.
453 2636 471 2680 ἡ
492 2636 534 2672 Β.
548 2637 698 2671 Veccus.
715 2636 739 2671 1.
752 2647 782 2670 c.
801 2635 853 2670 καὶ
872 2634 938 2669 Ed.
1004 2632 1120 2678 ἑνάδα]
1141 2633 1197 2667 ἕνα
1215 2632 1251 2666 δὲ
1271 2631 1327 2680 Β.ἢ
1596 2641 1628 2671 4.
1655 2629 1699 2663 ὡς
1716 2632 1939 2672 assumptum

351 2695 393 2717 ex
412 2684 454 2717 B.
473 2695 546 2717 non
563 2683 667 2718 habet
684 2683 834 2717 Veccus.
1044 2689 1078 2725 5.
1104 2681 1198 2714 ἐστιν
1214 2690 1277 2723 pro
1295 2680 1377 2711 εἰναι
1397 2676 1438 2710 Β.
1644 2674 1677 2708 8.
1703 2674 1939 2718 ἐμπεπρῆσθαι

352 2729 461 2764 Eutb.
481 2730 545 2764 Ed.
566 2729 799 2774 ἐμπιπράσθαι
817 2728 860 2762 Β.
1139 2738 1172 2771 9.
1200 2723 1404 2769 ἐξηγουμένη
1425 2722 1517 2756 B.D.
1537 2720 1646 2755 Euth-
1666 2720 1850 2766 ἐξηγημένη
1869 2720 1938 2754 Ed.

356 2786 407 2809 10⁴
435 2777 453 2809 ὁ
471 2782 692 2820 assumptum
711 2788 752 2810 ex
772 2775 814 2809 B.
834 2773 941 2808 Eutb.
1085 2782 1138 2817 15.
1166 2772 1301 2816 ἐπηφίει
1322 2770 1363 2804 B.
1383 2770 1535 2814 ἐπαφῆκε
1554 2767 1662 2801 Euth.
1683 2767 1851 2811 ἐπαφίησι
1869 2766 1936 2801 Ed.

356 2821 408 2856 16.
433 2823 541 2856 πάντα
559 2822 599 2856 δι’
618 2824 698 2856 Υἶοῦ
715 2822 854 2856 inverso
871 2820 993 2855 ordine
1011 2819 1119 2854 Eutb.
1319 2828 1371 2861 19.
1399 2816 1518 2860 ἐφίησι
1538 2814 1580 2848 Β.
1599 2813 1707 2847 Euth.
1726 2813 1851 2858 ἀφίησι
1870 2812 1937 2847 Ed.

928 2876 959 2892 Ου

351 2905 421 2937 πῶς
438 2902 501 2948 οὐχ
520 2902 643 2945 ἕτερος,
663 2902 759 2946 ὅσον]
780 2904 850 2936 πῶς
869 2899 926 2935 οὖν
944 2876 1055 2943 ἕξερος
1074 2898 1111 2933 ὃν
1129 2898 1207 2942 (sic)
1227 2897 1269 2931 Β.
1518 2894 1571 2929 28.
1598 2894 1699 2929 αὐτὸν
1715 2897 1937 2938 assumptum

352 2960 393 2982 ex
414 2948 455 2983 B.
