2084 3317
96 293 149 322 Es.
166 293 230 323 xlv.

97 345 125 376 5.

316 185 400 222 244
716 184 765 223 B.
800 183 1076 223 CYRILLI
1118 181 1497 222 ALEXANDR.
1759 180 1903 235 iii.31.

319 297 346 320 ‘6
386 291 396 306 5
507 292 517 308 Ι
743 293 757 309 X
836 292 846 306 9
924 291 946 308 'l
1132 290 1145 305 Χ
1300 289 1312 305 Χ
1394 291 1404 305 9
1473 290 1535 318 Α.9’
1628 293 1647 302 Α
1752 287 1762 304 Χ
1842 289 1851 303 ’
1889 290 1903 307 Χ

371 298 651 355 ηλλοιωμαι,
683 314 759 342 και
797 314 879 342 ουκ
916 314 1020 342 εστι
1058 294 1179 345 Θεος
1216 298 1347 354 πλην
1381 313 1493 354 εμου
1576 311 1676 342 πως
1715 290 1763 339 δε
1803 311 1906 356 ουχι

279 374 395 423 exa}
434 376 497 426 εἰς
536 372 678 424 αὐτὸν
716 372 1010 437 ἀναβήσεται
1047 371 1130 423 τὸν
1169 371 1362 438 Πατέρα
1399 371 1459 423 τὰ
1496 377 1580 423 τοῦ
1618 369 1907 436 γεννήματος

316 454 460 518 πάθη,
487 454 731 522 χαρακτὴρ
764 454 891 519 ε’ίπερ
928 455 1031 505 ἐστὶ
1068 455 1142 504 καὶ
1173 452 1308 504 εἰκὼν
1334 453 1704 520 ἀπαράλλακτος
1730 452 1902 514 αὐτοῦς

317 535 452 586 ἕσται
486 535 542 599 δὴ
569 536 651 586 οὖν
677 533 940 588 ἀλλοιωτὸς
974 534 1058 599 μὲν
1084 535 1194 598 ἡμῖν
1220 536 1245 586 ὁ
1273 533 1395 588 Θεὸς
1426 537 1501 586 καὶ
1530 533 1714 600 Πατὴρ,
1741 534 1832 601 ε”χει
1858 532 1907 584 δὲ

315 614 713 682 προσγεγονότως
746 614 832 679 τὴν
865 615 984 666 κατὰ
1021 616 1213 667 πάντων
1247 615 1497 683 ὑπεροχήν·
1537 617 1614 667 καὶ
1649 619 1818 666 σιωπῶ
1852 613 1906 665 τὸ

317 698 607 761 λειπόμενον.
661 698 948 749 οἰκειώσεται
974 696 1068 764 γὰρ
1105 700 1166 751 ὡς
1200 697 1257 766 ἐξ
1288 697 1494 764 ἀνάγκης
1521 697 1581 748 τὰ
1608 698 1656 747 ἐν
1681 700 1740 765 τῇ
1767 694 1907 747 εἰκόνι

314 779 368 830 τὸ
404 780 684 847 ἀρχέτυπον.
741 780 853 830 ἀλλ’
882 780 1128 844 ἐπίκτητον
1162 779 1247 842 μὲν
1278 780 1360 830 οὐκ
1395 781 1583 845 ἐροῦσιν
1609 779 1730 846 ἔχειν
1765 777 1908 829 αὑτὸν

313 860 399 926 τὴν
420 860 654 929 ὑπεροχὴν
673 860 791 928 πρὸς
817 861 901 916 τὰς
927 862 1144 916 τοιαύτας
1169 866 1263 913 τῶν
1283 866 1535 928 λογισμῶν
1556 861 1830 929 δυσχερείας
1857 883 1908 912 τε

315 946 432 1008 ὁμοῦ
476 946 551 995 καὶ
593 944 789 998 ἀτοπίας
833 943 1216 1013 ἀποφρίττοντες,
1256 944 1463 1008 οὑσιώδη
1508 942 1558 994 δὲ
1601 948 1794 1008 μᾶλλον
1832 944 1908 994 καὶ

316 1026 648 1096 ἀναφαίρετον.
697 1024 796 1077 εἶτα
828 1025 990 1089 πάλιν,
1023 1023 1059 1076 ὦ
1094 1025 1356 1088 βέλτιστοι,
1391 1030 1492 1080 πῶς
1526 1026 1635 1090 ἡμῖν
1671 1026 1725 1077 οὐ
1760 1047 1904 1076 συνε-

91 1123 172 1157 164
187 1122 239 1157 Α.
277 1113 436 1176 αρεῖτε
473 1110 549 1159 καὶ
588 1107 793 1168 ἄκοντες,
834 1108 905 1159 ὅτι
945 1106 1067 1162 Θεὸς
1111 1106 1229 1159 κατὰ
1277 1108 1427 1175 φύσιν
1467 1105 1692 1176 ὑπάρχων
1730 1108 1755 1158 ὁ
1793 1107 1909 1161 Υἱὸς

268 1853 294 1893 b

316 1189 465 1242 ἐπάνω
516 1191 690 1242 πάντων
736 1191 842 1253 ἐστὶ,
890 1188 966 1241 διὰ
1009 1195 1147 1241 τοῦτο
1192 1192 1268 1240 καὶ
1312 1192 1362 1241 ἐκ
1406 1188 1553 1254 μόνης
1597 1190 1780 1258 ἔρχεται
1824 1191 1908 1253 τῆς

315 1273 480 1326 οὐσίας
531 1277 614 1322 τοῦ
668 1275 792 1322 Θεοῦ
844 1274 920 1323 καὶ
967 1270 1194 1338 Πατρός;
1257 1276 1295 1322 εὶ
1346 1271 1440 1338 γὰρ
1490 1272 1623 1323 οὐδέν
1666 1273 1769 1322 ἐστι
1813 1275 1908 1322 τῶν

312 1358 536 1420 γενητῶν,
565 1352 590 1404 ὃ
616 1354 681 1417 μὴ
708 1357 766 1421 τῇ
799 1359 880 1405 τοῦ
909 1353 1078 1405 Πάντα
1104 1352 1297 1418 δυνάμει
1333 1354 1734 1422 περισχοινίζεται,
1761 1353 1907 1406 ἐπάνω

313 1435 362 1486 δὲ
391 1434 564 1486 πάντων
591 1436 702 1486 ἐστὶν
730 1437 754 1486 ὁ
781 1435 908 1498 Υἱὸς,
936 1439 998 1490 ὡς
1025 1436 1179 1502 ἕτερος
1216 1436 1436 1501 δηλονότι
1471 1436 1601 1503 παρὰ
1633 1436 1803 1498 πάντα,
1831 1437 1905 1487 καὶ

314 1517 519 1581 οὐσιώδη
555 1517 675 1568 κατὰ
712 1517 903 1569 πάντων
934 1519 1054 1586 ε”χων
1080 1517 1167 1583 τὴν
1201 1518 1450 1587 ὑπεροχὴν,
1476 1521 1551 1570 καὶ
1587 1519 1673 1586 οὐχ
1708 1519 1733 1569 ὁ
1769 1516 1908 1572 αὐτὸς

313 1598 434 1650 κατὰ
471 1600 622 1668 φύσιν
654 1599 880 1667 ὑπάρχων
912 1606 1008 1655 τοῖς
1041 1606 1177 1664 πᾶσι,
1205 1606 1306 1655 πῶς
1342 1603 1424 1652 οὐκ
1461 1599 1519 1652 ἂν
1546 1605 1699 1652 νοοῖτο
1737 1597 1908 1661 λοιπὸν

314 1680 436 1735 Θεὸς
462 1681 717 1746 ἀληθινός;
762 1683 786 1732 ὁ
817 1681 911 1749 γὰρ
946 1686 1028 1747 τῆς
1062 1687 1157 1735 τῶν
1183 1683 1459 1748 ποιημάτων
1485 1683 1700 1747 πληθύος
1728 1683 1904 1734 οὐσιω-

313 1767 403 1817 δῶς
445 1765 714 1828 ἐκκείμενος,
758 1768 833 1815 καὶ
878 1765 931 1815 τὸ
976 1767 1025 1816 ἐν
1066 1771 1278 1831 γενητοῖς
1324 1765 1548 1833 τετάχθαι
1593 1763 1714 1816 κατὰ
1757 1765 1908 1833 φύσιν

314 1845 570 1912 ἐκδραμὼν,
597 1846 645 1896 τί
668 1845 725 1897 ἀν
752 1847 909 1913 ἕτερον
936 1848 1004 1914 ε’ίη
1032 1847 1201 1899 λοιπὸν
1229 1847 1257 1912 ἢ
1287 1847 1438 1907 Θεός;
1478 1853 1787 1911 μεσολαβοῦν
1813 1847 1907 1913 γὰρ

314 1929 496 1994 ὁρῶμεν
547 1928 691 1990 οὐδὲν,
745 1928 862 1979 ὅσον
909 1929 1018 1994 ἧκεν
1068 1933 1130 1983 εἷς
1182 1931 1345 1983 οὐσίας
1397 1929 1685 1998 ὑφεστώσης
1737 1927 1903 1995 λόγον.

314 2009 466 2063 κτίσις
515 2009 608 2077 γάρ
658 2011 686 2075 ἡ
736 2011 1084 2076 βασιλευομένη
1137 2014 1212 2063 καὶ
1263 2013 1331 2063 ἐπ’
1377 2013 1495 2079 αὐτῇ
1547 2016 1714 2062 νοεῖται
1767 2011 1903 2065 Θεός.

316 2092 483 2143 οὐκοῦν
533 2097 570 2143 εἰ
622 2092 743 2146 Θεὸς
796 2092 915 2144 κατὰ
966 2094 1116 2163 φύσιν
1161 2095 1291 2146 ἐστὶν
1339 2095 1363 2144 ὁ
1408 2093 1536 2156 Υἱὸς,
1583 2093 1807 2159 ἐγεννήθη
1859 2093 1908 2145 δὲ

314 2173 524 2241 ἀῤῥήτως
569 2177 619 2225 ἐκ
662 2180 744 2225 τοῦ
787 2179 912 2226 Θεοῦ
958 2176 1033 2227 καὶ
1081 2175 1286 2243 Πατρὸς,
1332 2176 1417 2240 τὴν
1462 2182 1544 2228 τοῦ
1589 2176 1908 2243 γεννήσαντος

314 2255 463 2324 φύσιν
489 2255 543 2306 τό
562 2254 777 2308 ’Άνωθεν
804 2260 1034 2322 σημαίνει,
1079 2258 1155 2310 διά
1180 2282 1229 2309 τε
1255 2264 1395 2310 τοῦτο
1422 2258 1570 2310 ἐπάνω
1597 2256 1769 2311 πάντων
1796 2260 1907 2311 ἐστὶν

314 2339 339 2388 ὁ
369 2336 661 2404 Μονογενὴς,
687 2337 768 2390 ἅτε
797 2339 853 2403 δὴ
880 2342 957 2390 καὶ
983 2340 1039 2409 ἐξ
1062 2341 1204 2404 αὐτῆς
1232 2341 1482 2408 ὁρώμενος.

316 2504 352 2538 S.
369 2503 490 2549 Cyrilli
507 2503 555 2538 xii
572 2515 647 2549 cap.
665 2516 740 2549 cap.
755 2505 775 2539 i.
833 2505 944 2539 Serm.
964 2505 1119 2540 Nestorii
1139 2507 1174 2540 in
1195 2506 1372 2552 Synodico
1390 2506 1469 2541 adv.
1488 2507 1593 2551 Trag‚
1614 2506 1707 2541 Iren.
1726 2506 1761 2540 in
1782 2506 1905 2542 Baluz.

314 2552 380 2585 col.
394 2550 473 2595 691,
488 2550 676 2586 concilior.
687 2551 729 2585 Τ.
742 2552 787 2585 iv.
801 2553 865 2586 col.
880 2562 944 2597 257
958 2552 1012 2587 ed.
1026 2552 1149 2587 Coleti.
1185 2553 1281 2587 Haec
1299 2553 1418 2588 omnia
1432 2566 1451 2587 a
1466 2553 1653 2587 Parsonsio
1667 2553 1757 2587 data.
1782 2553 1905 2589 Addas

315 2597 357 2632 B.
378 2597 499 2643 Cyriui
517 2597 574 2631 Ad
595 2597 717 2632 Herm.
738 2598 830 2632 Dial.
848 2599 895 2633 iii.
920 2611 955 2644 p.
973 2599 1042 2644 463
1058 2599 1092 2640 d,
1111 2600 1309 2644 fragmenta
1332 2606 1453 2635 contra
1477 2600 1724 2645 Synousiastas
1744 2599 1866 2635 Latine
1885 2612 1904 2635 e

313 2678 456 2722 Syriaco
474 2689 573 2712 versa
591 2684 623 2713 et
641 2691 660 2713 a
680 2678 776 2713 Maio
796 2678 887 2713 Bibl.
904 2678 997 2713 Nov.
1010 2679 1044 2714 ii.
1056 2678 1125 2722 446
1143 2679 1246 2714 edita.
1341 2679 1372 2713 6.
1391 2656 1577 2725 λεειξῖἰμενον
1596 2678 1639 2714 Β.
1726 2690 1779 2722 14.
1797 2680 1905 2714 πάντα

316 2725 357 2758 Β.
376 2725 501 2760 παντὸς
519 2725 585 2759 Ed.
758 2725 810 2760 16.
838 2727 855 2759 ὁ
873 2737 943 2760 om.
963 2726 1005 2760 B.
1169 2736 1222 2771 17.
1249 2727 1308 2761 οὐκ
1325 2725 1381 2772 ἂν]
1403 2725 1461 2761 οὖν
1477 2726 1537 2761 κᾶν
1556 2726 1598 2760 Β.
1649 2725 1776 2760 Statim
1794 2728 1905 2760 νοοῖτο

317 2771 358 2804 B.
377 2771 425 2815 εἵη
445 2771 513 2806 Ed.
577 2773 699 2807 λοιπὸν
717 2784 786 2807 om.
807 2773 849 2806 Β.
956 2784 1011 2807 22.
1038 2772 1089 2807 ἐπ’
1108 2773 1211 2817 αὐτὴν
1232 2773 1272 2807 Β.
1383 2783 1437 2816 25.
1463 2788 1498 2807 τε
1516 2776 1618 2808 τοῦτο
1635 2772 1702 2807 hoc
1720 2773 1842 2808 ordine
1862 2773 1903 2808 B.

316 2818 370 2853 26.
395 2818 439 2863 μὴ
458 2830 521 2863 pro
539 2820 592 2853 καὶ
613 2819 653 2853 Β.
719 2817 952 2865 ὁρ[μ]ώμενος
969 2819 1109 2865 conjicit
1128 2820 1251 2866 Migne
1269 2820 1329 2854 sed
1348 2826 1484 2865 praeter
1501 2820 1758 2855 necessitatem.

1925 629 1948 668 5

1930 1049 1978 1075 10

1927 1870 1977 1896 20
