2084 3317
354 136 439 176 648
756 136 806 176 Β.
840 135 1114 176 CYRILLI
1155 135 1542 177 ALEXANDR.
1783 134 1856 176 vii.
1877 145 1943 188 25.

355 243 405 294 τί
443 249 694 311 τοιγαροῦν
734 244 854 311 πρὸς
896 249 1035 295 τοῦτο
1084 245 1277 310 ἐροῦμεν
1295 265 1307 306 ;
1366 244 1450 295 οὐκ
1496 243 1784 311 εὐαρίθμητα
1827 241 1948 294 κατὰ

356 324 411 376 τὸ
452 325 577 378 ἄστυ
618 331 793 391 σημεῖα
836 325 1145 389 πεποιηκότος
1190 329 1274 375 τοῦ
1319 323 1512 376 πάντων
1552 328 1773 391 Σωτῆρος
1817 324 1949 388 ἡμῶν

358 411 590 474 Χριστοῦ,
626 406 914 476 συχνότερον
949 406 998 458 δὲ
1036 411 1132 460 τοῖς
1161 405 1514 471 Ἱεροσολύμοις
1552 407 1945 473 ἐνδιατρίβοντος,

360 489 693 541 ὑποπείθονται
720 489 775 541 δέ
795 512 910 552 πως,
935 488 1085 555 ἠρέμα
1112 487 1389 554 βαδίζουσιν
1416 491 1478 542 εἷς
1513 488 1568 539 τὸ
1602 487 1773 539 λοιπὸν
1800 490 1944 551 θελῆ-

361 593 446 621 σαι
490 571 730 622 πιστεύειν
771 572 896 640 αῦτῲ
940 575 1036 621 τῶν
1081 569 1200 620 κατὰ
1245 569 1299 620 τὸ
1343 570 1469 622 ἄστυ
1513 569 1645 632 τινὲς,
1685 570 1795 621 ἀλλ’
1844 570 1950 620 οὕτε
1970 586 1992 624 5

141 677 227 711 443
240 675 291 710 Α,
323 657 565 718 ἃγυμνῶς,
604 654 708 704 οὔτε
746 651 839 717 μὴν
879 652 1134 718 ἐλευθέρως
1177 653 1370 716 ἀγαπᾶν
1411 650 1710 715 ἀπετόλμων,
1750 654 1817 720 τῷ
1857 655 1952 702 τῶν

362 734 633 799 ἡγουμένων
663 734 1061 796 καταπτοούμενοι
1095 732 1275 799 θράσει,
1307 735 1382 783 καὶ
1416 733 1535 799 πρὸς
1573 733 1676 787 δεός
1713 731 1953 799 ἐπιζήμιον

363 817 446 866 οὐκ
471 816 529 885 ἐξ
551 815 825 875 ἐπιβουλίας
851 815 1218 879 συνωθούμενοι.
1272 820 1411 865 τοῦτο
1443 812 1538 881 γὰρ
1574 813 1745 878 ἐδήλου
1778 818 1953 882 σαφῶς

363 900 412 949 ἐν
438 903 533 952 τοῖς
560 898 649 962 ἤδη
675 895 1015 967 παρῳχηκόσιν
1040 896 1231 963 εἰρηκὼς
1258 896 1283 947 ὁ
1309 895 1537 963 μακάριος
1564 894 1949 962 Εὐαγγελιστὴς,

142 986 271 1068 {21er
366 982 413 1032 ἐν
438 982 683 1049 παῤῥησίᾳ
710 979 886 1044 μηδένα
912 983 1078 1030 λαλεῖν
1103 986 1130 1008 “
1151 979 1258 1044 περὶ
1285 979 1428 1029 αὐτοῦ
1460 977 1534 1029 διὰ
1565 977 1649 1029 τὸν
1676 976 1833 1045 φόβον
1860 981 1955 1028 τῶν
1978 1001 2025 1026 10

367 1071 393 1093 “
418 1063 703 1114 Ἰουδαίων.”
765 1062 1019 1116 Ἰουδαίους
1062 1060 1156 1127 γὰρ
1202 1062 1250 1111 ἐν
1293 1061 1474 1113 τούτοις
1519 1059 1627 1113 τοὺς
1671 1059 1957 1125 ἡγουμένους

365 1148 601 1197 ἀποκαλεῖ
646 1144 830 1207 λοιπὸν,
876 1143 1186 1208 κατοκνήσας,
1237 1141 1299 1196 ὥς
1349 1143 1391 1208 γ’
1435 1142 1534 1205 ἐμοὶ
1586 1143 1816 1210 φαίνεται,
1861 1145 1958 1194 τοῖς

366 1229 514 1281 οὕτως
552 1225 936 1293 ἀπεγνωσμένοις
974 1225 1061 1290 τὴν
1091 1229 1185 1275 τῶν
1218 1224 1488 1290 ἡγουμένων
1520 1224 1785 1287 ἐπωνυμίαν
1814 1223 1953 1290 χαρί-

366 1309 546 1376 ζεσθαι.
623 1308 1063 1376 παρρησιαζομένου
1112 1311 1366 1372 τοιγαροῦν
1418 1311 1502 1357 τοῦ
1554 1309 1775 1373 Σωτῆρος
1825 1305 1958 1369 ἡμῶν

320 1393 529 1455 1)Ἰησοῦ
567 1395 799 1457 Χριστοῦ,
839 1392 914 1440 καὶ
953 1395 1054 1443 ταῖς
1093 1393 1189 1440 τῶν
1227 1387 1470 1456 ἀρχόντων
1509 1387 1748 1441 ἀπονοίαις
1792 1388 1957 1450 ἐπιπη-
1980 1406 2028 1446 15

369 1476 543 1528 δῶντος
569 1471 779 1535 εὐτόνως,
807 1470 1131 1539 διελέγχοντός
1157 1494 1205 1522 τε
1232 1472 1308 1521 καὶ
1337 1469 1472 1534 μάλα
1506 1474 1679 1539 σαφῶς
1714 1471 1777 1523 ὡς
1812 1469 1959 1521 οὐδεὶς

367 1555 453 1620 μὲν
486 1557 642 1610 αὐτοῖς
676 1561 759 1607 τοῦ
796 1554 1051 1619 νομοθέτου
1087 1553 1246 1620 λόγος,
1272 1554 1347 1604 ἐπὶ
1385 1553 1434 1604 δὲ
1473 1551 1526 1604 τὸ
1565 1554 1732 1603 δοκοῦν
1766 1551 1959 1602 ἕκαστοι

369 1641 444 1689 καὶ
489 1640 600 1689 λίαν
640 1640 842 1691 εὐπετῶς
887 1636 1222 1690 ἀποκλίνοντες
1265 1636 1342 1686 καὶ
1388 1639 1450 1689 εἰς
1496 1633 1549 1686 τὸ
1594 1638 1747 1703 φονᾶν
1790 1634 1954 1699 ἀπερι-

371 1719 589 1774 σκέπτως
613 1722 675 1774 ὡς
701 1721 775 1771 ἐπὶ
799 1720 960 1783 μηδενὶ
991 1721 1086 1769 τῶν
1112 1716 1314 1785 φαύλων
1339 1715 1621 1785 ἐξώλισθον,
1648 1713 1960 1779 ὑπομένοντάς

373 1825 422 1854 τε
461 1807 556 1854 τῶν
586 1804 744 1866 ἀηδῶν
775 1803 848 1852 ἐπὶ
886 1800 1066 1853 τούτοις
1106 1798 1238 1850 οὐδὲν
1272 1800 1381 1865 παρ’
1410 1796 1475 1849 ῶν
1506 1796 1564 1862 ἧν
1597 1796 1714 1852 εἰκὸς
1750 1795 1959 1861 ὑποστή-
1981 1823 2032 1848 20

373 1889 550 1936 σεσθαι
585 1884 644 1935 τὰ
679 1882 820 1935 δεινά·
865 1882 978 1933 αὐτὸ
1005 1881 1061 1946 δὴ
1088 1887 1227 1933 τοῦτο
1252 1880 1372 1947 πρὸς
1396 1879 1636 1949 ἀπόδειξιν
1661 1881 1737 1930 καὶ
1770 1885 1955 1945 πληρο-

374 1968 547 2033 φορίαν
574 1969 656 2030 τῆς
682 1965 880 2030 ἐνούσης
905 1965 1031 2032 αὐτῷ
1058 1968 1344 2029 θεοπρεποῦς
1375 1961 1594 2031 ἐξουσίας
1618 1961 1962 2029 Ἱεροσολυμῖται

336 2048 698 2113 ολαμβάνουσι,
745 2049 821 2098 καὶ
865 2051 961 2100 τοῖς
1005 2045 1095 2110 ἤδη
1140 2044 1637 2111 προτεθαυμασμένοις
1680 2041 1963 2110 προσθήκην

375 2131 540 2197 ὥσπερ
589 2129 694 2181 τινὰ
744 2131 820 2180 καὶ
867 2134 1007 2179 τοῦτο
1057 2126 1309 2195 δεχόμενοι,
1359 2129 1436 2177 καὶ
1483 2132 1578 2180 τοῖς
1628 2130 1963 2192 προλαβοῦσιν

374 2212 753 2279 ἐπισωρεύοντες,
798 2210 1092 2277 θερμοτέροις
1135 2207 1307 2260 λοιπὸν
1350 2213 1448 2262 τοῖς
1489 2207 1744 2272 κινήμασιν
1787 2208 1863 2258 ἐπὶ
1907 2203 1963 2257 τὸ
1985 2233 2033 2272 25

372 2298 542 2363 χρῆναι
568 2293 809 2346 πιστεύειν
835 2294 961 2362 αὐτῷ
995 2289 1380 2343 συνελαύνονται.
1432 2289 1508 2341 διὰ
1534 2288 1673 2341 τοῦτό
1700 2293 1853 2358 φασιν
1878 2287 1964 2352 τὴν

372 2379 422 2428 ἐκ
449 2381 689 2443 λογισμοῦ
716 2381 799 2427 τοῦ
825 2373 999 2428 εἰκότος
1027 2371 1339 2441 ἐρανιζόμενοι
1365 2376 1547 2438 γνῶσιν
1574 2374 1682 2434 Οὐχ
1710 2369 1824 2425 οὗτός
1851 2370 1965 2421 ἐστιν

372 2461 413 2511 ἓν
441 2461 628 2530 ζητοῦσιν
656 2460 946 2518 ἀποκτεῖναις
986 2454 1129 2507 ἐννόει
1160 2453 1253 2521 γὰρ
1289 2454 1360 2506 ὅτι
1389 2455 1640 2521 μονονουχὶ
1666 2454 1742 2504 καὶ
1769 2450 1965 2520 ὑψηλὴν

426 2679 456 2701 1.
483 2669 604 2701 τοῦτον
623 2665 690 2700 Ed.
919 2678 952 2708 4.
978 2663 1217 2699 ὑποπείθονται
1237 2662 1329 2697 edidi
1347 2675 1387 2697 ex
1405 2661 1628 2697 ὑποπείθοντε
1648 2660 1692 2695 Β.
1710 2671 1831 2705 aspera
1848 2665 1965 2693 tamen

375 2715 544 2748 clausula.
564 2712 807 2748 ὑποπείθοντος
826 2712 893 2746 Ed.
1057 2711 1090 2745 6.
1117 2710 1320 2753 ἀπετόλμων
1337 2712 1383 2756 τῷ
1402 2709 1495 2743 edidi
1513 2721 1555 2742 ex
1573 2707 1815 2742 emendatione
1835 2706 1965 2751 Heyse.

375 2761 617 2804 ἀπετόλμωντο
639 2760 679 2793 Β.
698 2759 901 2803 ἀπετόλμων
919 2758 986 2792 Ed.
1134 2766 1163 2802 7.
1189 2758 1274 2801 πρὸς
1291 2756 1383 2802 δέος]
1402 2755 1582 2801 προσδέως
1601 2755 1642 2789 Β.
1711 2754 1836 2788 Statim
1852 2751 1965 2796 ἐπιζή-

375 2823 452 2851 μιον
472 2807 513 2841 Β.
531 2807 697 2850 ἐπιτίμιον
716 2806 847 2845 Holst.‚
866 2805 961 2851 quod
980 2804 1022 2839 ad
1041 2804 1208 2848 ἐπιτιμίου
1226 2803 1425 2837 emendavit
1442 2802 1538 2836 Aub.
1707 2801 1741 2835 8.
1768 2799 1967 2840 ἐπιβουλίας

375 2854 469 2888 edidi
495 2866 535 2887 ex
564 2854 620 2894 B„
648 2864 860 2899 quamquam
890 2852 1036 2886 verbum
1063 2863 1081 2884 a
1108 2851 1155 2884 D.
1176 2850 1307 2895 Cyrillo
1332 2851 1451 2883 minus
1478 2849 1661 2883 usitatum.
1687 2847 1872 2891 ἐπιβουλῆς
1897 2845 1966 2881 Ed.

381 2912 433 2945 19.
460 2900 652 2943 ἐξώλισθον
669 2899 867 2934 emendavit
888 2898 1017 2943 Heyse.
1036 2897 1228 2940 ἐξολισθῶν
1247 2897 1289 2930 Β.
1310 2896 1523 2940 ἐξωλίσθουν
1541 2894 1608 2931 Ed.
1832 2891 1887 2928 26.
1911 2892 1966 2927 διὰ

376 2949 491 2991 τοῦτο]
513 2946 553 2981 δι’
573 2947 655 2981 αὐτὸ
676 2946 742 2980 Ed.
888 2955 941 2990 27.
968 2947 1028 2979 τοῦ
1046 2943 1190 2989 εἰκότος]
1210 2943 1345 2979 εἰκότως
1364 2943 1430 2977 Ed.
