2084 3317
335 162 417 200 194
736 164 783 204 B.
819 164 1092 205 CYRILLI
1134 165 1516 206 ALEXANDR.
1802 163 1828 203 i.
1847 175 1916 215 40.

335 268 446 318 ἰέναι
482 267 531 319 δὲ
564 274 755 333 μᾶλλον
781 275 843 324 εἰς
878 272 1023 335 αὐτὴν
1054 276 1346 339 παραχρῆμα
1382 272 1574 323 κελεύει·
1615 276 1804 337 πρῶτον
1834 269 1919 335 μὲν

333 352 475 400 ἐκεῖνο
514 349 765 414 διδάσκων,
798 355 860 406 ὡς
899 355 946 403 ἐν
982 355 1279 423 ὑπογραμμῴ
1318 358 1384 422 τῷ
1422 353 1681 420 πράγματι,
1716 352 1786 403 ὅτι
1824 357 1919 403 τῶν

333 433 526 496 ἀγαθῶν
577 431 662 496 τὴν
707 432 916 499 ζήτησιν,
961 436 1042 485 οὐκ
1094 439 1156 488 εἰς
1208 435 1480 501 ὑπερθέσεις
1530 437 1918 502 ἀναῤῥιπτεῖσθαι

333 512 498 563 καλόν·
557 513 609 564 τὸ
652 513 746 579 γὰρ
783 514 979 577 μέλλειν
1019 515 1143 569 ὅλως
1188 518 1236 567 ἐν
1274 521 1370 570 τοῖς
1416 519 1615 585 ὠφελεῖν
1652 515 1920 583 πεφυκόσιν

332 593 586 659 ἐπιζήμιον·
631 593 727 645 εἶτα
753 596 872 662 πρὸς
898 596 1048 665 τούτῳ
1082 599 1156 647 καὶ
1189 597 1309 659 τόδε,
1339 598 1409 647 ὅτι
1443 602 1539 651 τοῖς
1574 599 1830 662 ἀγνοοῦσιν
1854 595 1920 646 ἔτι
1940 611 1961 648 5

286 673 414 725 1)τὸν
446 675 582 740 ἅγιον
618 674 744 727 οἶκον
781 684 862 728 τοῦ
902 681 1124 744 Σωτῆρος
1165 679 1296 742 ἡμῶν
1323 683 1553 745 Χριστοῦ,
1581 679 1797 729 τουτέστι
1834 677 1920 740 τὴν

331 758 641 821 Ἐκκλησίαν,
682 760 734 809 οὐ
777 758 831 809 τὸ
877 759 983 810 ὅποι
1027 759 1141 811 ποτὲ
1186 765 1329 811 κεῖται
1369 765 1534 823 μαθεῖν
1573 760 1757 826 ἀρκέσει
1801 759 1920 825 πρὸς

332 840 589 905 σωτηρίαν,
617 839 749 890 ἀλλὰ
782 840 836 891 τὸ
875 842 1031 891 ἐλθεῖν
1067 845 1129 894 εἰς
1162 840 1304 893 αὑτὸν
1338 841 1413 892 διὰ
1447 845 1530 905 τῆς
1563 841 1782 903 πίστεως,
1810 843 1920 892 ἰδεῖν

333 944 383 971 τε
409 919 469 971 τὰ
494 923 543 972 ἐν
569 923 695 990 αὐτῷ
721 927 962 985 μυστικῶς
990 923 1208 986 δηλονότι
1235 922 1508 986 τελούμενα.

352 1159 518 1203 ΘΗλΘον
555 1159 628 1203 οῦν
668 1163 736 1203 καὶ
774 1157 888 1203 εἶδον
927 1165 1008 1203 Ποῦ
1046 1163 1163 1211 μένει
1203 1163 1271 1204 καὶ
1308 1163 1401 1219 Παρ’
1446 1163 1562 1216 αὐτῷ
1599 1162 1771 1210 ἔμειναν
1808 1160 1885 1202 τήν
1945 1177 1991 1202 ιο

665 1256 827 1313 ἡμέραν
865 1256 1043 1297 ὲκείνΗν·
1100 1259 1194 1313 ὥρα
1233 1254 1283 1298 ἦν
1321 1258 1381 1298 ὡς
1419 1256 1592 1298 ὃεκάτΗ.

407 1384 720 1450 Εῦπαρέδρως
756 1389 797 1436 οἱ
832 1389 1038 1449 μαθηταὶ
1077 1386 1162 1450 τὴν
1190 1391 1283 1436 τῶν
1310 1387 1445 1436 θείων
1478 1386 1754 1452 μυστηρίων
1784 1387 1917 1436 ἐπαι-
2083 1369 2084 1423 ἰ

291 1488 312 1514 e
332 1467 520 1516 δεύοντο
555 1471 747 1531 γνῶσιν“
789 1469 842 1518 οὐ
877 1468 971 1533 γὰρ
1007 1466 1133 1532 οἶμαι
1169 1468 1362 1533 πρέπειν
1389 1469 1623 1536 ἁψίκορον
1648 1472 1744 1522 τοῖς
1770 1472 1917 1535 φιλο-

329 1548 533 1610 μαθέσιν
559 1547 835 1616 ἐνυπάρχειν
863 1548 1082 1612 διάνοιαν,
1110 1549 1510 1618 φιλοπονωτάτην
1535 1549 1583 1600 δὲ
1613 1554 1821 1612 μᾶλλον,
1844 1549 1921 1598 καὶ

330 1633 412 1693 τῆς
464 1632 512 1680 ἐν
564 1633 759 1695 ἱδρῶσιν
811 1634 1005 1696 ἀγαθοῖς
1062 1632 1383 1699 μικροψυχίας
1439 1632 1692 1697 κρείττονα,
1745 1633 1805 1684 ὡς
1860 1634 1920 1684 εἰς
1944 1654 1990 1692 15

331 1711 519 1762 ἅπαντα
566 1715 646 1776 τῆς
694 1712 810 1778 ζωῆς
855 1713 937 1764 τὸν
983 1713 1146 1779 καιρὸν
1192 1716 1239 1764 ἐν
1283 1712 1534 1782 ὁλοκλήρῳ
1578 1718 1637 1781 τῇ
1681 1713 1921 1781 προθυμίᾳ

331 1794 585 1860 φαίνεσθαι
619 1794 949 1860 διαπρέποντα·
998 1801 1136 1846 τοῦτο
1172 1795 1265 1860 γὰρ
1304 1797 1365 1849 ὡς
1400 1796 1455 1845 δι’
1484 1795 1758 1859 αἰνίγματος
1793 1792 1920 1858 οἶμαι

330 1878 506 1938 δηλοῦν
544 1876 597 1926 τό
641 1880 749 1946 Hoep'
788 1881 906 1946 αὐτῷ
947 1877 1113 1944 ἔμειναν
1153 1876 1219 1936 ‘sky
1256 1876 1409 1944 ἡμέραν
1446 1879 1612 1936 ἐκείνην.
1676 1876 1830 1940 ἐπειδὴ
1871 1876 1930 1927 δέ

330 1962 482 2025 φησιν
499 1957 624 2027 (Ὠραι
660 1955 701 2018 ἧν
729 1961 786 2013 ὡς
822 1956 997 2020 δεκάτη,
1027 1961 1101 2009 καὶ
1132 1958 1251 2024 πρὸς
1284 1958 1396 2009 αὐτὸ
1430 1964 1569 2009 τοῦτο
1604 1957 1807 2024 λέγομεν
1837 1957 1920 2009 τὸν

330 2039 516 2109 ἑκάστῳ
561 2039 797 2107 χρήσιμόν
836 2063 885 2091 τε
934 2043 1009 2091 καὶ
1054 2044 1221 2091 οἰκεῖον
1260 2038 1601 2108 ἐφαρμόζοντες
1647 2039 1810 2106 λόγον,
1850 2040 1990 2091 ὅτιεο

285 2120 476 2171 ἀπάλιν
515 2122 636 2185 ἡμᾶς
677 2121 752 2172 διὰ
790 2125 872 2185 τῆς
912 2124 1032 2172 οὕτω
1073 2125 1248 2185 λεπτῆς
1287 2121 1620 2189 ἐπιχειρήσεως
1660 2122 1920 2173 ἐκδιδάσκει

330 2205 412 2265 τῆς
447 2203 693 2268 θεολογίας
728 2204 752 2253 ὁ
786 2203 1108 2272 συγγραφεὺς,
1138 2206 1199 2257 ὡς
1238 2205 1320 2255 οὐκ
1355 2206 1404 2254 ἐν
1431 2205 1554 2271 ἀρχῇ
1580 2209 1662 2254 τοῦ
1686 2203 1920 2270 παρόντος

331 2288 496 2338 αἰῶνος
533 2308 587 2335 το
627 2308 747 2350 μεγα
785 2291 869 2336 τοῦ
905 2289 1126 2350 Σωτῆρος
1164 2286 1295 2349 ἡμῶν
1327 2287 1594 2352 ἐγνωρίσθη
1632 2286 1914 2352 μυστήριον,

109 2360 162 2390 F
179 2359 234 2390 liv.

110 2413 159 2440 η.
332 2368 442 2416 ἀλλ’
484 2370 544 2419 εἰς
583 2366 720 2421 τελος
758 2367 846 2431 ἤδη
886 2367 1204 2421 καταλύοντος
1241 2373 1323 2418 τοῦ
1362 2373 1538 2433 καιροῦ·
1591 2369 1659 2419 επ’
1701 2367 1919 2436 ἐσχατων

332 2447 438 2514 γὰρ,
467 2451 529 2501 ὡς
564 2471 839 2514 γεγραπται,
870 2452 965 2498 τῶν
992 2449 1175 2514 ἡμερῶν
1201 2451 1406 2499 διδακτοι
1442 2448 1613 2503 πάντες
1647 2451 1913 2515 ἀναδεδείγ-
1939 2476 1986 2512 25

330 2535 452 2592 μεθα
478 2533 620 2581 Θεοῦ.
678 2531 816 2597 δέχου
853 2530 908 2579 δέ
937 2552 1017 2593 μοι
1051 2530 1199 2580 πάλιν
1225 2535 1319 2580 τῶν
1346 2530 1597 2596 εἰρημένων
1628 2531 1781 2581 εἰκόνα
1813 2533 1920 2597 περὶ

331 2612 416 2676 τὴν
442 2612 638 2677 δεκάτην
665 2611 805 2678 ὥραν,
826 2611 1229 2677 προσεδρεύοντας
1258 2615 1323 2681 τῷ
1349 2615 1533 2679 Σωτῆρι
1559 2612 1666 2666 τοὺς
1691 2613 1918 2677 μαθητὰς,

383 2791 410 2812 1.
438 2779 472 2812 ἐν
489 2779 571 2823 αὐτῇ
593 2778 634 2812 Β.
654 2779 769 2812 invitis
789 2778 881 2812 Catt.
1005 2791 1037 2820 4.
1062 2778 1180 2821 μέλειν
1200 2778 1246 2812 D.
1370 2789 1403 2823 5.
1430 2780 1510 2814 τάδε
1529 2779 1622 2814 Catt.
1743 2779 1775 2813 6.
1801 2779 1918 2824 Ἰησοῦ

332 2828 483 2869 Χριστοῦ
502 2826 536 2860 b.
703 2826 735 2859 8.
763 2826 845 2859 ἰδεῖν
862 2824 915 2869 τε]
935 2825 987 2858 καὶ
1005 2825 1087 2858 ἰδεῖν
1104 2837 1134 2859 a.
1153 2825 1235 2858 ἰδεῖν
1252 2825 1287 2858 δέ
1308 2824 1415 2860 Cord.
1588 2837 1639 2871 13.
1665 2825 1914 2881 φιλομαθέσιν]

331 2873 583 2916 φιλοθεάμοσιν
600 2872 634 2905 b.
687 2872 812 2906 Statim
831 2872 1030 2916 ἐνυπάρχειν
1050 2871 1091 2905 Β.
1113 2871 1203 2905 Catt.
1224 2871 1387 2917 ὑπάρχειν
1405 2872 1472 2907 Ed.
1610 2883 1663 2918 17.
1689 2872 1916 2917 διαπρέποντιι

331 2930 361 2952 a.
382 2918 487 2952 (jord.
507 2918 760 2961 διαπρέπουσαν
778 2919 812 2953 b.
832 2919 1075 2963 διαπρέποντας
1095 2917 1159 2952 Ed.
1225 2918 1428 2964 αἰνιγμάτων
1447 2919 1537 2953 Catt.
1645 2931 1700 2964 23.
1726 2919 1915 2965 ἐγνωρίσθη

333 2964 372 2997 Β.
392 2964 545 3008 ἐγνώσθη
566 2965 671 2999 Cord.
692 2965 757 2999 Ed.
903 2976 958 3010 27.
984 2967 1043 2999 τοῦ
1062 2966 1213 3009 σωτῆρος
1232 2965 1272 2999 B.
