<?xml version="1.0" encoding="UTF-8"?>
<!DOCTYPE html PUBLIC "-//W3C//DTD XHTML 1.0 Transitional//EN"
    "http://www.w3.org/TR/xhtml1/DTD/xhtml1-transitional.dtd">
<html xmlns="http://www.w3.org/1999/xhtml" xml:lang="en" lang="en">
 <head>
  <title>
</title>
<meta http-equiv="Content-Type" content="text/html;charset=utf-8" />
  <meta name='ocr-system' content='tesseract 3.04.00' />
  <meta name='ocr-capabilities' content='ocr_page ocr_carea ocr_par ocr_line ocrx_word'/>
</head>
<body>
  <div class='ocr_page' id='page_1' title='image "./operacyrilli03cyriuoft/operacyrilli03cyriuoft_0295.png"; bbox 0 0 2084 3317; ppageno 0'>
   <div class='ocr_carea' id='block_1_1' title="bbox 138 149 1726 206">
    <p class='ocr_par' dir='ltr' id='par_1_1' title="bbox 138 149 1726 206">
     <span class='ocr_line' id='line_1_1' title="bbox 138 149 1726 206; baseline 0.003 -17"><span class='ocrx_word' id='word_1_1' title='bbox 138 149 192 191; x_wconf 86' lang='lat' dir='ltr'><strong>iii.</strong></span> <span class='ocrx_word' id='word_1_2' title='bbox 214 165 280 206; x_wconf 82' lang='lat'>30.</span> <span class='ocrx_word' id='word_1_3' title='bbox 412 152 485 192; x_wconf 94' lang='lat' dir='ltr'>IN</span> <span class='ocrx_word' id='word_1_4' title='bbox 527 153 570 193; x_wconf 84' lang='lat' dir='ltr'>S.</span> <span class='ocrx_word' id='word_1_5' title='bbox 604 151 939 193; x_wconf 85' lang='lat' dir='ltr'><strong>JOANNEM.</strong></span> <span class='ocrx_word' id='word_1_6' title='bbox 1002 151 1127 192; x_wconf 89' lang='lat' dir='ltr'><strong>LIB.</strong></span> <span class='ocrx_word' id='word_1_7' title='bbox 1162 151 1221 192; x_wconf 92' lang='grc' dir='ltr'><strong>Π.</strong></span> <span class='ocrx_word' id='word_1_8' title='bbox 1284 151 1419 192; x_wconf 89' lang='lat' dir='ltr'><strong>CAP.</strong></span> <span class='ocrx_word' id='word_1_9' title='bbox 1454 152 1488 192; x_wconf 95' lang='grc' dir='ltr'>Ι.</span> <span class='ocrx_word' id='word_1_10' title='bbox 1643 152 1726 193; x_wconf 83' lang='grc'>237</span> 
     </span>
    </p>
   </div>
   <div class='ocr_carea' id='block_1_2' title="bbox 137 261 1723 330">
    <p class='ocr_par' dir='ltr' id='par_1_2' title="bbox 137 261 1723 330">
     <span class='ocr_line' id='line_1_2' title="bbox 137 261 1723 330; baseline 0.001 -20"><span class='ocrx_word' id='word_1_11' title='bbox 137 261 389 315; x_wconf 84' lang='grc' dir='ltr'>ἑστιῶντος</span> <span class='ocrx_word' id='word_1_12' title='bbox 420 263 744 327; x_wconf 83' lang='grc' dir='ltr'>ἐπακροᾶσθαι</span> <span class='ocrx_word' id='word_1_13' title='bbox 781 264 956 330; x_wconf 81' lang='grc' dir='ltr'>φωνῆς.</span> <span class='ocrx_word' id='word_1_14' title='bbox 1016 262 1108 329; x_wconf 73' lang='grc' dir='ltr'>ε”χω</span> <span class='ocrx_word' id='word_1_15' title='bbox 1134 261 1220 326; x_wconf 76' lang='grc' dir='ltr'>μὲν</span> <span class='ocrx_word' id='word_1_16' title='bbox 1246 262 1328 312; x_wconf 76' lang='grc' dir='ltr'>οὖν</span> <span class='ocrx_word' id='word_1_17' title='bbox 1351 263 1440 327; x_wconf 73' lang='grc' dir='ltr'>ἤδη</span> <span class='ocrx_word' id='word_1_18' title='bbox 1465 262 1519 312; x_wconf 84' lang='grc' dir='ltr'>τὸ</span> <span class='ocrx_word' id='word_1_19' title='bbox 1545 262 1723 312; x_wconf 84' lang='grc' dir='ltr'>ποθού-</span> 
     </span>
    </p>
   </div>
   <div class='ocr_carea' id='block_1_3' title="bbox 136 342 1772 412">
    <p class='ocr_par' dir='ltr' id='par_1_3' title="bbox 136 342 1772 412">
     <span class='ocr_line' id='line_1_3' title="bbox 136 342 1772 412; baseline 0 -20"><span class='ocrx_word' id='word_1_20' title='bbox 136 365 278 404; x_wconf 88' lang='grc' dir='ltr'>μενον</span> <span class='ocrx_word' id='word_1_21' title='bbox 302 343 408 408; x_wconf 79' lang='grc' dir='ltr'>ἐγὼ,</span> <span class='ocrx_word' id='word_1_22' title='bbox 434 346 509 394; x_wconf 83' lang='grc' dir='ltr'>καὶ</span> <span class='ocrx_word' id='word_1_23' title='bbox 534 343 846 410; x_wconf 81' lang='grc' dir='ltr'>πεπλήρωται’</span> <span class='ocrx_word' id='word_1_24' title='bbox 867 366 946 407; x_wconf 89' lang='grc' dir='ltr'>μοι</span> <span class='ocrx_word' id='word_1_25' title='bbox 972 343 1026 394; x_wconf 83' lang='grc' dir='ltr'>τὸ</span> <span class='ocrx_word' id='word_1_26' title='bbox 1053 344 1362 407; x_wconf 86' lang='grc' dir='ltr'>σπούδασμα·</span> <span class='ocrx_word' id='word_1_27' title='bbox 1404 343 1607 412; x_wconf 73' lang='grc' dir='ltr'>ἐκήρυξα</span> <span class='ocrx_word' id='word_1_28' title='bbox 1632 342 1725 409; x_wconf 79' lang='grc' dir='ltr'>γὰρ</span> <span class='ocrx_word' id='word_1_29' title='bbox 1744 352 1772 392; x_wconf 85' lang='lat' dir='ltr'>d</span> 
     </span>
    </p>
   </div>
   <div class='ocr_carea' id='block_1_4' title="bbox 92 423 1728 988">
    <p class='ocr_par' dir='ltr' id='par_1_4' title="bbox 92 423 1728 988">
     <span class='ocr_line' id='line_1_4' title="bbox 137 423 1726 494; baseline 0.001 -20"><span class='ocrx_word' id='word_1_30' title='bbox 137 425 190 474; x_wconf 85' lang='grc' dir='ltr'>οὐ</span> <span class='ocrx_word' id='word_1_31' title='bbox 217 424 376 487; x_wconf 90' lang='grc' dir='ltr'>μόνον,</span> <span class='ocrx_word' id='word_1_32' title='bbox 418 427 482 479; x_wconf 88' lang='grc' dir='ltr'>ὡς</span> <span class='ocrx_word' id='word_1_33' title='bbox 522 426 622 494; x_wconf 73' lang='grc' dir='ltr'>ἥξει</span> <span class='ocrx_word' id='word_1_34' title='bbox 661 427 686 476; x_wconf 85' lang='grc' dir='ltr'>ὁ</span> <span class='ocrx_word' id='word_1_35' title='bbox 728 425 956 492; x_wconf 80' lang='grc' dir='ltr'>Χριστὸς,</span> <span class='ocrx_word' id='word_1_36' title='bbox 995 424 1107 476; x_wconf 85' lang='grc' dir='ltr'>ἀλλ’</span> <span class='ocrx_word' id='word_1_37' title='bbox 1150 425 1239 490; x_wconf 74' lang='grc' dir='ltr'>ἤδη</span> <span class='ocrx_word' id='word_1_38' title='bbox 1284 427 1360 477; x_wconf 79' lang='grc' dir='ltr'>καὶ</span> <span class='ocrx_word' id='word_1_39' title='bbox 1400 423 1613 492; x_wconf 85' lang='grc' dir='ltr'>παρόντα</span> <span class='ocrx_word' id='word_1_40' title='bbox 1652 448 1726 476; x_wconf 93' lang='grc' dir='ltr'>τε-</span> 
     </span>
     <span class='ocr_line' id='line_1_5' title="bbox 136 506 1727 577; baseline 0.002 -19"><span class='ocrx_word' id='word_1_41' title='bbox 136 506 317 570; x_wconf 86' lang='grc' dir='ltr'>θέαμαι,</span> <span class='ocrx_word' id='word_1_42' title='bbox 357 510 432 558; x_wconf 78' lang='grc' dir='ltr'>καὶ</span> <span class='ocrx_word' id='word_1_43' title='bbox 471 507 616 572; x_wconf 82' lang='grc' dir='ltr'>αὐτὴν</span> <span class='ocrx_word' id='word_1_44' title='bbox 655 509 703 558; x_wconf 82' lang='grc' dir='ltr'>ἐν</span> <span class='ocrx_word' id='word_1_45' title='bbox 739 511 859 559; x_wconf 74' lang='grc' dir='ltr'>ὠσὶν</span> <span class='ocrx_word' id='word_1_46' title='bbox 898 508 1198 574; x_wconf 74' lang='grc' dir='ltr'>εἶσοικίζομαι</span> <span class='ocrx_word' id='word_1_47' title='bbox 1237 507 1324 572; x_wconf 89' lang='grc' dir='ltr'>τὴν</span> <span class='ocrx_word' id='word_1_48' title='bbox 1363 506 1543 577; x_wconf 87' lang='grc' dir='ltr'>φωνήν.</span> <span class='ocrx_word' id='word_1_49' title='bbox 1600 508 1727 570; x_wconf 79' lang='grc' dir='ltr'>ὑμεῖς</span> 
     </span>
     <span class='ocr_line' id='line_1_6' title="bbox 92 586 1728 660; baseline 0 -21"><span class='ocrx_word' id='word_1_50' title='bbox 92 600 113 638; x_wconf 90' lang='grc'>5</span> <span class='ocrx_word' id='word_1_51' title='bbox 136 588 204 650; x_wconf 75' lang='grc' dir='ltr'>δὲ,</span> <span class='ocrx_word' id='word_1_52' title='bbox 235 586 272 639; x_wconf 74' lang='grc' dir='ltr'><em>ὦ</em></span> <span class='ocrx_word' id='word_1_53' title='bbox 309 590 585 657; x_wconf 83' lang='grc' dir='ltr'>σοφώτατοι</span> <span class='ocrx_word' id='word_1_54' title='bbox 624 592 845 654; x_wconf 73' lang='grc' dir='ltr'>μαθηταὶ,</span> <span class='ocrx_word' id='word_1_55' title='bbox 881 589 967 654; x_wconf 83' lang='grc' dir='ltr'>τὴν</span> <span class='ocrx_word' id='word_1_56' title='bbox 1002 589 1352 660; x_wconf 86' lang='grc' dir='ltr'>νυμφευομένην</span> <span class='ocrx_word' id='word_1_57' title='bbox 1385 589 1728 656; x_wconf 85' lang='grc' dir='ltr'>ἀνθρωπότητα</span> 
     </span>
     <span class='ocr_line' id='line_1_7' title="bbox 135 670 1728 742; baseline -0.001 -20"><span class='ocrx_word' id='word_1_58' title='bbox 135 675 202 741; x_wconf 73' lang='grc' dir='ltr'>τῷ</span> <span class='ocrx_word' id='word_1_59' title='bbox 229 675 431 742; x_wconf 75' lang='grc' dir='ltr'>Χριστῷ</span> <span class='ocrx_word' id='word_1_60' title='bbox 456 670 576 738; x_wconf 81' lang='grc' dir='ltr'>πρὸς</span> <span class='ocrx_word' id='word_1_61' title='bbox 601 671 743 723; x_wconf 79' lang='grc' dir='ltr'>αὐτὸν</span> <span class='ocrx_word' id='word_1_62' title='bbox 770 676 938 723; x_wconf 79' lang='grc' dir='ltr'>ἰοῦσαν</span> <span class='ocrx_word' id='word_1_63' title='bbox 964 673 1177 739; x_wconf 82' lang='grc' dir='ltr'>ὁρῶντες,</span> <span class='ocrx_word' id='word_1_64' title='bbox 1205 675 1280 723; x_wconf 80' lang='grc' dir='ltr'>καὶ</span> <span class='ocrx_word' id='word_1_65' title='bbox 1315 676 1377 726; x_wconf 82' lang='grc' dir='ltr'>εἷς</span> <span class='ocrx_word' id='word_1_66' title='bbox 1410 670 1728 735; x_wconf 89' lang='grc' dir='ltr'>πνευματικὴν</span> 
     </span>
     <span class='ocr_line' id='line_1_8' title="bbox 134 753 1728 820; baseline -0.001 -16"><span class='ocrx_word' id='word_1_67' title='bbox 134 755 490 815; x_wconf 78' lang='grc' dir='ltr'>ἀναβαίνουσαν</span> <span class='ocrx_word' id='word_1_68' title='bbox 533 753 789 818; x_wconf 76' lang='grc' dir='ltr'>οἰκειότητα</span> <span class='ocrx_word' id='word_1_69' title='bbox 833 754 909 805; x_wconf 81' lang='grc' dir='ltr'>διὰ</span> <span class='ocrx_word' id='word_1_70' title='bbox 953 759 1036 805; x_wconf 82' lang='grc' dir='ltr'>τοῦ</span> <span class='ocrx_word' id='word_1_71' title='bbox 1082 755 1219 820; x_wconf 83' lang='grc' dir='ltr'><strong><em>ἁγίου</em></strong></span> <span class='ocrx_word' id='word_1_72' title='bbox 1262 755 1598 817; x_wconf 77' lang='grc' dir='ltr'>βαπτίσματος</span> <span class='ocrx_word' id='word_1_73' title='bbox 1642 753 1728 814; x_wconf 87' lang='grc' dir='ltr'>τὴν</span> 
     </span>
     <span class='ocr_line' id='line_1_9' title="bbox 135 834 1728 903; baseline 0.001 -17"><span class='ocrx_word' id='word_1_74' title='bbox 135 835 520 901; x_wconf 79' lang='grc' dir='ltr'>ἀποκεκομμένην</span> <span class='ocrx_word' id='word_1_75' title='bbox 564 838 640 887; x_wconf 81' lang='grc' dir='ltr'>καὶ</span> <span class='ocrx_word' id='word_1_76' title='bbox 686 836 1082 903; x_wconf 82' lang='grc' dir='ltr'>δραπετεύσασαν</span> <span class='ocrx_word' id='word_1_77' title='bbox 1122 839 1204 900; x_wconf 81' lang='grc' dir='ltr'>τῆς</span> <span class='ocrx_word' id='word_1_78' title='bbox 1250 840 1313 890; x_wconf 78' lang='grc' dir='ltr'>εἷς</span> <span class='ocrx_word' id='word_1_79' title='bbox 1358 834 1501 887; x_wconf 79' lang='grc' dir='ltr'>αὐτὸν</span> <span class='ocrx_word' id='word_1_80' title='bbox 1537 835 1728 901; x_wconf 83' lang='grc' dir='ltr'>ἀγάπης</span> 
     </span>
     <span class='ocr_line' id='line_1_10' title="bbox 135 916 1728 988; baseline 0.001 -21"><span class='ocrx_word' id='word_1_81' title='bbox 135 919 479 980; x_wconf 80' lang='grc' dir='ltr'>καταθεώμενοι</span> <span class='ocrx_word' id='word_1_82' title='bbox 518 918 682 986; x_wconf 83' lang='grc' dir='ltr'>φύσιν,</span> <span class='ocrx_word' id='word_1_83' title='bbox 721 917 785 983; x_wconf 85' lang='grc' dir='ltr'>μὴ</span> <span class='ocrx_word' id='word_1_84' title='bbox 825 917 1078 986; x_wconf 84' lang='grc' dir='ltr'>ἀσχάλετε,</span> <span class='ocrx_word' id='word_1_85' title='bbox 1119 921 1283 988; x_wconf 73' lang='grc' dir='ltr'>φησὶν,</span> <span class='ocrx_word' id='word_1_86' title='bbox 1324 918 1394 969; x_wconf 80' lang='grc' dir='ltr'>ὅτι</span> <span class='ocrx_word' id='word_1_87' title='bbox 1431 916 1496 982; x_wconf 86' lang='grc' dir='ltr'>μὴ</span> <span class='ocrx_word' id='word_1_88' title='bbox 1535 923 1728 981; x_wconf 82' lang='grc' dir='ltr'>μᾶλλον</span> 
     </span>
    </p>
   </div>
   <div class='ocr_carea' id='block_1_5' title="bbox 67 999 1768 1070">
    <p class='ocr_par' dir='ltr' id='par_1_5' title="bbox 67 999 1768 1070">
     <span class='ocr_line' id='line_1_11' title="bbox 67 999 1768 1070; baseline 0.002 -23"><span class='ocrx_word' id='word_1_89' title='bbox 67 1022 114 1047; x_wconf 91' lang='lat'>10</span> <span class='ocrx_word' id='word_1_90' title='bbox 134 1001 233 1062; x_wconf 74' lang='grc' dir='ltr'>ἐμοὶ</span> <span class='ocrx_word' id='word_1_91' title='bbox 272 1000 449 1067; x_wconf 77' lang='grc' dir='ltr'>πρέπει,</span> <span class='ocrx_word' id='word_1_92' title='bbox 483 1001 767 1068; x_wconf 78' lang='grc' dir='ltr'>προστρέχει</span> <span class='ocrx_word' id='word_1_93' title='bbox 807 1000 856 1051; x_wconf 79' lang='grc' dir='ltr'>δὲ</span> <span class='ocrx_word' id='word_1_94' title='bbox 896 1001 1005 1051; x_wconf 84' lang='grc' dir='ltr'>λίαν</span> <span class='ocrx_word' id='word_1_95' title='bbox 1040 1002 1241 1055; x_wconf 77' lang='grc' dir='ltr'>εὐπετῶς</span> <span class='ocrx_word' id='word_1_96' title='bbox 1280 1004 1346 1070; x_wconf 75' lang='grc' dir='ltr'>τῷ</span> <span class='ocrx_word' id='word_1_97' title='bbox 1385 999 1505 1052; x_wconf 82' lang='grc' dir='ltr'>κατὰ</span> <span class='ocrx_word' id='word_1_98' title='bbox 1543 1006 1768 1064; x_wconf 71' lang='grc' dir='ltr'>πνεῦμαθ</span> 
     </span>
    </p>
   </div>
   <div class='ocr_carea' id='block_1_6' title="bbox 68 1081 1730 1644">
    <p class='ocr_par' dir='ltr' id='par_1_6' title="bbox 68 1081 1730 1644">
     <span class='ocr_line' id='line_1_12' title="bbox 135 1081 1724 1151; baseline 0.002 -20"><span class='ocrx_word' id='word_1_99' title='bbox 135 1083 335 1151; x_wconf 78' lang='grc' dir='ltr'>νυμφίῳ·</span> <span class='ocrx_word' id='word_1_100' title='bbox 377 1088 516 1134; x_wconf 86' lang='grc' dir='ltr'>τοῦτο</span> <span class='ocrx_word' id='word_1_101' title='bbox 541 1082 633 1149; x_wconf 78' lang='grc' dir='ltr'>γὰρ</span> <span class='ocrx_word' id='word_1_102' title='bbox 661 1081 718 1147; x_wconf 85' lang='grc' dir='ltr'>ἧν</span> <span class='ocrx_word' id='word_1_103' title='bbox 744 1083 890 1137; x_wconf 81' lang='grc' dir='ltr'>ὅντως</span> <span class='ocrx_word' id='word_1_104' title='bbox 925 1082 1103 1134; x_wconf 85' lang='grc' dir='ltr'>δίκαιόν</span> <span class='ocrx_word' id='word_1_105' title='bbox 1126 1107 1177 1134; x_wconf 90' lang='grc' dir='ltr'>τε</span> <span class='ocrx_word' id='word_1_106' title='bbox 1211 1085 1286 1134; x_wconf 78' lang='grc' dir='ltr'>καὶ</span> <span class='ocrx_word' id='word_1_107' title='bbox 1315 1082 1724 1149; x_wconf 80' lang='grc' dir='ltr'>πρεπωδέστερον.</span> 
     </span>
     <span class='ocr_line' id='line_1_13' title="bbox 135 1163 1730 1234; baseline 0.001 -20"><span class='ocrx_word' id='word_1_108' title='bbox 135 1165 159 1214; x_wconf 84' lang='grc' dir='ltr'>ὁ</span> <span class='ocrx_word' id='word_1_109' title='bbox 198 1163 292 1230; x_wconf 78' lang='grc' dir='ltr'>γὰρ</span> <span class='ocrx_word' id='word_1_110' title='bbox 333 1165 441 1228; x_wconf 75' lang='grc' dir='ltr'>ἔχων</span> <span class='ocrx_word' id='word_1_111' title='bbox 479 1164 549 1225; x_wconf 66' lang='grc' dir='ltr'>τῆν</span> <span class='ocrx_word' id='word_1_112' title='bbox 589 1165 754 1234; x_wconf 76' lang='grc' dir='ltr'>νύμφην</span> <span class='ocrx_word' id='word_1_113' title='bbox 795 1166 979 1234; x_wconf 71' lang='grc' dir='ltr'>νυμφίος</span> <span class='ocrx_word' id='word_1_114' title='bbox 1019 1167 1127 1217; x_wconf 66' lang='grc' dir='ltr'>ἐστι’·</span> <span class='ocrx_word' id='word_1_115' title='bbox 1175 1165 1406 1227; x_wconf 88' lang='grc' dir='ltr'>τουτέστι,</span> <span class='ocrx_word' id='word_1_116' title='bbox 1439 1164 1505 1229; x_wconf 86' lang='grc' dir='ltr'>μὴ</span> <span class='ocrx_word' id='word_1_117' title='bbox 1545 1166 1593 1216; x_wconf 83' lang='grc' dir='ltr'>ἐν</span> <span class='ocrx_word' id='word_1_118' title='bbox 1627 1165 1730 1228; x_wconf 75' lang='grc' dir='ltr'>ἐμοὶ</span> 
     </span>
     <span class='ocr_line' id='line_1_14' title="bbox 134 1246 1729 1317; baseline 0.001 -20"><span class='ocrx_word' id='word_1_119' title='bbox 134 1246 306 1313; x_wconf 73' lang='grc' dir='ltr'>ζητεῖτε</span> <span class='ocrx_word' id='word_1_120' title='bbox 331 1253 414 1298; x_wconf 87' lang='grc' dir='ltr'>τοῦ</span> <span class='ocrx_word' id='word_1_121' title='bbox 439 1249 642 1317; x_wconf 84' lang='grc' dir='ltr'>νυμφίου</span> <span class='ocrx_word' id='word_1_122' title='bbox 668 1248 751 1299; x_wconf 82' lang='grc' dir='ltr'>τὸν</span> <span class='ocrx_word' id='word_1_123' title='bbox 777 1248 1039 1317; x_wconf 87' lang='grc' dir='ltr'>στέφανον,</span> <span class='ocrx_word' id='word_1_124' title='bbox 1071 1249 1152 1299; x_wconf 77' lang='grc' dir='ltr'>οὐκ</span> <span class='ocrx_word' id='word_1_125' title='bbox 1178 1250 1280 1312; x_wconf 83' lang='grc' dir='ltr'>ἐμοὶ</span> <span class='ocrx_word' id='word_1_126' title='bbox 1309 1247 1489 1316; x_wconf 82' lang='grc' dir='ltr'>χορεύει</span> <span class='ocrx_word' id='word_1_127' title='bbox 1521 1247 1678 1312; x_wconf 86' lang='grc' dir='ltr'>λέγων</span> <span class='ocrx_word' id='word_1_128' title='bbox 1704 1247 1729 1298; x_wconf 82' lang='grc' dir='ltr'><strong>ὁ</strong></span> 
     </span>
     <span class='ocr_line' id='line_1_15' title="bbox 134 1328 1728 1398; baseline 0.001 -19"><span class='ocrx_word' id='word_1_129' title='bbox 134 1329 346 1398; x_wconf 76' lang='grc' dir='ltr'>μελῳδός</span> <span class='ocrx_word' id='word_1_130' title='bbox 373 1337 400 1359; x_wconf 83' lang='grc'>“</span> <span class='ocrx_word' id='word_1_131' title='bbox 418 1328 679 1394; x_wconf 81' lang='grc' dir='ltr'>”Ακουσον,</span> <span class='ocrx_word' id='word_1_132' title='bbox 707 1328 926 1397; x_wconf 78' lang='grc' dir='ltr'>θύγατερ,</span> <span class='ocrx_word' id='word_1_133' title='bbox 953 1332 1027 1381; x_wconf 80' lang='grc' dir='ltr'>καὶ</span> <span class='ocrx_word' id='word_1_134' title='bbox 1053 1330 1119 1381; x_wconf 79' lang='grc' dir='ltr'>ἴδε</span> <span class='ocrx_word' id='word_1_135' title='bbox 1147 1334 1222 1381; x_wconf 79' lang='grc' dir='ltr'>καὶ</span> <span class='ocrx_word' id='word_1_136' title='bbox 1250 1335 1412 1381; x_wconf 83' lang='grc' dir='ltr'>κλῖνον</span> <span class='ocrx_word' id='word_1_137' title='bbox 1437 1330 1491 1381; x_wconf 86' lang='grc' dir='ltr'>τὸ</span> <span class='ocrx_word' id='word_1_138' title='bbox 1519 1330 1596 1383; x_wconf 77' lang='grc' dir='ltr'>οὖς</span> <span class='ocrx_word' id='word_1_139' title='bbox 1622 1352 1728 1393; x_wconf 90' lang='grc' dir='ltr'>σου,</span> 
     </span>
     <span class='ocr_line' id='line_1_16' title="bbox 68 1410 1727 1478; baseline -0.001 -14"><span class='ocrx_word' id='word_1_140' title='bbox 68 1427 113 1464; x_wconf 88' lang='lat'>15</span> <span class='ocrx_word' id='word_1_141' title='bbox 137 1417 164 1440; x_wconf 80' lang='lat'>“</span> <span class='ocrx_word' id='word_1_142' title='bbox 191 1412 264 1461; x_wconf 74' lang='grc' dir='ltr'>καὶ</span> <span class='ocrx_word' id='word_1_143' title='bbox 291 1412 520 1464; x_wconf 77' lang='grc' dir='ltr'>ἐπιλάθου</span> <span class='ocrx_word' id='word_1_144' title='bbox 547 1418 629 1463; x_wconf 85' lang='grc' dir='ltr'>τοῦ</span> <span class='ocrx_word' id='word_1_145' title='bbox 653 1419 773 1463; x_wconf 86' lang='grc' dir='ltr'>λαοῦ</span> <span class='ocrx_word' id='word_1_146' title='bbox 800 1435 891 1463; x_wconf 91' lang='grc' dir='ltr'>σου</span> <span class='ocrx_word' id='word_1_147' title='bbox 920 1414 994 1463; x_wconf 78' lang='grc' dir='ltr'>καὶ</span> <span class='ocrx_word' id='word_1_148' title='bbox 1021 1417 1104 1463; x_wconf 84' lang='grc' dir='ltr'>τοῦ</span> <span class='ocrx_word' id='word_1_149' title='bbox 1131 1412 1260 1463; x_wconf 78' lang='grc' dir='ltr'>οἴκου</span> <span class='ocrx_word' id='word_1_150' title='bbox 1295 1419 1378 1463; x_wconf 85' lang='grc' dir='ltr'>τοῦ</span> <span class='ocrx_word' id='word_1_151' title='bbox 1410 1410 1590 1478; x_wconf 87' lang='grc' dir='ltr'>πατρός</span> <span class='ocrx_word' id='word_1_152' title='bbox 1622 1435 1727 1475; x_wconf 84' lang='grc' dir='ltr'>σου,</span> 
     </span>
     <span class='ocr_line' id='line_1_17' title="bbox 136 1492 1728 1559; baseline 0.001 -16"><span class='ocrx_word' id='word_1_153' title='bbox 136 1499 163 1521; x_wconf 84' lang='grc'><strong>“</strong></span> <span class='ocrx_word' id='word_1_154' title='bbox 190 1492 260 1544; x_wconf 83' lang='grc' dir='ltr'>ὅτι</span> <span class='ocrx_word' id='word_1_155' title='bbox 296 1494 592 1559; x_wconf 81' lang='grc' dir='ltr'>ἐπεθύμησεν</span> <span class='ocrx_word' id='word_1_156' title='bbox 623 1496 647 1546; x_wconf 87' lang='grc' dir='ltr'>ὁ</span> <span class='ocrx_word' id='word_1_157' title='bbox 682 1493 915 1556; x_wconf 78' lang='grc' dir='ltr'>βασιλεὺς</span> <span class='ocrx_word' id='word_1_158' title='bbox 952 1500 1034 1545; x_wconf 85' lang='grc' dir='ltr'>τοῦ</span> <span class='ocrx_word' id='word_1_159' title='bbox 1073 1494 1282 1548; x_wconf 83' lang='grc' dir='ltr'>κάλλους</span> <span class='ocrx_word' id='word_1_160' title='bbox 1321 1495 1460 1545; x_wconf 90' lang='grc' dir='ltr'>σου·”</span> <span class='ocrx_word' id='word_1_161' title='bbox 1510 1494 1613 1545; x_wconf 79' lang='grc' dir='ltr'>οὐδὲ</span> <span class='ocrx_word' id='word_1_162' title='bbox 1644 1493 1728 1545; x_wconf 81' lang='grc' dir='ltr'>τὸν</span> 
     </span>
     <span class='ocr_line' id='line_1_18' title="bbox 147 1573 1690 1595; baseline 0 -5"><span class='ocrx_word' id='word_1_163' title='bbox 147 1576 156 1590; x_wconf 67' lang='grc' dir='ltr'>ς</span> <span class='ocrx_word' id='word_1_164' title='bbox 196 1573 209 1589; x_wconf 69' lang='lat' dir='ltr'>x</span> <span class='ocrx_word' id='word_1_165' title='bbox 387 1581 408 1591; x_wconf 56' lang='grc' dir='ltr'>Α</span> <span class='ocrx_word' id='word_1_166' title='bbox 553 1577 565 1591; x_wconf 66' lang='grc' dir='ltr'>κ</span> <span class='ocrx_word' id='word_1_167' title='bbox 758 1577 767 1591; x_wconf 68' lang='lat' dir='ltr'>e</span> <span class='ocrx_word' id='word_1_168' title='bbox 843 1577 854 1592; x_wconf 71' lang='grc' dir='ltr'><em>ι</em></span> <span class='ocrx_word' id='word_1_169' title='bbox 1107 1578 1117 1592; x_wconf 68' lang='lat'><em>1</em></span> <span class='ocrx_word' id='word_1_170' title='bbox 1205 1577 1215 1592; x_wconf 72' lang='lat'>9</span> <span class='ocrx_word' id='word_1_171' title='bbox 1324 1575 1337 1590; x_wconf 77' lang='lat' dir='ltr'><em>l</em></span> <span class='ocrx_word' id='word_1_172' title='bbox 1492 1576 1502 1591; x_wconf 78' lang='lat' dir='ltr'><em>t</em></span> <span class='ocrx_word' id='word_1_173' title='bbox 1673 1575 1690 1595; x_wconf 55' lang='lat' dir='ltr'>„x</span> 
     </span>
     <span class='ocr_line' id='line_1_19' title="bbox 135 1576 1726 1644; baseline 0 -18"><span class='ocrx_word' id='word_1_174' title='bbox 135 1598 246 1638; x_wconf 84' lang='grc' dir='ltr'>εμον</span> <span class='ocrx_word' id='word_1_175' title='bbox 271 1576 478 1642; x_wconf 76' lang='grc' dir='ltr'>ζητουσα</span> <span class='ocrx_word' id='word_1_176' title='bbox 504 1581 723 1640; x_wconf 87' lang='grc' dir='ltr'>θαλαμον</span> <span class='ocrx_word' id='word_1_177' title='bbox 743 1601 770 1641; x_wconf 91' lang='grc' dir='ltr'>η</span> <span class='ocrx_word' id='word_1_178' title='bbox 799 1583 960 1644; x_wconf 90' lang='grc' dir='ltr'>νυμφη</span> <span class='ocrx_word' id='word_1_179' title='bbox 987 1582 1140 1644; x_wconf 91' lang='grc' dir='ltr'>φησιν</span> <span class='ocrx_word' id='word_1_180' title='bbox 1161 1584 1188 1606; x_wconf 84' lang='grc'><strong>“</strong></span> <span class='ocrx_word' id='word_1_181' title='bbox 1222 1580 1533 1642; x_wconf 87' lang='grc' dir='ltr'>Απαγγειλον</span> <span class='ocrx_word' id='word_1_182' title='bbox 1558 1600 1650 1640; x_wconf 82' lang='grc' dir='ltr'>μοι,</span> <span class='ocrx_word' id='word_1_183' title='bbox 1671 1599 1726 1628; x_wconf 90' lang='grc' dir='ltr'>ον</span> 
     </span>
    </p>
   </div>
   <div class='ocr_carea' id='block_1_7' title="bbox 1793 1342 1940 1422">
    <p class='ocr_par' dir='ltr' id='par_1_7' title="bbox 1793 1342 1940 1422">
     <span class='ocr_line' id='line_1_20' title="bbox 1793 1342 1940 1375; baseline -0.007 -2"><span class='ocrx_word' id='word_1_184' title='bbox 1793 1342 1847 1373; x_wconf 83' lang='lat' dir='ltr'>Ps.</span> <span class='ocrx_word' id='word_1_185' title='bbox 1863 1342 1940 1375; x_wconf 86' lang='lat' dir='ltr'>xliv.</span> 
     </span>
     <span class='ocr_line' id='line_1_21' title="bbox 1796 1394 1910 1422; baseline 0 -6"><span class='ocrx_word' id='word_1_186' title='bbox 1796 1394 1808 1416; x_wconf 91' lang='lat'>1</span> <span class='ocrx_word' id='word_1_187' title='bbox 1817 1395 1844 1422; x_wconf 83' lang='lat'>1,</span> <span class='ocrx_word' id='word_1_188' title='bbox 1861 1395 1872 1416; x_wconf 91' lang='lat'>1</span> <span class='ocrx_word' id='word_1_189' title='bbox 1882 1396 1910 1416; x_wconf 82' lang='lat'>2.</span> 
     </span>
    </p>
   </div>
   <div class='ocr_carea' id='block_1_8' title="bbox 1791 1594 1955 1635">
    <p class='ocr_par' dir='ltr' id='par_1_8' title="bbox 1791 1594 1955 1635">
     <span class='ocr_line' id='line_1_22' title="bbox 1791 1594 1955 1635; baseline -0.012 -9"><span class='ocrx_word' id='word_1_190' title='bbox 1791 1594 1916 1626; x_wconf 81' lang='lat' dir='ltr'><strong>Cant.i.</strong></span> <span class='ocrx_word' id='word_1_191' title='bbox 1927 1602 1955 1635; x_wconf 88' lang='lat'>7.</span> 
     </span>
    </p>
   </div>
   <div class='ocr_carea' id='block_1_9' title="bbox 133 1657 1953 1728">
    <p class='ocr_par' dir='ltr' id='par_1_9' title="bbox 133 1657 1953 1728">
     <span class='ocr_line' id='line_1_23' title="bbox 133 1657 1953 1728; baseline 0 -20"><span class='ocrx_word' id='word_1_192' title='bbox 133 1664 160 1686; x_wconf 83' lang='grc'><strong>“</strong></span> <span class='ocrx_word' id='word_1_193' title='bbox 186 1658 496 1723; x_wconf 85' lang='grc' dir='ltr'>ἠγάπησενὴ</span> <span class='ocrx_word' id='word_1_194' title='bbox 534 1657 672 1728; x_wconf 79' lang='grc' dir='ltr'>ψυχή</span> <span class='ocrx_word' id='word_1_195' title='bbox 710 1683 815 1722; x_wconf 88' lang='grc' dir='ltr'>μου,</span> <span class='ocrx_word' id='word_1_196' title='bbox 850 1665 943 1711; x_wconf 79' lang='grc' dir='ltr'>ποῦ</span> <span class='ocrx_word' id='word_1_197' title='bbox 981 1660 1252 1721; x_wconf 86' lang='grc' dir='ltr'>ποιμαίνεις,</span> <span class='ocrx_word' id='word_1_198' title='bbox 1284 1665 1378 1711; x_wconf 86' lang='grc' dir='ltr'>ποῦ</span> <span class='ocrx_word' id='word_1_199' title='bbox 1418 1658 1639 1725; x_wconf 74' lang='grc' dir='ltr'>κοιτάζεις</span> <span class='ocrx_word' id='word_1_200' title='bbox 1677 1660 1763 1709; x_wconf 73' lang='grc' dir='ltr'>ε’νει</span> <span class='ocrx_word' id='word_1_201' title='bbox 1801 1674 1884 1708; x_wconf 88' lang='lat'>160</span> <span class='ocrx_word' id='word_1_202' title='bbox 1901 1673 1953 1708; x_wconf 90' lang='lat' dir='ltr'>A.</span> 
     </span>
    </p>
   </div>
   <div class='ocr_carea' id='block_1_10' title="bbox 66 1740 1728 2304">
    <p class='ocr_par' dir='ltr' id='par_1_10' title="bbox 66 1740 1728 1974">
     <span class='ocr_line' id='line_1_24' title="bbox 133 1740 1723 1811; baseline 0.001 -21"><span class='ocrx_word' id='word_1_203' title='bbox 133 1748 161 1768; x_wconf 91' lang='lat'><strong>“</strong></span> <span class='ocrx_word' id='word_1_204' title='bbox 189 1742 513 1810; x_wconf 77' lang='grc' dir='ltr'>μεσημβριά·”</span> <span class='ocrx_word' id='word_1_205' title='bbox 554 1742 646 1809; x_wconf 75' lang='grc' dir='ltr'>ε”χει</span> <span class='ocrx_word' id='word_1_206' title='bbox 673 1741 755 1792; x_wconf 82' lang='grc' dir='ltr'>τὸν</span> <span class='ocrx_word' id='word_1_207' title='bbox 781 1742 838 1811; x_wconf 75' lang='grc' dir='ltr'>ἐξ</span> <span class='ocrx_word' id='word_1_208' title='bbox 861 1743 1060 1807; x_wconf 81' lang='grc' dir='ltr'>οὐρανοῦ</span> <span class='ocrx_word' id='word_1_209' title='bbox 1091 1742 1311 1809; x_wconf 76' lang='grc' dir='ltr'>νυμφίον·</span> <span class='ocrx_word' id='word_1_210' title='bbox 1355 1740 1447 1808; x_wconf 79' lang='grc' dir='ltr'>ἐγὼ</span> <span class='ocrx_word' id='word_1_211' title='bbox 1483 1741 1531 1792; x_wconf 80' lang='grc' dir='ltr'>δὲ</span> <span class='ocrx_word' id='word_1_212' title='bbox 1566 1740 1723 1805; x_wconf 84' lang='grc' dir='ltr'>ἡσθή-</span> 
     </span>
     <span class='ocr_line' id='line_1_25' title="bbox 66 1822 1728 1894; baseline 0.001 -21"><span class='ocrx_word' id='word_1_213' title='bbox 66 1842 114 1867; x_wconf 88' lang='lat'>20</span> <span class='ocrx_word' id='word_1_214' title='bbox 133 1845 279 1886; x_wconf 90' lang='grc' dir='ltr'>σομαι</span> <span class='ocrx_word' id='word_1_215' title='bbox 319 1826 393 1874; x_wconf 76' lang='grc' dir='ltr'>καὶ</span> <span class='ocrx_word' id='word_1_216' title='bbox 433 1822 518 1887; x_wconf 88' lang='grc' dir='ltr'>τὴν</span> <span class='ocrx_word' id='word_1_217' title='bbox 550 1824 707 1894; x_wconf 75' lang='grc' dir='ltr'>δούλῳ</span> <span class='ocrx_word' id='word_1_218' title='bbox 739 1825 1018 1891; x_wconf 82' lang='grc' dir='ltr'>πρέπουσαν</span> <span class='ocrx_word' id='word_1_219' title='bbox 1045 1823 1359 1889; x_wconf 81' lang='grc' dir='ltr'>ἀναπηδήσας</span> <span class='ocrx_word' id='word_1_220' title='bbox 1393 1823 1546 1889; x_wconf 86' lang='grc' dir='ltr'>τιμὴν,</span> <span class='ocrx_word' id='word_1_221' title='bbox 1579 1826 1628 1875; x_wconf 87' lang='grc' dir='ltr'>ἐν</span> <span class='ocrx_word' id='word_1_222' title='bbox 1660 1826 1728 1893; x_wconf 72' lang='grc' dir='ltr'>τῷ</span> 
     </span>
     <span class='ocr_line' id='line_1_26' title="bbox 132 1905 1088 1974; baseline 0.002 -18"><span class='ocrx_word' id='word_1_223' title='bbox 132 1908 215 1969; x_wconf 87' lang='grc' dir='ltr'>τῆς</span> <span class='ocrx_word' id='word_1_224' title='bbox 242 1907 404 1974; x_wconf 85' lang='grc' dir='ltr'>φιλίας</span> <span class='ocrx_word' id='word_1_225' title='bbox 432 1905 630 1970; x_wconf 84' lang='grc' dir='ltr'>ὀνόματί</span> <span class='ocrx_word' id='word_1_226' title='bbox 651 1930 700 1957; x_wconf 92' lang='grc' dir='ltr'>τε</span> <span class='ocrx_word' id='word_1_227' title='bbox 729 1909 803 1957; x_wconf 79' lang='grc' dir='ltr'>καὶ</span> <span class='ocrx_word' id='word_1_228' title='bbox 829 1905 1088 1974; x_wconf 77' lang='grc' dir='ltr'>πράγματι.</span> 
     </span>
    </p>

    <p class='ocr_par' dir='ltr' id='par_1_11' title="bbox 130 1987 1728 2224">
     <span class='ocr_line' id='line_1_27' title="bbox 207 1987 1727 2055; baseline 0 -17"><span class='ocrx_word' id='word_1_229' title='bbox 207 1988 310 2052; x_wconf 89' lang='grc' dir='ltr'>Τὴν</span> <span class='ocrx_word' id='word_1_230' title='bbox 353 1987 437 2052; x_wconf 76' lang='grc' dir='ltr'>μὲν</span> <span class='ocrx_word' id='word_1_231' title='bbox 482 1989 564 2039; x_wconf 76' lang='grc' dir='ltr'>οὖν</span> <span class='ocrx_word' id='word_1_232' title='bbox 609 1993 702 2040; x_wconf 84' lang='grc' dir='ltr'>τῶν</span> <span class='ocrx_word' id='word_1_233' title='bbox 747 1990 1064 2055; x_wconf 79' lang='grc' dir='ltr'>προκειμένων</span> <span class='ocrx_word' id='word_1_234' title='bbox 1110 1989 1331 2052; x_wconf 81' lang='grc' dir='ltr'>διάνοιαν,</span> <span class='ocrx_word' id='word_1_235' title='bbox 1374 1987 1501 2053; x_wconf 74' lang='grc' dir='ltr'>οἶμαι</span> <span class='ocrx_word' id='word_1_236' title='bbox 1549 1987 1606 2053; x_wconf 84' lang='grc' dir='ltr'>δὴ</span> <span class='ocrx_word' id='word_1_237' title='bbox 1652 1989 1727 2038; x_wconf 75' lang='grc' dir='ltr'>καὶ</span> 
     </span>
     <span class='ocr_line' id='line_1_28' title="bbox 130 2069 1728 2138; baseline 0 -18"><span class='ocrx_word' id='word_1_238' title='bbox 130 2069 264 2133; x_wconf 88' lang='grc' dir='ltr'>μάλα</span> <span class='ocrx_word' id='word_1_239' title='bbox 306 2070 691 2138; x_wconf 86' lang='grc' dir='ltr'>διερμηνεύεσθαι</span> <span class='ocrx_word' id='word_1_240' title='bbox 735 2076 910 2125; x_wconf 84' lang='grc' dir='ltr'>καλῶς·</span> <span class='ocrx_word' id='word_1_241' title='bbox 970 2072 1236 2137; x_wconf 86' lang='grc' dir='ltr'>ἀρκούντως</span> <span class='ocrx_word' id='word_1_242' title='bbox 1278 2071 1326 2122; x_wconf 78' lang='grc' dir='ltr'>δὲ</span> <span class='ocrx_word' id='word_1_243' title='bbox 1367 2072 1456 2137; x_wconf 72' lang='grc' dir='ltr'>ἤδη</span> <span class='ocrx_word' id='word_1_244' title='bbox 1497 2071 1603 2136; x_wconf 78' lang='grc' dir='ltr'>περὶ</span> <span class='ocrx_word' id='word_1_245' title='bbox 1644 2075 1728 2121; x_wconf 85' lang='grc' dir='ltr'>τοῦ</span> 
     </span>
     <span class='ocr_line' id='line_1_29' title="bbox 131 2153 1728 2224; baseline 0.001 -22"><span class='ocrx_word' id='word_1_246' title='bbox 131 2159 445 2216; x_wconf 83' lang='grc' dir='ltr'>πνευματικοῦ</span> <span class='ocrx_word' id='word_1_247' title='bbox 485 2153 739 2222; x_wconf 82' lang='grc' dir='ltr'>διειληφὼς</span> <span class='ocrx_word' id='word_1_248' title='bbox 777 2153 948 2220; x_wconf 84' lang='grc' dir='ltr'>γάμου,</span> <span class='ocrx_word' id='word_1_249' title='bbox 987 2154 1041 2206; x_wconf 87' lang='grc' dir='ltr'>τὸ</span> <span class='ocrx_word' id='word_1_250' title='bbox 1080 2155 1284 2224; x_wconf 85' lang='grc' dir='ltr'>γράφειν</span> <span class='ocrx_word' id='word_1_251' title='bbox 1323 2154 1387 2205; x_wconf 71' lang='grc' dir='ltr'>ε”τι</span> <span class='ocrx_word' id='word_1_252' title='bbox 1431 2155 1537 2220; x_wconf 79' lang='grc' dir='ltr'>περὶ</span> <span class='ocrx_word' id='word_1_253' title='bbox 1584 2153 1728 2204; x_wconf 77' lang='grc' dir='ltr'>αὐτοῦ</span> 
     </span>
    </p>

    <p class='ocr_par' dir='ltr' id='par_1_12' title="bbox 66 2235 637 2304">
     <span class='ocr_line' id='line_1_30' title="bbox 66 2235 637 2304; baseline -0.002 -16"><span class='ocrx_word' id='word_1_254' title='bbox 66 2251 114 2288; x_wconf 88' lang='grc'>25</span> <span class='ocrx_word' id='word_1_255' title='bbox 133 2235 359 2304; x_wconf 86' lang='grc' dir='ltr'>φορτικὸν</span> <span class='ocrx_word' id='word_1_256' title='bbox 384 2236 637 2302; x_wconf 80' lang='grc' dir='ltr'>ἡγούμεθα.</span> 
     </span>
    </p>
   </div>
   <div class='ocr_carea' id='block_1_11' title="bbox 385 2423 1469 2477">
    <p class='ocr_par' dir='ltr' id='par_1_13' title="bbox 385 2423 1469 2477">
     <span class='ocr_line' id='line_1_31' title="bbox 385 2423 1469 2477; baseline 0.001 -12"><span class='ocrx_word' id='word_1_257' title='bbox 385 2423 581 2467; x_wconf 82' lang='grc' dir='ltr'>Ἐκεῖνον</span> <span class='ocrx_word' id='word_1_258' title='bbox 621 2423 683 2466; x_wconf 75' lang='grc' dir='ltr'>δεῖ</span> <span class='ocrx_word' id='word_1_259' title='bbox 722 2426 937 2477; x_wconf 73' lang='grc' dir='ltr'>αὐξάνειν,</span> <span class='ocrx_word' id='word_1_260' title='bbox 974 2427 1049 2475; x_wconf 81' lang='grc' dir='ltr'>ἐμὲ</span> <span class='ocrx_word' id='word_1_261' title='bbox 1088 2426 1133 2468; x_wconf 74' lang='grc' dir='ltr'>δὲ</span> <span class='ocrx_word' id='word_1_262' title='bbox 1172 2426 1469 2467; x_wconf 74' lang='grc' dir='ltr'>ἐλαττοῦσθαι.</span> 
     </span>
    </p>
   </div>
   <div class='ocr_carea' id='block_1_12' title="bbox 136 2538 1729 2693">
    <p class='ocr_par' dir='ltr' id='par_1_14' title="bbox 136 2538 1729 2693">
     <span class='ocr_line' id='line_1_32' title="bbox 207 2538 1725 2609; baseline 0.001 -18"><span class='ocrx_word' id='word_1_263' title='bbox 207 2542 291 2594; x_wconf 69' lang='grc' dir='ltr'>Ὠς</span> <span class='ocrx_word' id='word_1_264' title='bbox 324 2542 398 2592; x_wconf 82' lang='grc' dir='ltr'>ἐπὶ</span> <span class='ocrx_word' id='word_1_265' title='bbox 432 2547 613 2608; x_wconf 81' lang='grc' dir='ltr'>μικροῖς</span> <span class='ocrx_word' id='word_1_266' title='bbox 648 2542 712 2593; x_wconf 77' lang='grc' dir='ltr'>ε”τι</span> <span class='ocrx_word' id='word_1_267' title='bbox 749 2543 1123 2608; x_wconf 73' lang='grc' dir='ltr'>θορυβουμένους</span> <span class='ocrx_word' id='word_1_268' title='bbox 1148 2543 1331 2609; x_wconf 84' lang='grc' dir='ltr'>ἐλέγχει</span> <span class='ocrx_word' id='word_1_269' title='bbox 1357 2539 1466 2594; x_wconf 75' lang='grc' dir='ltr'>τοὺς</span> <span class='ocrx_word' id='word_1_270' title='bbox 1491 2538 1725 2604; x_wconf 81' lang='grc' dir='ltr'>μαθητὰς,</span> 
     </span>
     <span class='ocr_line' id='line_1_33' title="bbox 136 2622 1729 2693; baseline -0.001 -20"><span class='ocrx_word' id='word_1_271' title='bbox 136 2624 213 2673; x_wconf 81' lang='grc' dir='ltr'>καὶ</span> <span class='ocrx_word' id='word_1_272' title='bbox 251 2622 469 2689; x_wconf 86' lang='grc' dir='ltr'>πρόωρον</span> <span class='ocrx_word' id='word_1_273' title='bbox 501 2622 585 2687; x_wconf 75' lang='grc' dir='ltr'>μὲν</span> <span class='ocrx_word' id='word_1_274' title='bbox 617 2625 689 2693; x_wconf 85' lang='grc' dir='ltr'>ἐφ’</span> <span class='ocrx_word' id='word_1_275' title='bbox 726 2623 793 2678; x_wconf 78' lang='grc' dir='ltr'>οἷς</span> <span class='ocrx_word' id='word_1_276' title='bbox 833 2625 1006 2689; x_wconf 83' lang='grc' dir='ltr'>ἥκιστα</span> <span class='ocrx_word' id='word_1_277' title='bbox 1047 2627 1168 2692; x_wconf 70' lang='grc' dir='ltr'>χρῆν</span> <span class='ocrx_word' id='word_1_278' title='bbox 1206 2624 1543 2686; x_wconf 82' lang='grc' dir='ltr'>ὑπομείναντας</span> <span class='ocrx_word' id='word_1_279' title='bbox 1581 2622 1729 2672; x_wconf 84' lang='grc' dir='ltr'>σκάν-</span> 
     </span>
    </p>
   </div>
   <div class='ocr_carea' id='block_1_13' title="bbox 137 2769 1729 2955">
    <p class='ocr_par' dir='ltr' id='par_1_15' title="bbox 137 2769 1728 2955">
     <span class='ocr_line' id='line_1_34' title="bbox 183 2769 1728 2816; baseline 0.001 -15"><span class='ocrx_word' id='word_1_280' title='bbox 183 2780 216 2813; x_wconf 82' lang='grc'><strong>3.</strong></span> <span class='ocrx_word' id='word_1_281' title='bbox 243 2770 261 2802; x_wconf 91' lang='grc' dir='ltr'>ὁ</span> <span class='ocrx_word' id='word_1_282' title='bbox 279 2775 502 2813; x_wconf 76' lang='lat' dir='ltr'><strong>assumptum</strong></span> <span class='ocrx_word' id='word_1_283' title='bbox 521 2782 561 2804; x_wconf 88' lang='lat' dir='ltr'>ex</span> <span class='ocrx_word' id='word_1_284' title='bbox 583 2770 625 2804; x_wconf 89' lang='lat' dir='ltr'>B.</span> <span class='ocrx_word' id='word_1_285' title='bbox 790 2770 822 2804; x_wconf 90' lang='lat'>6.</span> <span class='ocrx_word' id='word_1_286' title='bbox 850 2770 913 2816; x_wconf 85' lang='grc' dir='ltr'>εἷς]</span> <span class='ocrx_word' id='word_1_287' title='bbox 939 2775 972 2811; x_wconf 58' lang='lat' dir='ltr'>-f-</span> <span class='ocrx_word' id='word_1_288' title='bbox 997 2771 1056 2814; x_wconf 84' lang='grc' dir='ltr'>τὴν</span> <span class='ocrx_word' id='word_1_289' title='bbox 1074 2770 1141 2804; x_wconf 85' lang='lat' dir='ltr'>Ed.</span> <span class='ocrx_word' id='word_1_290' title='bbox 1159 2770 1268 2803; x_wconf 78' lang='lat' dir='ltr'>invito</span> <span class='ocrx_word' id='word_1_291' title='bbox 1289 2769 1330 2803; x_wconf 85' lang='lat' dir='ltr'>B.</span> <span class='ocrx_word' id='word_1_292' title='bbox 1496 2781 1529 2813; x_wconf 91' lang='lat'>9.</span> <span class='ocrx_word' id='word_1_293' title='bbox 1555 2769 1728 2814; x_wconf 77' lang='grc' dir='ltr'>ἁσχάλετε</span> 
     </span>
     <span class='ocr_line' id='line_1_35' title="bbox 139 2815 1728 2862; baseline 0 -13"><span class='ocrx_word' id='word_1_294' title='bbox 139 2815 180 2849; x_wconf 90' lang='grc' dir='ltr'>Β.</span> <span class='ocrx_word' id='word_1_295' title='bbox 199 2815 396 2860; x_wconf 80' lang='grc' dir='ltr'>ἀσχάλλετε</span> <span class='ocrx_word' id='word_1_296' title='bbox 415 2815 481 2849; x_wconf 88' lang='lat' dir='ltr'>Ed.</span> <span class='ocrx_word' id='word_1_297' title='bbox 715 2828 767 2851; x_wconf 87' lang='lat'>10.</span> <span class='ocrx_word' id='word_1_298' title='bbox 794 2817 915 2862; x_wconf 85' lang='grc' dir='ltr'>πρέπει</span> <span class='ocrx_word' id='word_1_299' title='bbox 933 2824 1156 2861; x_wconf 79' lang='lat' dir='ltr'><strong>assumptum</strong></span> <span class='ocrx_word' id='word_1_300' title='bbox 1175 2829 1216 2850; x_wconf 80' lang='lat' dir='ltr'>ex</span> <span class='ocrx_word' id='word_1_301' title='bbox 1238 2816 1279 2849; x_wconf 81' lang='grc' dir='ltr'>Β.</span> <span class='ocrx_word' id='word_1_302' title='bbox 1515 2816 1566 2849; x_wconf 85' lang='lat'>18.</span> <span class='ocrx_word' id='word_1_303' title='bbox 1592 2816 1728 2859; x_wconf 83' lang='grc' dir='ltr'>ποιμαί-</span> 
     </span>
     <span class='ocr_line' id='line_1_36' title="bbox 137 2861 1727 2918; baseline 0 -22"><span class='ocrx_word' id='word_1_304' title='bbox 137 2877 203 2898; x_wconf 77' lang='grc' dir='ltr'>νεις</span> <span class='ocrx_word' id='word_1_305' title='bbox 220 2868 254 2896; x_wconf 83' lang='lat' dir='ltr'>et</span> <span class='ocrx_word' id='word_1_306' title='bbox 272 2863 434 2904; x_wconf 80' lang='grc' dir='ltr'>κοιτάζεις</span> <span class='ocrx_word' id='word_1_307' title='bbox 451 2863 541 2896; x_wconf 83' lang='lat' dir='ltr'>inter</span> <span class='ocrx_word' id='word_1_308' title='bbox 557 2875 593 2897; x_wconf 83' lang='lat' dir='ltr'>se</span> <span class='ocrx_word' id='word_1_309' title='bbox 612 2865 809 2908; x_wconf 82' lang='lat' dir='ltr'>transponit</span> <span class='ocrx_word' id='word_1_310' title='bbox 828 2864 894 2898; x_wconf 87' lang='lat' dir='ltr'>Ed.</span> <span class='ocrx_word' id='word_1_311' title='bbox 911 2864 1032 2907; x_wconf 88' lang='lat'>(106)</span> <span class='ocrx_word' id='word_1_312' title='bbox 1026 2864 1135 2897; x_wconf 85' lang='lat' dir='ltr'>mvito</span> <span class='ocrx_word' id='word_1_313' title='bbox 1156 2863 1197 2897; x_wconf 82' lang='lat' dir='ltr'>B.</span> <span class='ocrx_word' id='word_1_314' title='bbox 1219 2862 1448 2918; x_wconf 67' lang='grc' dir='ltr'>[ποιμέναςΞ</span> <span class='ocrx_word' id='word_1_315' title='bbox 1462 2863 1648 2906; x_wconf 82' lang='grc' dir='ltr'>ποιμαίνεις</span> <span class='ocrx_word' id='word_1_316' title='bbox 1667 2862 1709 2896; x_wconf 89' lang='grc' dir='ltr'>Β.</span> <span class='ocrx_word' id='word_1_317' title='bbox 1713 2861 1727 2907; x_wconf 92' lang='grc'>]</span> 
     </span>
     <span class='ocr_line' id='line_1_37' title="bbox 140 2908 1729 2955; baseline 0.001 -13"><span class='ocrx_word' id='word_1_318' title='bbox 140 2920 194 2953; x_wconf 82' lang='grc'><strong>23.</strong></span> <span class='ocrx_word' id='word_1_319' title='bbox 221 2908 500 2952; x_wconf 80' lang='grc' dir='ltr'>διηρμηνεύεσθαι</span> <span class='ocrx_word' id='word_1_320' title='bbox 522 2909 562 2943; x_wconf 91' lang='grc' dir='ltr'>Β.</span> <span class='ocrx_word' id='word_1_321' title='bbox 683 2921 738 2952; x_wconf 85' lang='lat'>24.</span> <span class='ocrx_word' id='word_1_322' title='bbox 765 2912 983 2955; x_wconf 79' lang='grc' dir='ltr'>διειληφότος</span> <span class='ocrx_word' id='word_1_323' title='bbox 1002 2910 1044 2944; x_wconf 89' lang='grc' dir='ltr'>Β.</span> <span class='ocrx_word' id='word_1_324' title='bbox 1166 2921 1206 2943; x_wconf 81' lang='lat'>2·</span> <span class='ocrx_word' id='word_1_325' title='bbox 1189 2934 1221 2953; x_wconf 81' lang='grc'>)</span> <span class='ocrx_word' id='word_1_326' title='bbox 1247 2908 1418 2954; x_wconf 80' lang='grc' dir='ltr'>ἡγούμεθα</span> <span class='ocrx_word' id='word_1_327' title='bbox 1438 2909 1480 2944; x_wconf 87' lang='grc' dir='ltr'>Β.</span> <span class='ocrx_word' id='word_1_328' title='bbox 1498 2908 1642 2954; x_wconf 82' lang='grc' dir='ltr'>ἡγοῦμαι</span> <span class='ocrx_word' id='word_1_329' title='bbox 1662 2908 1729 2945; x_wconf 85' lang='lat' dir='ltr'>Ed.</span> 
     </span>
    </p>
   </div>
   <div class='ocr_carea' id='block_1_14' title="bbox 140 2955 1339 3002">
    <p class='ocr_par' dir='ltr' id='par_1_16' title="bbox 140 2955 1339 3002">
     <span class='ocr_line' id='line_1_38' title="bbox 140 2955 1339 3002; baseline 0 -12"><span class='ocrx_word' id='word_1_330' title='bbox 140 2966 195 3001; x_wconf 83' lang='lat'>27.</span> <span class='ocrx_word' id='word_1_331' title='bbox 222 2957 270 2990; x_wconf 78' lang='grc' dir='ltr'>ἑτι</span> <span class='ocrx_word' id='word_1_332' title='bbox 293 2956 331 2989; x_wconf 97' lang='grc' dir='ltr'>Β.</span> <span class='ocrx_word' id='word_1_333' title='bbox 351 2955 412 2999; x_wconf 84' lang='grc' dir='ltr'>η’δη</span> <span class='ocrx_word' id='word_1_334' title='bbox 433 2955 498 2990; x_wconf 87' lang='lat' dir='ltr'>Ed.</span> <span class='ocrx_word' id='word_1_335' title='bbox 690 2958 744 2991; x_wconf 81' lang='lat'>28.</span> <span class='ocrx_word' id='word_1_336' title='bbox 771 2961 928 3002; x_wconf 85' lang='grc' dir='ltr'>προορῶν</span> <span class='ocrx_word' id='word_1_337' title='bbox 946 2957 988 2992; x_wconf 90' lang='grc' dir='ltr'>Β.</span> <span class='ocrx_word' id='word_1_338' title='bbox 1054 2956 1277 3001; x_wconf 81' lang='grc' dir='ltr'>ὑπομείναντα</span> <span class='ocrx_word' id='word_1_339' title='bbox 1297 2956 1339 2990; x_wconf 88' lang='grc' dir='ltr'>Β.</span> 
     </span>
    </p>
   </div>
   <div class='ocr_carea' id='block_1_15' title="bbox 1788 2076 1895 2114">
    <p class='ocr_par' dir='ltr' id='par_1_17' title="bbox 1788 2076 1895 2114">
     <span class='ocr_line' id='line_1_39' title="bbox 1788 2076 1895 2114; baseline -0.009 -9"><span class='ocrx_word' id='word_1_340' title='bbox 1788 2076 1831 2105; x_wconf 86' lang='lat' dir='ltr'>Su</span> <span class='ocrx_word' id='word_1_341' title='bbox 1835 2084 1895 2114; x_wconf 76' lang='lat' dir='ltr'>pra</span> 
     </span>
    </p>
   </div>
   <div class='ocr_carea' id='block_1_16' title="bbox 1792 2125 1862 2158">
    <p class='ocr_par' dir='ltr' id='par_1_18' title="bbox 1792 2125 1862 2158">
     <span class='ocr_line' id='line_1_40' title="bbox 1792 2125 1862 2158; baseline 0 -10"><span class='ocrx_word' id='word_1_342' title='bbox 1792 2125 1862 2158; x_wconf 82' lang='lat'><strong>137.</strong></span> 
     </span>
    </p>
   </div>
   <div class='ocr_carea' id='block_1_17' title="bbox 1748 2443 1797 2478">
    <p class='ocr_par' dir='ltr' id='par_1_19' title="bbox 1748 2443 1797 2478">
     <span class='ocr_line' id='line_1_41' title="bbox 1748 2443 1797 2478; baseline 0 -11"><span class='ocrx_word' id='word_1_343' title='bbox 1748 2443 1797 2478; x_wconf 80' lang='lat'>30</span> 
     </span>
    </p>
   </div>
  </div>
 </body>
</html>
