2084 3317
130 144 186 185 vi.
205 156 272 196 42.
377 142 451 184 IN
495 143 538 184 S.
572 142 910 184 JOANNEM.
973 141 1097 183 LIB.
1131 142 1210 182 IV.
1273 141 1406 183 CAP.
1440 142 1475 183 Ι.
1638 143 1722 182 503

131 252 392 319 εὑρίσκεται
424 254 612 320 Κύριος,
644 252 704 317 ἢν
733 253 789 318 δὴ
829 255 904 304 καὶ
943 251 1190 316 ἀθετήσειν
1224 252 1438 315 οὐδαμῶς
1477 250 1718 316 ἐπηγγέλ-

130 342 255 397 λετο,
288 335 358 385 ὅτι
397 335 534 399 θήσει
573 334 656 386 τὸν
689 337 738 386 ἐκ
778 340 961 401 καρποῦ
1000 337 1081 398 τῆς
1123 334 1307 402 ὀσφύος
1346 334 1488 383 αὑτοῦ
1528 334 1601 384 ἐπὶ
1640 338 1723 383 τοῦ

130 414 299 482 θρόνου
324 417 480 480 αὑτοῦ,
502 416 624 468 καθὰ
649 417 926 483 γέγραπται·
967 415 1306 484 ἐξελεύσεσθαι
1333 413 1381 466 δὲ
1407 416 1481 465 καὶ
1501 421 1527 443 “
1542 412 1723 480 ῥάβδον
1784 426 1839 456 Es-
1856 427 1899 457 xi·
1920 435 1946 457 1-

131 503 158 527 ‘⁶
185 498 234 548 ἐκ
273 501 355 561 τῆς
394 497 518 565 ῥίζης
543 500 761 549 Ἰεσσαὶ”
789 497 1176 564 προαπήγγελτο.
1229 501 1272 547 οἱ
1307 495 1356 548 δὲ
1389 500 1451 550 εἰς
1483 497 1723 560 τοσαύτην

88 581 333 645 5ἀλογίαν
371 579 665 648 ἐκτρεχόντες
704 581 787 631 οὐκ
826 579 1146 643 αἰσθάνονται,
1187 581 1249 632 ὡς
1290 578 1416 644 ε’ίπερ
1457 580 1615 629 εἰδεῖεν
1653 576 1723 657 τῂν

130 660 249 713 κατὰ
285 660 445 729 σάρκα
482 661 648 732 μητέρα
687 668 769 712 τοῦ
807 661 928 725 μετὰ
965 661 1144 727 σαρκὸς
1183 661 1443 730 ἀφίξεσθαι
1483 682 1762 727 προκεκη-ει
1795 674 1879 709 343
1894 673 1944 708 A.

128 743 372 810 ρυγμένου,
412 743 487 795 διὰ
530 749 667 794 τοῦτο
712 746 880 811 χρῆναι
920 741 976 807 δὴ
1015 743 1204 797 πάντως
1242 745 1446 794 ἀπειθεῖν
1486 742 1722 806 οἰομένων,

130 825 201 876 ὅτι
233 826 556 889 καταβέβηκεν
580 827 630 876 ἐκ
663 830 759 876 τῶν
785 826 1012 891 οὐρανῶν·
1055 828 1092 875 εἰ
1118 825 1211 892 γὰρ
1238 827 1314 876 καὶ
1340 823 1404 888 μὴ
1432 823 1552 875 κατὰ
1578 829 1723 888 σῶμα

129 912 268 958 τοῦτο
306 906 502 973 γεγονὸς
540 907 813 973 εὑρήσομεν,
841 908 951 958 ἀλλ’
980 905 1038 970 ἧν
1070 909 1133 961 ὡς
1166 908 1214 958 ἐν
1246 908 1394 976 οἰκείῳ
1435 911 1531 975 ναῷ
1569 910 1636 976 τῷ
1673 908 1723 957 ἐκ

62 1010 112 1036 10
129 988 360 1055 παρθένου
386 988 574 1053 σώματι
602 988 759 1054 Λόγος
786 989 811 1039 ὁ
837 992 970 1050 θεῖος,
996 990 1175 1039 ἄνωθεν
1202 990 1252 1039 ἐκ
1281 988 1471 1055 Πατρὸς
1505 990 1567 1042 ὡς
1601 988 1723 1052 ἡμᾶς

127 1070 396 1139 ἀφιγμένος,
457 1071 532 1121 καὶ
591 1069 666 1121 διὰ
722 1069 808 1134 τὴν
863 1070 1087 1122 ἁπάντων
1141 1070 1382 1136 σωτηρίαν
1443 1070 1723 1137 σπέρματος
1784 1078 1874 1153 313601’·
1893 1078 1927 1110 fi·

127 1150 354 1218 Ἀβραὰμ
391 1151 775 1221 ἐπιδραξάμενος,
815 1152 890 1203 ἵνα
931 1151 1095 1203 “κατά
1133 1151 1290 1203 πάντα
1329 1157 1425 1205 τοῖς
1463 1152 1720 1221 ἀδελφοῖς”
1785 1146 1903 1205 Ibs17·

130 1235 351 1302 ὁμοιωθῇ,
379 1236 454 1285 καὶ
489 1235 673 1302 καλέσῃ
709 1233 827 1300 πρὸς
865 1233 1103 1285 υἱοθεσίαν
1129 1233 1215 1298 τὴν
1242 1236 1304 1288 ὡς
1338 1232 1457 1300 πρὸς
1486 1232 1613 1285 Θεὸν
1639 1233 1724 1298 τὴν
1741 1238 1768 1279 b

129 1315 380 1382 ἀνθρώπου
419 1315 584 1385 φύσιν,
624 1315 746 1370 Θεὸς
784 1313 882 1379 ἅμα
921 1318 997 1367 καὶ
1035 1316 1283 1383 ἄνθρωπος
1322 1315 1719 1381 ἀναδεδειγμένος.

62 1412 110 1452 15
131 1399 241 1448 ἀλλ’
271 1399 324 1449 οὐ
358 1397 576 1452 συνέντες
610 1397 696 1463 τὴν
722 1397 838 1462 μετὰ
871 1398 1051 1465 σαρκὸς
1087 1398 1352 1462 οἰκονομίαν
1385 1404 1469 1449 τοῦ
1504 1401 1726 1464 Σωτῆρος

129 1480 262 1544 ἡμῶν
287 1481 518 1543 Ἰουδαῖοι,
545 1479 639 1531 ἀπὸ
671 1486 755 1531 τοῦ
790 1479 858 1541 τὴν
883 1480 1049 1550 fan-respon
1083 1480 1335 1547 γινώσκειν
1361 1481 1504 1531 αὐτοῦ
1542 1486 1619 1532 καὶ
1659 1480 1725 1532 τὶν

129 1561 317 1633 πατέρα,
339 1563 487 1613 καίτοι
512 1562 577 1626 μὴ
604 1561 718 1613 ὅντα
743 1561 936 1629 πατέρα,
961 1563 1044 1613 οὐκ
1072 1564 1350 1629 ἐρυθριῶσιν
1375 1561 1722 1630 ἀσχάλλοντες,

129 1642 200 1694 ὅτι
226 1646 490 1708 καταβῆναι
514 1643 648 1709 λέγοι
674 1643 886 1710 Χριστὸς
914 1643 971 1713 ἐξ
994 1644 1206 1709 οὐρανοῦ.

202 1725 366 1779 Τύπος
419 1725 468 1777 δὲ
511 1725 661 1778 πάλιν
705 1726 815 1790 ἡμῖν
859 1726 1091 1794 ὠφελείας
1140 1725 1389 1777 ἀνατέλλει
1442 1727 1529 1777 κάν
1572 1726 1724 1795 τούτῳ

60 1828 111 1855 20
128 1810 330 1871 πολλῆς·
378 1806 692 1872 παιδευόμεθα
724 1806 819 1874 γὰρ
852 1806 928 1858 διὰ
954 1807 1133 1859 τούτων
1159 1810 1208 1859 ἐν
1232 1813 1328 1862 τοῖς
1355 1809 1462 1859 καθ’
1491 1808 1627 1872 ἡμᾶς,
1654 1808 1726 1859 ὅτι

127 1888 321 1954 πολλὴν
348 1889 405 1941 ἂν
429 1890 538 1954 ἡμῖν
563 1890 807 1958 προσοίσῃ
835 1889 1002 1956 ζημίαν
1027 1888 1082 1942 τὸ
1108 1889 1172 1955 μὴ
1198 1895 1391 1955 μᾶλλον
1416 1895 1512 1944 τοῖς
1545 1895 1725 1955 νοητοῖς
1743 1916 1765 1942 ο

127 1975 210 2036 τῆς
235 1973 426 2040 καρδίας
451 1971 636 2037 ὄμμασι
661 1972 748 2037 τὴν
775 1975 976 2024 ἐνοῦσαν
1001 1978 1098 2027 τοῖς
1131 1974 1283 2038 ἁγίοις
1316 1977 1584 2040 περιαθρεῖν
1611 1974 1719 2039 ἀρε-

126 2053 212 2119 τὴν
238 2057 314 2106 καὶ
345 2058 405 2109 εἰς
439 2053 527 2119 τὴν
552 2054 929 2121 ἐγκεκρυμμένην
956 2056 1112 2109 αὐτοῖς
1135 2055 1282 2124 δόξαν
1307 2057 1507 2124 ἀφορᾶν,
1535 2055 1644 2105 ἀλλ’
1675 2056 1725 2105 ἐκ

126 2139 209 2200 τῆς
236 2138 341 2202 περὶ
367 2136 422 2187 τὸ
449 2140 593 2199 σῶμα
618 2137 1019 2203 σμικροπρεπείας
1045 2135 1283 2192 πολλάκις
1310 2136 1495 2190 οὐδενὸς
1522 2137 1570 2187 ἐν
1593 2135 1724 2204 τάξει

59 2235 107 2274 25
127 2218 301 2269 τιθέναι
326 2217 381 2269 τὸ
409 2218 534 2284 μέγα
559 2217 690 2285 παρὰ
717 2222 824 2288 Θεῷ
848 2221 924 2270 καὶ
951 2219 1119 2283 τίμιον.
1179 2220 1301 2271 οὕτω
1327 2220 1433 2285 περὶ
1459 2222 1554 2269 τῶν
1577 2217 1724 2283 ἁγίων

127 2301 176 2350 ἐν
213 2299 482 2368 προφήταις
521 2302 546 2351 ὁ
587 2298 709 2354 Θεός
746 2324 840 2352 που
879 2303 1046 2369 φησὶν,
1083 2303 1145 2354 ὡς
1184 2302 1232 2351 ἐν
1270 2301 1335 2352 ἑνὶ
1375 2299 1494 2352 κατὰ
1531 2298 1724 2350 πάντων

128 2382 364 2436 ἀπλώσας
391 2381 474 2432 τὸν
500 2382 649 2448 λόγον
676 2388 704 2411 “
724 2383 1059 2449 Εὐλογημένος
1087 2383 1112 2433 ὁ
1139 2383 1387 2449 ἅνθρωπος
1419 2380 1468 2436 ὃς
1501 2381 1723 2433 πέποιθεν
1784 2386 1925 2471 {5527-

129 2469 157 2492 “
182 2464 256 2515 ἐπὶ
282 2467 348 2532 τῷ
378 2464 553 2534 Κυρίῳ,
582 2467 656 2515 καὶ
684 2465 818 2516 ἔσται
848 2464 1023 2532 Κύριος
1050 2465 1185 2518 ἐλπὶς
1212 2466 1367 2527 αὐτοῦ,
1395 2465 1470 2515 καὶ
1497 2463 1633 2514 ἔσται
1660 2465 1723 2517 ὡς
1787 2455 1862 2505 1ον-

129 2551 157 2574 “
181 2544 332 2614 ξύλον
371 2546 593 2610 εὐθηνοῦν
631 2547 741 2614 παρ’
785 2548 930 2610 ὕδατι,
970 2549 1046 2598 καὶ
1085 2548 1159 2598 ἐπὶ
1199 2545 1372 2610 ἰκμάδα
1414 2550 1561 2606 βαλεῖ
1593 2545 1769 2612 ῥίζανᾶ

60 2633 157 2684 3ο“
183 2627 340 2689 αὐτοῦ,
367 2628 415 2677 ἐν
451 2628 645 2698 ἐνιαυτῷ
682 2629 913 2697 ἀβροχίας
952 2629 1006 2679 οὐ
1045 2627 1392 2697 φοβηθήσεται,
1417 2629 1493 2678 καὶ
1531 2628 1585 2678 οὐ
1624 2630 1723 2678 δια-

179 2818 210 2841 1.
237 2806 277 2850 δὴ
296 2818 365 2841 om.
387 2806 429 2840 B.
588 2817 621 2851 3.
646 2805 776 2852 ῥάβδον
795 2807 836 2842 Β.
853 2807 982 2852 ῥάβδος
1002 2807 1069 2842 Ed.
1226 2819 1259 2848 4.
1285 2805 1552 2852 προαπὴγγελτο
1573 2805 1618 2839 D.
1637 2819 1721 2849 προ-

128 2855 368 2899 απηγγέλλετο
388 2852 453 2886 Ed.
611 2862 641 2898 7.
669 2853 830 2897 οἰομένων
846 2854 974 2888 habere
994 2854 1040 2888 D.
1059 2858 1208 2887 testatur
1228 2852 1358 2898 Heyse.
1516 2863 1570 2886 10.
1597 2852 1657 2897 ὡς]
1681 2856 1718 2892 -Ι-

127 2902 214 2944 πρὸς
234 2900 300 2934 Ed.
319 2900 429 2934 invito
451 2899 492 2933 B.
640 2911 694 2945 19.
721 2900 877 2935 ἀνατελεῖ
897 2901 937 2934 Β.
1100 2911 1154 2934 20.
1182 2899 1290 2934 πολὺς
1309 2899 1352 2933 Β.
1497 2909 1553 2944 23.
1580 2913 1721 2944 κεκρυμ-

129 2947 230 2991 μένην
249 2947 290 2980 Β.
