2084 3317
338 157 424 197 498
742 157 792 199 B.
825 156 1098 198 CYRILLI
1140 155 1519 198 ALEXANDR.
1698 156 1927 211 v1.38,39.

338 267 627 337 ἐνισταμένῳ
669 265 718 317 δὲ
758 267 907 319 πάλιν
949 268 1024 318 καὶ
1071 270 1353 334 φιλονεικεῖν
1399 266 1469 317 ὅτι
1514 266 1686 332 πρέποι
1730 269 1926 331 διεγνω-

337 347 438 399 κότι
472 348 763 416 μακρότερον
798 349 941 400 ἐκεῖνό
978 353 1101 417 φημι
1137 352 1195 399 Εἰ
1234 348 1564 408 καταβέβηκεν
1596 347 1654 416 ἐξ
1690 351 1874 417 οὐρανῶν
1905 347 1932 397 ὃ

337 428 452 483 Υἱὸς
492 431 545 481 οὐ
583 429 637 481 τὸ
677 434 844 481 οἰκεῖον
883 429 1256 496 ἀποπληρώσων
1295 429 1495 494 θέλημα,
1536 428 1747 495 καθάπερ
1792 426 1932 482 αὐτός

336 515 504 578 φησιν,
531 513 667 563 ἀλλα
702 511 756 563 τὸ
791 514 862 563 τοῧ
899 511 1089 581 Πατρὶς,
1117 513 1198 563 καί
1227 535 1307 562 σοι
1343 514 1425 575 τῆς
1460 513 1627 578 ἀρτίως
1660 511 1770 575 ἡμῖν
1801 515 1928 577 εἰρη-

335 592 474 658 μένης
521 595 596 644 ἐπὶ
640 593 792 663 τούτῳ
838 594 1032 661 θεωρίας
1078 595 1164 661 οὐχ
1215 594 1338 657 ἡδεῖς
1390 597 1432 644 οἱ
1483 592 1622 658 λόγοι
1673 597 1975 661 φανοῦνται5

295 697 317 724 c
336 673 496 743 τυχόν·
553 672 625 741 ἆρ’
668 675 750 725 οὐκ
789 676 1045 742 ἀναγκαῖον
1085 678 1229 726 εἰπεῖν
1268 674 1596 743 ἀντιτετάχθαι
1634 697 1736 728 πως
1774 674 1931 727 αὐτοῖς

335 755 394 807 τὰ
420 755 682 821 θελήματα,
710 759 787 808 καὶ
814 759 1063 824 διωρίσθαι
1089 756 1209 808 κατὰ
1236 757 1291 809 τὸ
1315 758 1524 809 ἐναντίον
1550 756 1637 821 τὴν
1660 755 1926 820 βούλησιν,

335 839 448 888 ἀλλ’
478 838 581 889 ἔστι
609 838 666 903 δὴ
692 843 844 890 πᾶσιν
870 839 1271 906 ὁμολογούμενον.
1327 843 1364 890 εὶ
1398 838 1483 905 μὲν
1508 838 1602 905 γὰρ
1638 837 1692 890 τὸ
1729 839 1932 904 διεῖργον

335 919 480 983 οὐδὲν,
520 921 604 984 μία
644 921 795 985 δήπου
832 920 1021 975 πάντως
1061 924 1108 973 ἐν
1147 923 1326 990 ἀμφοῖν
1364 922 1391 985 ἡ
1432 919 1648 986 θέλησις’
1703 923 1740 971 εἰ
1780 917 1828 969 δὲ
1868 921 1931 972 ὡς

335 1001 498 1069 ἑτέραν
524 1001 630 1054 τινὰ
665 1003 796 1070 παρὰ
833 1003 919 1069 τὴν
954 1009 1036 1055 τοῦ
1073 1003 1265 1070 Πατρὸς
1302 1002 1614 1071 ὑπάρχουσαν
1647 1000 1931 1068 παρελαύνει
1955 1023 2004 1048 10

334 1085 420 1147 μὲν
470 1084 557 1148 τὴν
605 1087 786 1149 ἑαυτοῦ,
832 1092 1014 1153 πληροῖ
1059 1085 1108 1138 δὲ
1160 1087 1352 1150 ἐκείνην,
1405 1090 1507 1138 πῶς
1558 1086 1641 1136 οὐκ
1692 1083 1932 1138 ἀσυνέτως

335 1167 530 1232 ἐροῦμεν
560 1168 673 1231 μιάν
702 1165 831 1231 εἶναι,
866 1170 939 1219 καὶ
980 1169 1067 1237 οὐχ
1106 1169 1266 1235 ἑτέραν
1298 1170 1360 1222 ὡς
1397 1166 1516 1233 πρὸς
1555 1167 1746 1232 ἑτέραν;

400 1246 602 1312 Ἴδωμεν
641 1249 798 1301 τοίνυν
839 1251 887 1301 ἐν
926 1249 1054 1301 τίσιν
1095 1251 1227 1301 ἐστὶν
1271 1249 1299 1313 ἡ
1345 1248 1544 1313 θέλησις
1587 1253 1670 1298 τοῦ
1717 1246 1926 1313 Πατρός·

288 1331 456 1381 ᾶοῦτω
491 1329 586 1398 γὰρ
621 1329 678 1395 δὴ
710 1334 785 1382 καὶ
820 1330 906 1396 τὴν
939 1332 1113 1398 ἑτέραν,
1147 1331 1255 1384 ὅποι
1288 1330 1403 1383 ποτὲ
1437 1330 1626 1393 βλέποι,
1662 1329 1928 1396 διαγνωσό-

332 1416 470 1476 μεθα.
523 1413 692 1464 οὐκοῦν
717 1415 746 1478 ἡ
773 1413 858 1477 μὲν
883 1413 1121 1478 βούλησις
1156 1419 1238 1465 τοῦ
1266 1413 1469 1480 Πατρὸς,
1498 1416 1561 1468 ὡς
1587 1411 1726 1466 αὐτὸς
1752 1410 1931 1479 εἴρηκεν
1954 1433 2002 1472 15

333 1495 358 1545 ὁ
387 1493 570 1562 Σωτὴρ,
593 1495 665 1547 ’ἶνα
692 1498 786 1548 πᾶν
812 1497 832 1548 ’δ
861 1493 1041 1548 δέδωκεν
1067 1497 1193 1566 αὐτῷ
1224 1494 1285 1565 μη
1321 1494 1534 1563 ἀπολέσῃ
1569 1495 1616 1564 ἐξ
1651 1495 1782 1546 αὐτοῦ
1817 1498 1931 1546 ἀλλ’

331 1578 565 1646 ἀναστήσῃ
608 1578 713 1629 αὐτο
757 1580 811 1648 τῇ
853 1577 1025 1652 ἐσχάτη
1073 1577 1228 1650 ἡμέρα.
1296 1579 1372 1629 καὶ
1417 1577 1572 1643 ἀγαθὴ
1615 1576 1698 1641 μὲν
1739 1576 1810 1628 ὅτι
1854 1577 1932 1627 καὶ

333 1658 676 1728 φιλάνθρωπος
708 1661 855 1715 οὐδεὶς
885 1662 1083 1727 ἀντερεῖ·
1125 1659 1434 1724 μεθιστάντες
1461 1659 1509 1711 δὲ
1533 1659 1653 1727 πρὸς
1679 1658 1765 1724 τὴν
1792 1652 1927 1710 ἐναν-

331 1742 441 1795 τίως
479 1741 685 1810 ἔχουσαν
716 1743 956 1808 βούλησιν
990 1748 1074 1794 τοῦ
1106 1746 1225 1794 Υὶοῦ
1263 1742 1347 1796 τὰς
1385 1743 1577 1806 ἐννοίας,
1604 1742 1709 1793 οὔτε
1748 1740 1928 1811 φιλάν-

333 1826 538 1890 θρωπον,
579 1826 684 1876 οὔτε
722 1825 816 1890 μὴν
855 1825 980 1880 ὅλως
1025 1824 1286 1892 εὑρήσομεν
1325 1823 1521 1891 ἀγαθὸν,
1561 1829 1828 1895 φρονοῦντα
1872 1824 1930 1890 δὴ
1953 1848 2004 1875 20

294 1904 523 1960 οπάντως
556 1907 782 1958 τάναντία
816 1911 883 1977 τῷ
921 1910 1092 1974 Πατρῖ,
1125 1910 1202 1959 καὶ
1236 1909 1340 1959 οὕτε
1377 1906 1621 1973 διασώζειν
1656 1907 1795 1972 ἡμᾶς,
1825 1908 1932 1958 οὔτε

331 1987 427 2052 μὴν
465 1990 515 2039 ἐκ
555 1987 759 2040 θανάτου
799 1993 1046 2041 διανιστᾶν
1085 1989 1324 2042 ἐθέλοντα.
1382 1994 1483 2044 πῶς
1522 1991 1604 2040 οὖν
1645 1989 1712 2040 ε”τι
1755 1988 1932 2054 ποιμὴν

333 2070 527 2136 ἀγαθὸς,
552 2075 654 2125 πῶς
688 2071 737 2123 δὲ
770 2077 969 2137 σημεῖον
995 2072 1106 2136 ἡμῖν
1132 2074 1216 2135 τῆς
1251 2072 1449 2136 ἐνούσης
1487 2072 1614 2141 αὐτῷ
1648 2075 1926 2140 φιλανθρω-

332 2153 444 2207 πίας
481 2153 633 2217 ἐτίθει,
660 2152 715 2205 rb
754 2153 931 2205 διδόναι
969 2153 1056 2218 τὴν
1089 2152 1255 2223 ψυχὴν
1290 2152 1405 2220 ὑπὲρ
1444 2154 1608 2218 ἡμῶν;
1649 2157 1686 2204 εἰ
1721 2153 1806 2218 μὲν
1836 2153 1931 2221 γὰρ

336 2235 666 2297 καταβέβηκεν
698 2236 755 2305 ἐξ
789 2239 990 2306 οὐρανῶν,
1016 2235 1092 2287 ἵνα
1126 2241 1266 2287 τοῦτο
1301 2236 1543 2304 πληρώσῃ
1577 2235 1685 2287 καθ’
1714 2236 1931 2288 ἑκούσιον
1952 2255 2002 2294 25

332 2316 588 2382 βούλησιν,
615 2322 717 2371 πῶς
752 2318 805 2369 οὐ
842 2318 896 2369 τὸ
929 2317 1046 2369 ’ίδιον
1079 2317 1265 2383 θέλημα
1298 2323 1490 2385 πληροῖ,
1516 2317 1634 2383 μήτε
1670 2319 1932 2370 ἀπολλύων

332 2398 387 2450 τὸ
429 2397 808 2466 προσαγόμενον,
849 2398 981 2450 ἀλλὰ
1021 2401 1098 2450 καὶ
1140 2399 1384 2454 διανιστᾶς
1429 2400 1549 2451 κατὰ
1594 2399 1679 2465 τὴν
1719 2400 1931 2469 ἐσχάτην

334 2481 543 2548 ἡμέραν,
588 2486 625 2533 εὶ
657 2481 706 2532 δὲ
742 2482 825 2533 οὐκ
861 2481 992 2532 ἔστιν
1018 2482 1065 2532 ἐν
1093 2481 1287 2546 θελήσει
1313 2488 1451 2534 τοῦτο
1477 2483 1616 2551 αὐτῷ,
1643 2484 1863 2549 ὑπηρετεῖ
1882 2482 1931 2534 δὲ

335 2567 529 2627 μᾶλλον
560 2568 656 2617 τοῖς
692 2562 932 2628 θελήμασι
965 2569 1049 2615 τοῦ
1089 2564 1293 2630 Πατρὸς,
1327 2567 1402 2615 καὶ
1437 2565 1679 2619 διανιστάς
1718 2568 1794 2616 καὶ
1832 2568 1932 2616 δια-

111 2663 199 2700 340
213 2663 266 2699 Α.
298 2674 321 2700 a
338 2645 519 2713 σώζων,
544 2645 652 2700 τοὺς
677 2644 995 2699 ἀπολωλότας
1021 2645 1243 2709 δηλονότι
1270 2648 1346 2697 καὶ
1379 2650 1446 2716 τῷ
1477 2647 1666 2716 θανάτῳ
1701 2670 1926 2714 κεκρατη-
1953 2665 2004 2701 30

335 2727 515 2793 μένους,
569 2732 669 2782 πῶς
728 2729 812 2779 οὐκ
871 2727 1215 2793 ἀληθεύσομεν,
1265 2730 1369 2780 οὕτε
1426 2728 1622 2796 ἀγαθὸν,
1673 2730 1777 2781 οὔτε
1834 2729 1929 2794 μὴν

384 2878 416 2902 2.
443 2867 588 2913 οὐρανοῦ
608 2867 649 2901 Β.
759 2867 792 2902 8.
818 2869 925 2902 πᾶσιν
944 2866 987 2901 Β.
1005 2867 1110 2901 πάλιν
1129 2866 1196 2902 Ed.
1306 2880 1358 2911 14.
1383 2868 1506 2907 βλέπει
1526 2868 1573 2903 D.
1684 2876 1737 2913 17.
1763 2868 1862 2913 αὐτὸ]
1886 2873 1923 2909 -1-

335 2912 370 2947 ἐν
389 2914 430 2949 Β,
510 2914 638 2959 ἀγαθὸς
656 2913 699 2948 Β.
847 2925 901 2949 22.
927 2915 975 2948 ἕτι
994 2914 1036 2947 Β.
1056 2913 1131 2948 ἐστι
1151 2913 1216 2947 Ed.
1364 2924 1418 2959 27.
1446 2915 1621 2950 διανιστὰς
1641 2914 1682 2949 Β.
1702 2915 1842 2950 ἀνιστὰς
1860 2915 1926 2950 Ed.

336 2970 393 3002 20.
420 2961 595 2997 διανιστὰς
612 2968 645 2995 et
663 2961 839 3004 διασώζων
855 2961 946 2995 inter
964 2972 1000 2996 se
1017 2961 1215 3006 transponit
1234 2960 1300 2995 Ed.
1318 2961 1430 2995 invito
1451 2961 1492 2995 Β.
