2021 3296
503 139 577 179 IN
619 138 661 179 S.
695 138 1030 179 JOANNEM.
1093 139 1218 179 LIB.
1251 139 1286 179 Ι.
1637 141 1686 180 13

100 246 353 313 θεοπρεπὲς
387 246 586 316 ἀξίωμα,
614 247 957 316 δυσεκφώνητά
993 271 1044 299 τε
1083 252 1158 299 καὶ
1197 248 1317 314 πρὸς
1351 247 1405 299 τὸ
1439 250 1687 315 ἐκτρανοῦ-

98 332 214 378 σθαι
238 329 558 396 χαλεπώτατα
582 328 642 380 τὰ
666 332 749 393 τῆς
776 330 899 383 θείας
926 330 1118 398 φύσεως
1142 329 1163 380 ’ί
1191 332 1250 381 ια’.

1746 409 1800 441 Es.
1820 413 1865 443 xl.

170 409 363 474 Ἐπειδὴ
398 409 447 460 δὲ
481 409 539 474 ἧν
570 412 825 476 ἀναγκαῖον
854 409 1031 477 τρόπον
1057 410 1161 461 τινὰ
1197 414 1417 478 σπιθαμῇ
1451 413 1685 477 μετρῆσαι
1749 462 1785 484 12

97 489 182 541 τὸν
225 490 436 556 οὐρανὸν,
481 493 556 542 καὶ
600 497 696 545 τοῖς
740 493 918 558 ὀλίγοις
963 495 1047 556 τῆς
1091 491 1451 558 ἀνθρωπότητος
1501 492 1684 558 μέτροις

55 588 78 627 5
99 572 346 640 ἐπιτρέψαι
371 577 540 639 χωρεῖν
564 574 639 624 ἐπὶ
664 571 724 623 τὰ
747 577 868 624 πᾶσι
896 573 1159 641 δυσέφικτα
1183 596 1231 624 τε
1262 575 1337 624 καὶ
1368 573 1680 639 δυσδιήγητα,

99 653 174 704 ἵνα
210 652 276 717 μὴ
314 659 411 708 τοῖς
447 655 954 720 ἑτεροδιδασκαλοῦσιν
993 656 1018 704 ὁ
1057 654 1175 705 κατὰ
1213 659 1308 705 τῶν
1344 655 1685 722 ἁπλουστέρων

98 735 445 799 ἐκπλατύνηται
476 735 660 800 δρόμος,
690 738 752 789 ὡς
786 736 999 799 οὐδεμιᾶς
1033 740 1127 786 τῶν
1154 737 1301 802 ἁγίων
1329 739 1503 804 φωνῆς,
1531 736 1574 788 οἳ
1608 740 1723 788 καῖε

99 823 127 846 “
152 815 379 867 αὐτόπται
413 819 488 868 καὶ
525 816 747 883 ὑπηρέται
780 823 864 868 τοῦ
896 816 1076 883 λόγου”
1105 816 1348 883 γεγόνασι,
1375 822 1475 871 ταῖς
1501 818 1684 869 ἐκείνων
1744 820 1877 893 ?.2Luc.

98 897 511 963 παραποδιζὸύσης
556 900 830 961 κακονοίαις,
875 899 1059 966 ἔρχεται
1104 897 1267 965 δριμὺς
1312 900 1379 949 ἐπ’
1428 897 1541 949 αὐτὸ
1589 904 1684 950 τῶν

32 999 80 1025 10
100 978 236 1030 θείων
284 978 533 1044 δογμάτων
576 978 630 1030 τὸ
676 980 976 1046 κυριώτατον,
1017 986 1043 1010 “
1064 981 1151 1030 'Ev
1192 981 1331 1047 ἀρχῇ,
1372 984 1515 1042 βοῶν,
1556 978 1614 1043 ἧν
1659 981 1683 1031 ὁ
1745 990 1838 1059 11]Ἶᾶ
1853 991 1872 1021 i·

99 1066 127 1089 “
154 1059 324 1125 Λόγος,
364 1062 440 1111 καὶ
479 1063 504 1112 ὁ
544 1060 702 1127 Λόγος
739 1060 797 1125 ἧν
834 1059 953 1127 πρὸς
991 1059 1074 1112 τὸν
1109 1060 1248 1124 Θεὸν,
1287 1063 1363 1111 καὶ
1403 1059 1525 1114 Θεὸς
1562 1060 1620 1125 ἧν
1659 1063 1684 1112 ὁ
1749 1043 1776 1070 Ῑ’
1798 1057 1824 1065 ”

100 1147 128 1171 “
153 1141 325 1207 Λόγος·
368 1142 502 1196 οὗτος
526 1142 584 1207 ἦν
610 1145 658 1193 ἐν
679 1145 802 1210 ἀρχῇ
826 1141 946 1208 πρὸς
970 1141 1053 1193 τὸν
1073 1141 1244 1193 Θεόν.”
1285 1145 1454 1209 χρῆναι
1484 1142 1532 1193 δὲ
1558 1141 1686 1206 οἶμαι

100 1222 205 1277 τοὺς
245 1228 342 1277 τοῖς
382 1227 515 1290 ἱεροῖς
554 1225 836 1287 ὁμιλοῦντας
877 1223 1129 1289 γράμμασι
1173 1222 1279 1277 τοῦς
1321 1223 1452 1290 παρὰ
1495 1223 1686 1275 πάντων

99 1305 383 1370 προσίεσθαι
409 1304 596 1371 λόγους,
624 1306 755 1371 οἵπερ
782 1304 839 1356 ἂν
865 1303 953 1356 εἶεν
979 1306 1120 1356 καλοί
1142 1328 1192 1355 τε
1218 1307 1293 1356 καὶ
1319 1307 1501 1370 ἀγαθοὶ,
1529 1308 1604 1356 καὶ
1630 1306 1684 1356 τὸ

34 1407 80 1446 15
100 1385 287 1448 βλάβος
323 1387 506 1454 ἔχοντες
541 1386 687 1437 οὐδέν·
735 1388 856 1438 οὕτω
893 1386 986 1453 γὰρ
1021 1385 1079 1437 ἂν
1105 1385 1163 1436 τὰ
1192 1385 1322 1452 παρὰ
1356 1391 1452 1440 τοῖς
1482 1391 1725 1441 πολλοῖςε.
1808 1403 1833 1436 9
1855 1401 1907 1437 A.

99 1469 324 1521 ποικίλως
362 1468 682 1535 τεθεωρημένα
725 1467 845 1519 κατὰ
885 1467 1055 1519 ταυτὸν
1093 1469 1459 1534 καταγείροντες,
1502 1470 1578 1519 καὶ
1622 1472 1685 1522 εἷς

98 1551 180 1600 ἕνα
214 1550 605 1618 συνεισφέροντες
635 1549 821 1601 σκοπὸν
847 1552 922 1601 καὶ
958 1555 1066 1601 νοῦν
1092 1554 1153 1603 εἷς
1187 1549 1335 1600 καλὸν
1360 1549 1685 1614 ἀναβήσονται

97 1634 180 1694 τῆς
212 1630 434 1697 γνώσεως
467 1630 652 1698 μέτρον,
683 1633 759 1682 καὶ
793 1630 880 1695 τὴν
907 1629 1094 1697 ἐργάτιν
1120 1633 1196 1682 καὶ
1230 1631 1393 1698 σοφὴν
1418 1631 1683 1695 ἀπομιμού-

97 1735 226 1775 μενοι
252 1710 491 1775 μέλιτταν,
508 1711 568 1763 τὰ
593 1713 770 1778 γλυκέα
795 1718 878 1763 τοῦ
900 1712 1177 1776 Πνεύματος
1203 1713 1340 1778 κηρία
1365 1711 1682 1781 συμπήξειαν.

30 1815 81 1841 20
99 1794 223 1861 φασὶ
266 1794 420 1844 τοίνυν
458 1799 554 1845 τῶν
595 1793 1000 1862 φιλοπονωτάτων
1037 1793 1169 1856 τινὲς,
1209 1796 1272 1848 ὡς
1314 1792 1432 1856 μετὰ
1476 1794 1558 1845 τὸν
1601 1800 1684 1845 τοῦ

100 1877 319 1940 Σωτῆρος
344 1875 476 1939 ἡμῶν
502 1875 713 1943 σταυρὸν
739 1880 814 1927 καὶ
840 1875 925 1939 τὴν
951 1879 1013 1929 εἷς
1038 1873 1262 1942 οὐρανοὺς
1288 1875 1473 1937 ἄνοδον,
1502 1878 1681 1943 ψευδο-

99 1957 312 2020 ποιμένες
350 1959 425 2008 καὶ
460 1957 899 2026 ψευδοδιδάσκαλοί
928 1981 1048 2011 τινες
1081 1957 1255 2023 θηρίων
1286 1956 1527 2008 ἀτιθάσων
1554 1958 1685 2021 δίκην

100 2042 194 2092 τοῖς
221 2044 303 2089 τοῦ
330 2042 550 2105 Σωτῆρος
580 2039 938 2093 ἐπεισπεσόντες
970 2039 1201 2102 ποιμνίοις
1231 2038 1606 2104 τεθορυβήκασιν
1631 2041 1684 2090 οὐ

99 2123 288 2186 μικρῶς,
328 2126 355 2149 “
374 2118 468 2171 ἀπὸ
506 2121 698 2186 καρδίας
736 2121 890 2171 αὐτῶν
929 2125 1201 2183 λαλοῦντες,
1240 2119 1362 2171 καθὰ
1407 2120 1683 2186 γέγραπται,
1702 2134 1729 2175 b
1745 2129 1896 2203 {igis-16

34 2220 82 2259 25
102 2207 128 2231 ⁶⁶
154 2203 230 2252 καὶ
266 2202 349 2252 οὐκ
381 2201 475 2252 ἀπὸ
508 2201 748 2262 στόματος
788 2203 1004 2268 Κυρίου,”
1034 2207 1224 2265 μᾶλλον
1250 2201 1298 2253 δὲ
1332 2203 1415 2252 οὐκ
1453 2204 1501 2252 ἐκ
1540 2200 1686 2267 μόνης
1745 2197 1777 2203 Η
1831 2197 1837 2204 ’
1899 2196 1907 2204 ”

99 2285 183 2345 τῆς
209 2284 385 2334 ἑαυτῶν
410 2284 614 2349 καρδίας,
641 2284 751 2334 ἀλλ’
781 2285 830 2335 ἐκ
857 2282 1158 2349 διδαγμάτων
1184 2288 1268 2333 τοῦ
1297 2283 1463 2334 οἰκείου
1492 2283 1684 2349 πατρὸς,

98 2369 181 2414 τοῦ
217 2362 446 2423 διαβόλου
481 2364 677 2428 δηλαδή.
737 2368 775 2415 εἰ
800 2363 894 2431 γὰρ
919 2366 1065 2417 οὐδεὶς
1096 2364 1287 2415 δύναται
1319 2368 1461 2415 εἰπεῖν
1489 2371 1514 2394 “
1534 2363 1682 2415 Ἀνά-
1747 2361 1855 2441 ζίξοζζ

100 2451 129 2474 “
155 2449 275 2508 θεμα
300 2445 512 2509 Ἰησοῦς”
534 2450 571 2496 εὶ
597 2444 661 2509 μὴ
689 2447 737 2496 ἐν
763 2444 1062 2510 βεελζεβοὺλ,
1083 2449 1184 2499 πῶς
1209 2446 1292 2496 οὐκ
1318 2444 1499 2509 ἀληθὴς
1525 2446 1634 2509 ἡμῖν
1660 2447 1685 2496 ὁ
1827 2435 1837 2443 ι

99 2529 205 2593 περὶ
230 2526 409 2578 τούτων
425 2526 690 2595 ὀφθήσεται
717 2527 861 2593 λόγος
882 2548 893 2587 ;
927 2528 1032 2577 τίνα
1057 2528 1213 2577 τοίνυν
1232 2528 1363 2577 ἐστὶν
1383 2525 1502 2592 ἅπερ
1525 2528 1687 2578 ἐκεῖνοι

149 2671 181 2695 2.
207 2659 298 2695 θείας
316 2666 537 2705 assumptum
555 2672 597 2694 ex
616 2660 658 2695 B.
834 2669 867 2706 5.
894 2675 930 2695 τε
948 2667 1171 2706 assumptum
1189 2673 1231 2695 ex
1252 2660 1292 2694 Β.
1459 2658 1491 2694 6.
1516 2661 1535 2693 ὁ
1553 2671 1623 2694 om.
1644 2659 1688 2695 B.

104 2715 137 2752 7.
164 2706 401 2740 ἐκπλατύνεται
419 2707 462 2741 Ε.
590 2718 643 2741 10.
671 2708 888 2752 καιριώτατον
906 2707 949 2742 Β.
1014 2709 1106 2749 βοῶν
1123 2707 1254 2740 habent
1272 2705 1410 2740 B.D.E.
1538 2715 1593 2751 15.
1618 2708 1689 2742 τοῖς

101 2764 171 2787 orn.
191 2752 233 2785 Β.
528 2753 582 2787 16.
608 2754 691 2787 κατὰ
708 2754 830 2788 ταυτὸν
846 2754 1098 2798 καταγείροντες
1115 2759 1148 2786 et
1166 2753 1296 2787 σκοπὸν
1313 2753 1365 2785 καὶ
1383 2757 1564 2797 assumpta
1581 2764 1623 2786 ex
1641 2753 1686 2786 B.

108 2799 161 2832 18.
186 2799 244 2841 τῆς
261 2809 331 2832 om.
351 2797 394 2832 B.
465 2799 601 2844 ἐργάτιν
619 2799 661 2833 Β.
682 2799 817 2844 Migne.
836 2800 979 2844 ἐργάτην
996 2800 1064 2834 Ed.
1136 2798 1379 2841 ἀπομιμοῦνται
1395 2797 1555 2841 μέλιτταν
1571 2799 1624 2832 καὶ
1643 2799 1686 2832 Β.

105 2855 162 2888 23·
187 2844 405 2895 ἐπιπεσόντες
423 2844 466 2878 Β.
738 2854 793 2888 25.
820 2846 879 2879 οὐκ
896 2847 954 2880 alt.
973 2851 1194 2889 assumptum
1214 2846 1310 2888 (post
1329 2844 1467 2888 Migne)
1485 2856 1527 2878 ex
1546 2844 1687 2879 B.D.E.

269 2889 358 2914 αὐτων

107 2922 162 2957 26.
189 2923 312 2957 οἰκείου
328 2923 454 2967 πατρὸς
473 2923 513 2958 Β.
612 2924 668 2958 28.
693 2924 825 2968 Ἰησοῦς
843 2924 983 2958 B.D.E.
1000 2923 1117 2967 Ἰησοῦ
1135 2923 1201 2957 Ed.
1299 2933 1355 2967 29.
1379 2922 1578 2968 ὀφθήσεται
1597 2923 1638 2956 Ε.
