2084 3317
319 606 341 632 Θ

354 151 438 191 432
754 152 803 192 B.
837 151 1114 192 CYRILLI
1156 151 1532 192 ALEXANDR.
1710 151 1764 191 vi.
1785 164 1851 200 22,
1872 163 1937 205 23.

357 266 383 288 ‘⁶
407 258 656 325 γησόμεθα
694 265 755 314 εἷς
794 261 1062 324 ἀπάντησιν
1100 266 1183 312 τοῦ
1226 261 1403 326 Κυρίου
1442 265 1504 314 εἰς
1542 261 1668 327 ἀέρα,
1705 264 1780 311 καὶ
1819 262 1940 310 οὕτω

358 347 384 369 “
409 340 610 392 πάντοτε
649 340 742 393 σὺν
783 343 942 411 Κυρίῳ
982 342 1233 406 ἐσόμεθα.”
1290 341 1344 393 τὸ
1390 341 1438 393 δὲ
1484 341 1624 412 φόβῳ
1667 345 1943 405 βεβλῆσθαι

356 420 465 476 τοὺς
489 423 715 488 μαθητὰς,
744 425 894 475 καίτοι
923 428 1213 490 θεωροῦντας
1238 423 1501 491 ἐρχόμενον,
1529 427 1603 475 καὶ
1630 426 1677 475 ἐν
1705 424 1835 493 πόνῳ
1869 424 1944 474 καὶ

357 504 638 571 ἐγρηγόρσει
677 506 1086 570 κατειλημμένους,
1125 508 1267 557 ἐκεῖνο
1307 509 1458 570 δηλοῖ,
1497 506 1568 557 ὅτι
1612 505 1818 574 φοβερὸς
1859 505 1944 569 μὲν

358 587 431 636 ἐπὶ
457 585 638 640 πάντας
665 587 766 656 ἥξει
793 586 963 654 κριτὴς,
993 587 1280 656 καταπτήξει
1306 586 1355 638 δὲ
1377 586 1564 641 πάντως
1590 589 1662 655 ἐφ’
1689 588 1836 656 ἑαυτῷ
1869 590 1944 638 καὶ
1964 602 1985 639 5

358 669 383 718 ὁ
416 668 606 727 δίκαιος,
635 671 697 722 ὡς
735 667 812 719 διὰ
849 668 997 735 πυρὸς
1035 669 1406 736 δοκιμαζόμενος,
1439 669 1589 720 καίτοι
1624 671 1699 719 καὶ
1730 692 1941 734 προανα-

356 749 553 810 βλέπων
579 751 648 801 ἀεὶ
673 749 756 802 τὸν
782 750 1085 819 ἀφιξόμενον,
1113 752 1187 802 καὶ
1215 753 1298 802 οὐκ
1324 750 1532 815 ὀκνήσας
1558 755 1619 805 εἰς
1645 750 1816 804 πόνους
1838 749 1946 804 τοὺς

356 832 426 883 ἐπ’
455 833 610 901 ἀρετῇ,
639 832 781 901 νήψει
805 856 853 884 τε
881 834 1051 897 ὁμοίως
1078 835 1151 883 καὶ
1179 835 1336 901 ἀγαθῇ
1362 833 1622 900 γρηγόρσει
1648 837 1942 900 συντεθραμ-

356 915 508 978 μένος.
561 916 614 966 οὑ
650 915 1005 983 συνεισέρχεται
1041 913 1087 965 δὲ
1120 920 1216 969 τοῖς
1250 916 1414 966 ἑαυτοῦ
1449 919 1692 980 μαθηταῖς,
1725 917 1787 967 ὡς
1824 931 1947 975 συμέ

356 997 585 1048 πλεύσων
635 998 659 1048 ὁ
711 998 898 1063 Κύριος,
949 996 1182 1066 ἐφορμίζει
1232 996 1280 1049 δὲ
1331 1002 1523 1061 μᾶλλον
1572 1001 1630 1065 τῇ
1682 997 1843 1066 χέρσῳ
1893 995 1947 1047 τὸ
1971 1018 2018 1041 10

359 1078 564 1148 σκάφος.
619 1080 672 1130 οὐ
709 1078 803 1145 γὰρ
842 1078 1156 1146 συνεργήσων
1190 1079 1255 1130 ε”τι
1292 1080 1411 1146 πρὸς
1449 1078 1746 1146 κατόρθωσιν
1782 1080 1948 1145 ἀρετῆς·

360 1167 457 1216 τοῖς
493 1160 635 1213 αὐτὸν
667 1162 941 1224 σεβομένοις
978 1163 1269 1230 ἐπιφανεῖται
1298 1160 1528 1228 Χριστὸς,
1556 1161 1686 1212 ἀλλὰ
1724 1166 1821 1214 τοῖς
1858 1161 1947 1224 ἤδη

137 1259 228 1293 294
239 1257 291 1293 Α.
324 1266 346 1291 a
364 1243 744 1309 κατωρθωμένοις
768 1243 913 1309 πέρας
937 1242 1180 1307 ἐπιθήσων
1204 1243 1259 1294 τὸ
1285 1243 1698 1309 προσδοκώμενον.

296 1413 340 1437 22

360 1403 424 1461 Τῆι
470 1403 678 1461 ἐπαύριον
719 1404 741 1446 ὁ
781 1404 909 1460 ὄχλος
948 1405 970 1447 ὁ
1011 1405 1148 1446 ἑστὼς
1189 1405 1324 1462 Πέραν
1363 1410 1437 1446 τῆς
1478 1405 1697 1446 &omissae
1742 1403 1845 1445 ἰδὼν
1885 1405 1949 1446 ὅτι

427 1487 654 1543 Πλοιάριον
689 1487 798 1529 ἄλλο
836 1488 912 1529 οὐκ
951 1484 1000 1529 ἧν
1031 1485 1120 1529 ἐκεῖ
1157 1485 1192 1528 εἰ
1230 1488 1286 1537 μή
1325 1489 1370 1530 ἓν
1400 1485 1540 1529 ἐκεῖνο
1578 1486 1638 1529 εἷς
1675 1488 1697 1530 ὃ
1735 1487 1949 1537 ἀνὲβμσοιν
1976 1497 2020 1530 15

425 1567 463 1610 οἷ
500 1571 688 1618 μοιΘΗτοιί
725 1570 869 1623 αὐτοῦ,
912 1572 981 1612 καὶ
1019 1573 1083 1615 ὅτι
1121 1572 1169 1612 οὐ
1214 1576 1394 1613 συνῆλθε
1436 1569 1525 1613 τοῖο
1567 1569 1778 1620 μοιΘΗτοιῖε
1821 1570 1949 1613 αὐτοῦ

426 1651 486 1694 εἰς
528 1653 577 1695 τὸ
619 1651 771 1695 Πλοῖον
816 1655 839 1696 ὁ
881 1654 1065 1707 ἸΗσοῡς,
1104 1655 1193 1696 ἀλλ’
1240 1653 1278 1696 οἱ
1327 1654 1513 1703 μαθι-ιτοιί
1563 1655 1692 1695 αὐτοῦ
1743 1654 1950 1695 ἀπῆλθον·

426 1736 538 1777 ἄλλοι
577 1736 624 1778 δὲ
663 1734 767 1779 ἦλθε
803 1738 1011 1794 Πλοιάριοι
1049 1739 1096 1778 ὲκ
1126 1738 1379 1792 Τιβεριάδος
1413 1738 1532 1786 &ssim
1567 1741 1640 1779 τοῦ
1675 1737 1809 1779 τόπου
1842 1738 1950 1779 ὅπου

426 1819 589 1875 {epm-ov
626 1819 699 1863 τὸν
738 1821 870 1877 ἄρτον
908 1821 1298 1878 εἰχαριοτύσοιντοο
1335 1825 1409 1863 τοῦ
1451 1820 1609 1878 Κυριόυ.

437 1929 512 1979 Οὐ
547 1929 771 1980 λανθάνει
805 1929 859 1981 τὸ
897 1929 1186 1999 παράδοξον,
1215 1929 1268 1980 τὸ
1303 1930 1371 1980 ἐπ’
1401 1931 1542 1993 αὐτῆς
1577 1933 1659 1993 τῆς
1694 1928 1950 1993 θαλάσσης
1975 1953 2025 1978 20

363 2012 484 2079 φημὶ
527 2014 848 2077 περιπατῆσαι
892 2011 975 2062 τὸν
1012 2013 1216 2076 Ἰησοῦν,
1263 2012 1411 2062 καίτοι
1456 2011 1532 2063 διὰ
1577 2011 1739 2065 νυκτὸς
1785 2013 1860 2062 καὶ
1904 2014 1953 2062 ἐν

363 2090 523 2162 σκότῳ
563 2093 873 2158 γεγενημένον
912 2095 988 2144 καὶ
1028 2093 1300 2158 λεληθότως
1339 2093 1654 2158 οἷκονομηθέν.
1710 2093 1949 2145 ὑπαισθά-

365 2196 489 2224 νεται
534 2173 581 2225 δὲ
627 2179 721 2225 τῶν
766 2178 1041 2226 ἀκολουθεῖν
1087 2175 1317 2226 εἰωθότων
1363 2176 1388 2226 ὁ
1434 2177 1599 2239 δῆμος,
1643 2174 1719 2226 διὰ
1764 2179 1954 2240 πολλῆς

363 2279 502 2319 τινος,
530 2259 592 2310 ὡς
628 2257 759 2320 ἔοικε,
786 2261 869 2321 τῆς
904 2257 1236 2323 ἐπιτηρήσεως,
1264 2256 1333 2308 ὅτι
1367 2257 1483 2322 μήτε
1518 2257 1826 2319 συμπλεύσοι
1859 2263 1953 2312 τοῖς

365 2339 530 2389 ἑαυτοῦ
555 2343 785 2403 μαθηταῖς
812 2338 1274 2406 πληροφορούμενος,
1301 2338 1415 2403 μήτε
1440 2339 1534 2403 μὴν
1560 2340 1699 2409 ἑτέρῳ
1731 2342 1954 2406 διαπορθ-
1977 2364 2025 2402 25

327 2443 348 2470 c
365 2420 538 2483 μεύσαι
564 2422 631 2490 τῷ
657 2419 849 2489 σκάφει·
905 2420 1050 2483 μόνον
1075 2420 1168 2487 γὰρ
1195 2419 1252 2484 ῆν
1278 2423 1427 2472 ἐκεῖσε
1452 2421 1506 2472 τὸ
1533 2426 1626 2472 τῶν
1652 2421 1954 2484 ἀποστόλων,

367 2500 392 2552 ὃ
419 2501 475 2566 δὴ
503 2504 579 2553 καὶ
611 2503 842 2564 λαβόντες
873 2502 1164 2573 προῴχοντο.
1211 2502 1342 2554 οὐδὲν
1368 2504 1449 2553 οὖν
1477 2503 1568 2570 ἄρα
1603 2503 1826 2555 λανθάνει
1860 2509 1956 2555 τῶν

366 2586 572 2651 ἀγαθῶν,
599 2585 686 2636 κᾶν
718 2585 989 2649 λεληθότως
1024 2583 1114 2636 ὑπό
1148 2608 1229 2635 του
1264 2588 1454 2649 τελῆται
1490 2586 1646 2653 τυχὸν,
1672 2588 1746 2637 καὶ
1783 2585 1955 2650 ἀληθὲς

414 2748 448 2777 4.
474 2735 696 2781 ἐγρηγόρσει]
717 2736 753 2770 ἐν
769 2739 957 2781 γρηγόρσει
979 2736 1020 2771 Β.
1269 2746 1301 2779 5.
1328 2737 1531 2781 καταπτήξει
1551 2737 1643 2771 B.D.
1663 2736 1869 2782 καταπλήξει
1887 2737 1954 2772 Ed.

371 2782 495 2816 Statim
512 2782 574 2826 μὲν
591 2794 653 2827 pro
672 2783 706 2816 δέ
728 2783 769 2816 B.
835 2784 918 2817 Post
936 2783 970 2817 h.
986 2796 1018 2818 v,
1035 2783 1167 2819 πάντως
1187 2783 1225 2816 Β.
1246 2785 1371 2818 πάντας
1391 2784 1456 2818 Ed.
1601 2784 1633 2818 6.
1661 2785 1714 2818 καὶ
1732 2790 1954 2828 assumptum

367 2841 409 2862 ex
430 2829 471 2862 B.
539 2828 666 2863 Statim
683 2830 892 2874 προβλέπων
911 2830 953 2864 Β.
1117 2841 1170 2864 12.
1197 2831 1408 2874 ἐπιφαίνεται
1430 2831 1470 2865 Β.
1633 2842 1686 2873 14.
1713 2832 1822 2866 ἑστὼς
1840 2831 1881 2864 Β.
1903 2831 1954 2873 (s)

368 2891 517 2934 ἑστηκὼς
536 2890 603 2926 Ed.
726 2903 781 2926 20.
807 2891 857 2926 ἐπ’
877 2880 966 2940 αὐτῷ
983 2893 1072 2938 φημὶ
1090 2894 1148 2937 τῆς
1166 2893 1345 2936 θαλάσσης
1357 2893 1407 2945 'B.
1533 2905 1587 2936 24.
1614 2893 1713 2939 μήτε]
1739 2897 1775 2934 4-
1796 2893 1840 2937 μὴ
1859 2893 1953 2928 Aub.

368 2953 478 2987 invito
498 2953 540 2988 Β.
591 2953 715 2988 Statim
736 2955 956 2999 συμπλεύσαι
977 2956 1018 2990 Β.
1163 2957 1217 2990 28.
1244 2957 1309 2990 ὑπο
1331 2949 1409 2991 (1111·ου
1430 2957 1470 2990 Β.
