2084 3317
129 167 357 223 iv.31,32.
412 166 484 206 IN
527 166 569 207 S.
603 164 940 206 JOANNEM.
1004 164 1128 204 LIB.
1163 164 1223 203 II.
1286 164 1419 204 CAP.
1444 165 1496 204 V.
1635 166 1714 204 291

129 280 242 337 ναῖς,
269 275 323 326 οὐ
351 278 661 327 Μωυσαϊκοῖς
690 273 993 339 κηρύγμασιν
1019 272 1122 323 οὐδὲ
1159 277 1258 326 ταῖς
1288 270 1510 323 Ἰωάννου
1546 275 1713 323 δακτυ-

128 357 392 426 λοδειξίαις,
418 354 550 406 ἀλλὰ
583 360 692 421 μιᾶς
727 357 882 408 αὐτοῖς
922 354 1250 424 ἐξηγουμένης,
1279 355 1355 404 καὶ
1387 359 1526 405 τοῦτο
1562 354 1714 420 ἁμαρ-

127 444 295 501 τωλοῦ,
335 436 570 504 γυναικός.
645 437 853 504 εὐλόγως
895 442 1145 504 τοιγαροῦν
1186 435 1273 500 τὴν
1313 437 1381 487 ἐπ’
1429 435 1596 489 αὐτοὺς
1639 441 1721 486 τοῦ

129 522 348 587 Σωτῆρος
379 518 789 585 ἀποθαυμάζοντες
821 522 1005 588 ψῆφον,
1034 520 1108 569 καὶ
1143 518 1273 582 ἡμεῖς
1308 517 1721 586 ἀναφθεγξώμεθα

1781 591 1891 664 Ξκῗρῑῆ.

1787 683 1856 716 137.

190 744 266 786 Ἐν
304 747 366 799 τῷ
402 745 561 795 μεταξὺ
602 745 785 803 ἠρώτων
825 745 955 787 αὐτὸν
993 743 1031 785 οἶ
1069 743 1252 793 iidemu}
1291 744 1421 785 αὐτοῦ
1457 743 1653 791 λέγοντες
1741 752 1785 787 31

129 609 154 631 ‘c
235 601 246 618 Ι
419 599 439 621 '9'
529 601 540 618 Ι
711 604 724 618 x
788 602 798 617 2
845 601 856 616 ἱ
930 601 940 615 ²
1037 601 1048 618 Ι
1263 600 1289 615 9)

86 621 107 658 5
177 606 369 655 Δικαιος
397 625 434 652 ει
464 605 623 669 Κυριε,
650 624 726 652 και
753 605 890 665 ευθης
915 624 943 665 η
971 623 1123 666 κρισις
1151 622 1256 651 σου.

500 828 662 880 ςΡοιββὶ,
702 829 827 885 quise.
878 829 900 871 ὁ
939 827 984 869 δὲ
1025 823 1142 869 εἶπεν
1182 824 1340 868 αὐτοῖς.
1741 835 1788 870 32

203 939 460 999 Οἱκονομεῖ
498 936 584 999 μὲν
628 937 803 1003 ἄριστα
849 941 933 987 τοῦ
981 936 1177 996 βιβλίου
1227 934 1314 999 τὴν
1358 933 1651 1002 συγγραφὴν
1698 935 1762 984 &a
1796 946 1877 979 196
1894 945 1944 978 A.

128 1017 384 1072 θεσπέσιος
425 1017 812 1085 Εὐαγγελιστὴς,
850 1016 1204 1085 παραλιμπάνει
1244 1015 1291 1067 δὲ
1331 1015 1463 1068 οὐδὲν
1496 1020 1591 1067 τῶν
1631 1015 1725 1066 ὅσα

62 1120 110 1145 10
129 1098 185 1164 δὴ
223 1097 412 1154 πάντως
450 1105 546 1155 τοῖς
587 1099 928 1169 ἐντευξομένοις
976 1099 1174 1151 ε”σεσθαι
1217 1098 1428 1151 πιστεύει
1471 1100 1721 1161 λυσιτελῆ,

129 1180 265 1232 ἄκουε
292 1183 448 1233 τοίνυν
472 1183 599 1236 ὅπως
625 1184 737 1248 ἡμῖν
763 1181 1149 1252 ἀξιολογωτάτου
1180 1179 1461 1248 πράγματος
1496 1179 1727 1246 γεγονότα

127 1263 276 1314 πάλιν
316 1264 628 1331 ὑπογραμμὸν
667 1265 874 1334 εἰσφέρει
912 1263 995 1315 τὸν
1030 1265 1235 1329 Ἰησοῦν.
1295 1263 1429 1314 οὐδὲν
1468 1262 1561 1329 γὰρ
1601 1259 1727 1325 οἶμαι

128 1349 367 1397 τεθεῖσθαι
405 1347 559 1412 μάτην
593 1349 642 1398 ἐν
673 1352 775 1402 ταῖς
813 1352 907 1398 τῶν
939 1348 1087 1412 ἁγίων
1121 1350 1445 1415 συγγραφαῖς,
1482 1343 1613 1395 ἀλλὰ
1652 1345 1727 1394 καὶ

130 1427 245 1494 ὅπερ
282 1427 340 1480 ἅν
371 1452 440 1483 τις
476 1429 626 1493 οἴηται
662 1428 841 1497 μικρὸν,
868 1430 951 1480 οὐκ
986 1427 1400 1496 εὐκαταφρόνητον
1426 1429 1594 1477 ὠδῖνον
1621 1425 1725 1476 ἔσθ’

64 1530 109 1568 15
131 1510 207 1562 ὅτε
258 1509 345 1575 τὴν
396 1509 632 1580 ὠφέλειαν
678 1511 956 1577 εὑρίσκεται.
1029 1510 1295 1579 ἀρξαμένης
1344 1514 1593 1575 τοιγαροῦν
1645 1510 1726 1571 τῆς

132 1596 437 1659 Σαμαρειτῶν
471 1595 778 1662 ἐπιστροφῆς,
817 1595 893 1644 καὶ
931 1593 1050 1644 ὅσον
1086 1592 1265 1643 οὐδέπω
1304 1590 1771 1658 προσδωκωμένωνὶ)

131 1675 302 1726 αὐτῶν·
344 1673 442 1743 ᾔδει
479 1675 573 1742 γὰρ
608 1675 809 1744 ἥξοντας
844 1678 905 1729 ὡς
934 1675 1072 1729 Θεός·
1118 1674 1231 1729 ὅλος
1256 1674 1341 1737 μὲν
1367 1674 1422 1742 ἐξ
1456 1672 1573 1723 ὅλου
1607 1670 1726 1738 πρὸς

132 1755 217 1820 τὴν
243 1762 337 1809 τῶν
364 1757 660 1822 κεκλημένων
686 1758 927 1824 σωτηρίαν
953 1759 1256 1819 συντείνεται,
1280 1760 1476 1807 ποιεῖται
1504 1753 1551 1805 δὲ
1578 1754 1728 1820 λόγον

132 1838 297 1890 οὐδένα
335 1843 417 1904 τῆς
456 1845 539 1891 τοῦ
577 1839 803 1904 σώματος
841 1842 1037 1908 τροφῆς,
1064 1840 1212 1890 καίτοι
1252 1841 1328 1889 καὶ
1363 1829 1602 1901 κεκμηκὼς
1631 1843 1658 1864 “
1679 1837 1728 1886 ἐκ
1792 1838 1908 1912 {73³¹}

63 1946 112 1971 20
133 1927 160 1950 ‘⁶
186 1924 269 1985 τῆς
295 1922 606 1988 ὁδοιπορίας,”
638 1924 699 1975 ὡς
726 1922 1003 1989 γέγραπται,
1032 1922 1108 1972 ἵνα
1133 1920 1281 1972 πάλιν
1309 1919 1384 1971 διὰ
1418 1919 1586 1970 τούτου
1621 1915 1729 1970 τοὺς

132 2003 181 2053 ἐν
214 2007 314 2057 ταῖς
348 2005 620 2068 ἐκκλησίαις
657 2003 892 2072 ὠφελήσῃ
928 2004 1261 2066 διδασκάλους,
1286 2004 1362 2053 καὶ
1397 2001 1608 2065 καμάτου
1645 1998 1730 2063 μέν

130 2086 307 2140 παντὸς
342 2087 577 2154 ἀναπείσῃ
613 2090 849 2153 περιορᾶν,
878 2085 1119 2153 κρείττονα
1153 2084 1201 2136 δὲ
1236 2088 1318 2149 τῆς
1353 2085 1458 2151 περὶ
1494 2082 1549 2134 τὸ
1586 2086 1730 2142 σῶμα

133 2169 381 2236 φροντίδος
432 2167 518 2232 τὴν
569 2169 646 2220 ἐπὶ
697 2172 794 2222 τοῖς
852 2167 1136 2233 σωζομένοις
1193 2170 1430 2219 ποιεῖσθαι
1490 2162 1726 2227 σπουδήν·

133 2255 161 2279 “
187 2249 312 2300 Οὐαὶ
361 2249 469 2316 γὰρ,
518 2252 671 2318 φησὶν
718 2250 743 2299 ὁ
793 2249 1058 2319 προφήτης,
1104 2252 1146 2300 οἱ
1193 2254 1433 2302 ποιοῦντες
1484 2245 1538 2298 τὸ
1591 2246 1769 2311 {20wa
1791 2240 1885 2270 Hie*

65 2348 113 2386 25
133 2337 161 2359 ‘⁶
189 2332 368 2398 Κυρίου
393 2333 626 2396 ἀμελῶς.”
678 2332 754 2382 ἵνα
779 2332 935 2383 τοίνυν
960 2330 1274 2395 μανθάνωμεν
1299 2332 1348 2381 ἐν
1373 2335 1468 2383 τοῖς
1504 2327 1729 2379 τοιούτοις

133 2411 349 2477 μάλιστα
400 2419 573 2480 καιροῖς
621 2415 802 2465 ἁσιτεῖν
847 2412 1043 2465 εἰωθότα
1093 2413 1176 2464 τὸν
1222 2412 1414 2479 Κύριον,
1460 2413 1730 2477 ἐρωτῶντας

134 2495 342 2563 εἰσφέρει
368 2495 476 2549 τοὺς
499 2494 728 2560 μαθητὰς,
756 2498 830 2547 καὶ
865 2497 1117 2563 μονονουχὶ
1150 2491 1625 2562 προκυλινδουμένος,
1656 2490 1731 2540 ἵνα

135 2576 192 2642 δὴ
237 2576 396 2645 βραχύ
440 2600 484 2628 τι
530 2582 625 2629 τῶν
668 2578 1046 2645 πεπορισμένων,
1086 2579 1148 2631 ὡς
1194 2575 1516 2643 ἀπαραίτητόν
1560 2596 1608 2624 τε
1656 2573 1731 2622 καὶ

191 2752 218 2775 1.
244 2740 321 2774 οὐδὲ
342 2740 383 2775 Β.
403 2739 421 2784 ἢ
442 2740 509 2775 Ed.
631 2753 665 2785 5.
693 2741 790 2785 εὐθὴς
811 2741 905 2775 Β.Ι).
926 2740 1022 2786 (156.
1044 2739 1139 2784 262.)
1158 2740 1270 2774 εὐθεῖα
1289 2738 1357 2773 Ed.
1479 2737 1512 2771 6.
1536 2734 1612 2780 Ἐν]
1638 2740 1672 2775 -ί-
1696 2735 1731 2769 δὲ

139 2787 206 2822 Ed.
220 2787 330 2821 invito
351 2787 392 2821 B.
493 2798 546 2822 10.
571 2786 756 2829 πιστεύειν,
773 2789 949 2822 λυσιτελεῖ
970 2788 1012 2821 Β.
1113 2796 1166 2829 15.
1193 2784 1382 2830 ἀρξαμένης
1399 2784 1441 2819 Β.
1458 2783 1642 2828 ἀρξάμενος
1664 2781 1731 2815 Ed.

141 2843 194 2879 17.
221 2834 310 2869 ὅλως
329 2834 371 2868 Β.
389 2833 506 2868 invitis
526 2833 680 2868 Catenis.
838 2845 894 2868 20.
919 2835 1024 2869 πάλιν
1041 2833 1096 2867 διὰ
1113 2832 1235 2867 τούτου
1253 2832 1319 2866 hoc
1337 2831 1459 2865 ordine
1479 2830 1521 2864 B.
1541 2828 1650 2864 Cord.
1671 2827 1730 2862 Cr.

136 2882 241 2915 πάλιν
257 2892 327 2915 om.
345 2892 375 2915 a.
560 2891 616 2923 24.
644 2880 748 2915 Hanc
767 2881 942 2915 citationis
960 2880 1111 2914 formam
1130 2879 1260 2914 videsis
1280 2878 1322 2913 de
1339 2877 1409 2912 Ad.
1430 2886 1470 2922 27
1491 2888 1509 2911 e
1528 2888 1546 2910 a
1565 2876 1731 2910 Parsons.

138 2927 195 2962 cit.
213 2928 272 2974 qui
296 2927 393 2961 addit
412 2930 435 2946 “
448 2933 482 2962 et
505 2927 626 2969 alibi,’'
644 2926 751 2962 addas
775 2928 811 2961 in
835 2927 882 2961 xii
906 2927 1036 2971 Proph.
1055 2926 1123 2961 826
1141 2926 1200 2961 fin.
1222 2925 1330 2960 Hom.
1353 2923 1477 2960 Pasch.
1495 2923 1590 2958 xxiii.
1610 2932 1679 2967 290
1697 2921 1731 2956 b.

140 2985 194 3017 25.
221 2976 291 3010 τοῖς
308 2986 377 3008 om.
399 2973 440 3008 Β.
587 2974 641 3008 28.
667 2973 781 3019 βραχύ
800 2988 830 3007 τι
848 2973 914 3008 hoc
933 2973 1054 3008 ordine
1077 2973 1116 3007 B.

878 3041 994 3081 sz

1790 2284 1879 2314 xxxi.
1901 2293 1949 2314 10.
