2084 3317
360 190 445 230 336
764 190 813 230 B.
847 189 1123 230 CYRILLI
1165 188 1543 230 ALEXANDR.
1819 199 1945 241 v.23.

362 296 482 348 κατὰ
510 296 594 362 τὴν
621 297 769 367 φύσιν
797 299 872 349 ὅτε
897 298 1112 350 τάττεται
1138 297 1192 348 τό
1222 297 1392 360 Καθῶς,
1419 299 1472 348 οὐ
1505 296 1691 350 πάντως
1724 294 1943 361 ἀπαράλ-

364 386 542 430 λακτον
568 380 678 443 ἡμῖν
703 382 910 449 εἰσφέρει
937 378 1024 444 τὴν
1050 379 1260 444 ἰσότητα,
1288 378 1540 443 ὁμοιότητα
1576 378 1624 429 δὲ
1657 382 1847 442 μᾶλλον
1874 379 1948 428 καὶ

319 470 346 511 d
365 460 645 524 εἰκονισμὸν,
673 463 734 515 ὡς
769 464 845 512 καὶ
880 463 1010 512 αὐτοὶ
1039 460 1366 527 προλαβόντες
1391 459 1744 526 ὡμολογήκατε.
1800 461 1872 510 ἐπὶ
1900 457 1949 509 δὲ

363 547 459 593 τῶν
486 542 721 607 ἀλλήλοις
746 542 866 594 κατὰ
890 541 1048 594 πάντα
1072 541 1423 609 προσεοικότων
1449 542 1576 608 ε’ίπερ
1610 543 1760 611 ὁρῷτο
1794 540 1944 602 τεθὲν,

364 626 441 676 καὶ
482 623 682 688 ἰσότητα
721 623 808 689 τὴν
845 625 893 675 ἐν
934 629 1057 675 πᾶσι
1099 626 1175 675 καὶ
1218 622 1470 689 ὁμοιότητα
1514 627 1663 688 δηλοῖ,
1705 624 1779 673 καὶ
1823 623 1865 673 εἴ
1905 645 1948 673 τι
1969 639 1991 677 5

365 706 546 760 τούτοις
580 706 739 772 ἕτερον
767 709 1083 769 ἰσοδυναμοῦν
1109 707 1386 772 εὑρίσκεται.
1442 704 1541 757 οἶόν
1565 728 1610 756 τι
1643 704 1778 773 φημί·
1818 710 1946 767 λαμ-

364 787 482 854 πρὸς
509 787 594 852 μὲν
619 789 644 839 ὁ
671 788 770 840 κατ’
800 787 997 854 οὐρανόν
1023 790 1155 839 ἐστιν
1180 789 1327 853 ἥλιος,
1355 786 1574 855 λαμπρὸς
1601 786 1649 838 δὲ
1676 788 1845 850 ὁμοίως
1875 788 1950 837 καὶ

365 871 391 921 ὃ
417 873 563 935 γῆθεν
588 870 804 937 ἄργυρος.
844 871 954 921 ἀλλ’
983 871 1010 935 ἡ
1038 869 1123 934 μὲν
1150 870 1297 940 φύσις
1321 874 1416 921 τῶν
1441 870 1691 937 εἰρημένων
1713 869 1950 937 διάφορος.

365 952 567 1003 νοείσθω
602 953 657 1003 δέ
687 975 757 1006 τις
790 951 935 1020 τυχὸν
961 956 1055 1004 τῶν
1081 954 1154 1004 ἐπὶ
1185 955 1273 1018 γῆς
1302 953 1552 1005 πλουσίων
1577 956 1674 1005 τοῖς
1700 951 1798 1002 κατ’
1825 949 1952 1002 οἶκον

365 1034 561 1089 οἰκέταις
588 1034 828 1099 Λαμπέτω
862 1034 1019 1100 λέγων
1054 1035 1078 1085 ὁ
1114 1035 1331 1101 ἄργυρος,
1359 1034 1513 1089 καθὼς
1547 1038 1621 1085 καὶ
1656 1034 1681 1084 ὁ
1717 1034 1861 1098 ἥλιος·
1904 1034 1952 1083 ἐν
1976 1055 2022 1080 10

365 1116 517 1186 τούτῳ
543 1114 600 1180 δὴ
627 1115 761 1180 μάλα
787 1117 973 1171 δικαίως
998 1118 1080 1168 οὐκ
1108 1120 1171 1171 εἰς
1194 1115 1280 1181 τὴν
1305 1117 1416 1180 ’ίσην
1442 1117 1708 1178 ἀναβαίνειν
1735 1115 1952 1180 λαμπρό-

328 1220 486 1263 θτητα
523 1202 590 1268 τῷ
627 1199 747 1269 ἡλίῳ
785 1198 871 1263 τὴν
906 1200 956 1250 ἐκ
994 1201 1083 1264 γῆς
1123 1202 1243 1263 ὕλην
1277 1197 1446 1267 φαμὲν,
1481 1199 1590 1249 ἀλλ’
1626 1202 1689 1252 εἰς
1727 1197 1954 1260 ὁμοίωσίν

365 1304 470 1332 τινα
511 1283 586 1331 καὶ
627 1280 887 1348 ἐμφέρειαν,
928 1282 1002 1331 καὶ
1045 1285 1082 1331 εἰ
1126 1281 1315 1347 φέροιτο
1361 1280 1459 1331 κατ’
1499 1281 1642 1331 αὐτοῦ
1682 1280 1735 1331 τό
1779 1278 1950 1334 Καθῶς·

369 1363 557 1430 Πέτρου
592 1361 641 1413 δὲ
677 1365 752 1413 καὶ
777 1362 999 1414 Ἰωάννου
1035 1363 1179 1431 τυχὸν
1202 1367 1297 1413 τῶν
1324 1363 1471 1428 ἁγίων
1501 1366 1725 1427 μαθητῶν
1754 1384 1948 1427 παρενε-

367 1444 576 1513 χθέντων
601 1448 663 1499 εἰς
688 1445 852 1508 μέσον,
880 1444 923 1495 οἳ
959 1447 1033 1496 καὶ
1068 1449 1134 1514 τῷ
1170 1448 1253 1508 τῆς
1289 1444 1480 1514 φύσεως
1515 1444 1661 1514 λόγῳ,
1689 1445 1764 1494 καὶ
1799 1447 1858 1512 τῇ
1892 1446 1955 1497 εἰς
1980 1466 2026 1504 15

369 1525 494 1578 Θεὸν
521 1527 736 1596 εὐσεβείᾳ
767 1530 850 1591 τῆς
884 1525 1002 1593 πρὸς
1038 1526 1282 1591 ἀλλήλους
1317 1529 1540 1593 ἀκριβοῦς
1575 1526 1848 1591 ὁμοιότητος
1874 1526 1957 1577 οὐκ

369 1608 797 1673 ἀπολιμπάνονται,
845 1609 1057 1677 τετάχθω
1108 1608 1162 1660 τό
1216 1607 1388 1672 Κοιθῶς,
1440 1608 1663 1675 λέγοντός
1718 1631 1802 1660 του
1849 1609 1959 1675 ,περὶ

370 1691 539 1755 αὐτῶν,
564 1693 625 1746 ὡς
660 1693 709 1743 ἐν
743 1691 1028 1761 ὑποκειμένῳ
1063 1690 1300 1755 Τιμάσθω
1332 1690 1462 1758 παρὰ
1498 1690 1690 1743 πάντων
1714 1690 1955 1754 Ἰωάννης,

373 1773 527 1827 καθὼς
565 1775 641 1824 καὶ
674 1775 699 1825 ὁ
734 1773 932 1841 Πέτρος·
977 1772 1068 1841 ἇρα
1103 1773 1156 1825 τό
1192 1772 1349 1829 Καθῶς
1383 1772 1603 1837 ἀτονήσει
1637 1772 1784 1824 πάλιν
1810 1776 1870 1826 εἰς
1905 1771 1959 1823 τὸ

148 1871 234 1905 228
249 1869 301 1904 A.
335 1879 357 1904 a
375 1853 439 1919 μὴ
475 1857 568 1906 δεῖν
602 1855 670 1907 ἐπ’
699 1856 878 1922 ἀμφοῖν
909 1854 996 1921 τὴν
1029 1856 1140 1920 ’ίσην
1176 1855 1378 1922 ἄγεσθαι
1415 1855 1586 1920 τιμήν,
1641 1856 1751 1906 ἀλλ’
1781 1855 1864 1906 οὐκ
1902 1852 1960 1905 ἂν
1983 1876 2031 1901 20

375 1935 507 2001 οἶμαί
543 1960 612 1992 τις
653 1936 708 1989 τὸ
748 1944 959 1989 τοιοῦτον
999 1939 1104 2005 ἐρεῖ·
1163 1937 1391 2005 θεωρήσει
1437 1937 1530 2005 γὰρ
1575 1936 1632 2003 δὴ
1677 1936 1731 1989 τὸ
1777 1936 1962 1988 κωλύον

373 2019 521 2071 οὐδέν.

450 2100 590 2152 Κατὰ
615 2100 790 2166 ταύτην
814 2107 897 2153 τοῦ
933 2101 1163 2166 νοήματος
1193 2100 1279 2165 τὴν
1305 2102 1578 2167 ἀναλογίαν,
1605 2100 1719 2153 ὅταν
1745 2099 1817 2169 ἐφ’
1845 2103 1964 2152 Υἱοῦ

373 2184 450 2234 καὶ
479 2182 668 2250 Πατρὸς
706 2183 904 2253 φέρηται
938 2183 993 2235 τό
1031 2181 1202 2246 Καθὼς,
1229 2183 1304 2234 διὰ
1339 2185 1480 2235 ποίαν
1510 2184 1660 2235 αἰτίαν
1692 2181 1960 2249 ἀποναρκή-

373 2288 525 2328 σομεν
552 2265 816 2332 ἰσομέτροις
843 2266 988 2332 ἄμφω
1015 2265 1330 2335 καταστέφειν
1356 2271 1540 2329 τιμαῖς,
1582 2265 1958 2333 προανασκεψά-
1985 2288 2034 2326 25

373 2370 512 2412 μενος
547 2346 641 2415 γὰρ
676 2350 738 2402 ὡς
764 2346 885 2401 Θεὸς
920 2347 979 2399 τὰ
1015 2346 1231 2412 ἐσόμενα,
1258 2349 1333 2399 καὶ
1366 2345 1452 2411 τὴν
1477 2348 1725 2410 βάσκανον
1755 2350 1837 2411 τῆς
1873 2350 1964 2411 σῆς

374 2428 576 2492 ἀμαθίας
610 2429 933 2496 περιαθρήσας
965 2430 1253 2494 ἀντιλογίαν,
1280 2431 1334 2481 οὐ
1369 2429 1550 2496 γυμνὸν
1576 2429 1722 2493 εὐθὺς,
1749 2428 1854 2481 οὐδὲ
1883 2431 1967 2493 τῆς

375 2512 501 2580 αὐτῷ
537 2510 812 2578 πρεπούσης
851 2511 1025 2578 ε’ρημον
1057 2513 1334 2579 ἐπικουρίας,
1370 2511 1425 2563 τό
1457 2510 1614 2567 Καθῶς
1652 2512 1964 2578 εἰσενήνοχεν,

329 2592 508 2644 bolma}
556 2599 657 2648 ταῖς
706 2593 793 2658 μὲν
837 2593 1154 2658 καθηκούσαις
1203 2595 1548 2662 προοχυρώσας
1600 2596 1963 2661 πληροφορίαις,

375 2677 723 2746 προαποδείξας
762 2676 810 2727 δὲ
849 2675 921 2727 ὅτι
959 2679 1034 2728 καὶ
1073 2676 1194 2730 Θεὸς
1235 2675 1437 2745 ὑπάρχοι
1476 2675 1596 2728 κατὰ
1637 2676 1801 2745 φύσιν·
1851 2675 1967 2726 ’ίδιον
1988 2695 2037 2731 3ο

425 2854 458 2888 8.
483 2853 603 2900 γῆθεν]
622 2855 771 2899 γνὸσθεν
789 2855 870 2899 (Sic)
890 2854 932 2890 Β.
1033 2866 1087 2890 11.
1113 2854 1285 2896 ἀναβαίνει
1304 2855 1347 2891 Β.
1454 2868 1506 2899 14.
1535 2856 1570 2890 δέ
1588 2867 1658 2890 om.
1679 2854 1720 2889 Β.
1830 2863 1883 2899 15.
1909 2854 1969 2897 τῆς

378 2901 425 2936 εἷς
443 2903 529 2935 Θεὸν
546 2902 723 2943 εὐσεβείας
742 2902 784 2936 Β.
955 2910 1008 2946 17.
1033 2917 1093 2937 του
1113 2902 1154 2936 Β.
1172 2917 1260 2938 τινος
1280 2902 1345 2937 Ed.
1513 2914 1569 2947 23.
1595 2902 1677 2935 κατὰ
1695 2901 1817 2945 ταύτην
1838 2901 1878 2934 Β.
1897 2900 1967 2934 κατ’

378 2947 482 2990 αὐτὴν
501 2947 568 2983 Ed.
697 2958 751 2991 ²5·
777 2950 1154 2995 προσανασκεψάμενος
1173 2949 1215 2983 B.
1341 2960 1396 2994 29.
1421 2951 1668 2995 προεχυρὼσας
1689 2948 1729 2982 Β.
1747 2949 1824 2983 vide
1844 2947 1969 2981 Lexica

382 2994 448 3029 sub
467 3006 550 3029 voce
569 2994 710 3040 ἐχυρόω.
