2084 3317
151 140 207 181 iii.
229 155 296 197 32.
390 145 463 185 IN
506 146 549 187 S.
583 147 922 191 JOANNEM.
988 151 1111 193 LIB.
1147 154 1206 194 ΙΙ.
1271 156 1404 198 CAP.
1440 159 1499 199 ΙΙ.
1660 163 1743 203 247

148 253 327 312 νοῶμεν
368 254 782 323 θεοπρεπέστερον,
827 280 902 310 και
946 263 1134 329 φησιν
1137 260 1194 314 Ο
1237 264 1399 334 ἑώρακε
1446 290 1522 318 και
1572 292 1740 332 movere,

146 355 265 383 τουτο
301 356 518 404 μαρτυρει.

402 510 477 552 Καὶ
515 512 592 554 τήν
628 516 866 573 μαρτυρίαν
905 518 1035 560 αὐτοῦ
1074 520 1216 563 οὐδεὶς
1255 526 1477 575 λαμβάνει.

217 641 328 709 Οὐχ
360 643 422 696 ὡς
452 643 654 708 μηδενος
680 648 934 714 δεχομενου
959 675 1028 709 την
1053 675 1305 722 μαρτυριαν,
1333 655 1402 706 ὅτι
1431 655 1487 721 δὴ
1513 659 1588 709 καὶ
1615 660 1737 714 Θεὸς

98 739 120 776 5
141 722 259 773 κατὰ
303 725 454 791 φύσιν
500 726 696 795 ὑπαρχει
740 731 968 796 Χριστὸς,
1015 733 1192 785 ἄνωθεν
1237 759 1286 787 τε
1330 742 1405 789 καὶ
1450 741 1499 790 ἐκ
1544 744 1737 810 Πατρὸς

139 804 424 870 ὁρμώμενος,
450 808 606 859 ἐπάνω
643 810 836 862 πάντων
867 813 982 876 ἐστι,
1011 814 1071 865 τὰ
1108 819 1302 868 τοιαῦτά
1338 824 1537 888 φησιν’
1517 846 1542 873 ο
1573 827 1727 887 μακά-

135 908 235 951 ριος
259 888 547 953 βαπτιστής·
590 895 766 943 πολλοι
795 893 887 961 γὰρ
913 896 1133 965 ἐδέξαντο
1159 921 1235 950 και
1268 904 1628 967 πεπιστεύκασι,
1655 910 1731 958 καὶ
1749 930 1771 954 a
1805 921 1885 956 166
1905 922 1957 957 A

136 966 229 1034 πρό
255 992 310 1035 γε
333 969 524 1022 πάντων
545 973 570 1022 ὁ
594 973 777 1039 Πετροε
804 976 947 1028 εἰπών
971 985 997 1007 “
1015 979 1083 1030 Συ
1110 978 1153 1030 εἰ
1176 982 1200 1032 ὁ
1222 982 1481 1049 Χριστος
1462 1007 1487 1035 ο
1506 986 1621 1042 Υἱὸς
1647 995 1730 1040 τοῦ
1791 999 1957 1075 Ξὲιῑίῗῑόῖῦ·

135 1055 163 1078 “
189 1053 315 1101 Θεοῦ
358 1058 441 1103 τοῦ
486 1052 702 1119 ζῶντος·”
761 1058 978 1113 ἀλλ’ὡς
1022 1065 1118 1111 τῶν
1156 1062 1323 1115 ἄλλων
1360 1066 1553 1118 πάντων
1591 1070 1730 1126 αὐτὸς

70 1154 116 1179 10
134 1132 472 1200 ἀκριβέστερον
518 1135 573 1186 τὸ
624 1137 746 1204 μέγα
796 1146 880 1191 τοῦ
929 1148 1195 1199 λαλοῦντος
1243 1147 1472 1212 ἐννοήσας
1522 1150 1726 1220 ἀξίωμα,

131 1217 384 1283 μονονουχὶ
422 1219 713 1274 κατασείσας
756 1220 841 1286 τὴν
880 1225 1112 1293 κεφαλὴν,
1151 1229 1228 1278 καὶ
1267 1234 1403 1299 μηρῷ
1444 1230 1531 1296 τὴν
1569 1234 1728 1303 δεξιὰν

131 1296 445 1363 ἐπικροτήσας
483 1301 802 1370 ἀποθαυμάζει
840 1310 936 1357 τῶν
971 1309 1291 1362 ἀπειθούντων
1326 1313 1453 1383 αὐτῷ
1489 1314 1576 1379 τὴν
1608 1316 1726 1368 ἀπό-

132 1399 277 1430 νοιαν.

180 1527 210 1551 1.
237 1518 255 1551 ὁ
273 1518 417 1563 ἑώρακεν
434 1534 487 1555 και
504 1525 668 1568 μαρτυρεῖ
683 1527 784 1560 τοῦτο
801 1528 854 1562 καὶ
872 1529 1017 1573 ἤκουσεν
1038 1530 1078 1565 Β.
1438 1546 1470 1570 2.
1495 1542 1656 1584 μαρτυρῶ
1677 1540 1722 1576 D.

129 1575 161 1608 9.
188 1564 305 1599 ἄλλων
320 1567 455 1602 πάντων
475 1568 515 1604 Β.
532 1569 688 1606 ἁπάντων
707 1572 772 1608 Ed
