2021 3296
294 726 426 772 ΤΟΥ
476 727 570 772 ΕΝ
617 727 848 772 ΑΓΙΟΙΣ
897 727 1175 773 ΠΑΤΡΟΣ
1226 730 1423 775 ΗΜΩΝ

533 905 1180 975 ΚΥΡΙΛΛΟΥ

373 1090 852 1120 ΑΡΧΙΕΠΙΣΚΟΠΟΥ
904 1091 1352 1127 ΑΛΕΞΑΝΔΡΕΙΑΣ,

448 1221 738 1259 EPMHNEIA
772 1222 906 1259 HTOI
937 1222 1268 1259 THOMNHMA

64 2208 92 2231 ‘⁶
117 2203 221 2252 ἐστι
256 2205 545 2261 καταβαῖνον
579 2208 672 2252 ἀπο
711 2223 794 2251 του
828 2225 1011 2267 neapo>
1062 2241 1137 2251 ‚m
1194 2250 1211 2268 Γ

63 2282 148 2346 μὲν
173 2282 268 2350 γὰρ
301 2281 552 2351 σφαλερόν
577 2305 627 2333 τε
662 2284 739 2333 καὶ
775 2284 857 2333 οὐκ
891 2281 1085 2348 ἀζήμιον
1117 2287 1213 2336 τοῖς
1246 2287 1462 2345 πολλοῖς,
1489 2284 1514 2333 ὁ
1548 2285 1653 2348 περὶ

0 2384 45 2422 15
64 2368 146 2429 τῆς
181 2362 405 2415 ἀνωτάτω
439 2369 612 2415 πασῶν
643 2365 808 2419 οὐσίας
844 2366 921 2415 καὶ
955 2369 1050 2415 τῶν
1075 2365 1175 2415 κατ’
1205 2363 1350 2429 αὐτὴν
1380 2366 1653 2431 μυστηρίων
1671 2377 1698 2417 b

64 2449 228 2513 ὁρᾶται
266 2445 424 2512 λόγος·
475 2449 635 2513 χρῆμα
674 2445 728 2497 δέ
758 2469 803 2496 τι
842 2446 1066 2497 κινδύνων
1106 2447 1478 2512 ἀπηλλαγμένον
1516 2447 1543 2510 ἡ
1580 2449 1653 2498 ἐπὶ

63 2527 244 2581 τούτοις
282 2525 415 2593 σιγή.
464 2528 575 2577 ἀλλ’
604 2527 825 2596 ἐξίστησι
861 2526 946 2590 μὲν
974 2528 1095 2591 ἡμᾶς
1133 2527 1321 2592 ταύτης,
1361 2528 1509 2578 καίτοι
1543 2529 1653 2579 λίαν

65 2610 136 2662 ὅτι
160 2608 394 2676 προσήκοι
424 2613 614 2660 σιωπᾶν
639 2608 888 2673 οἰομένους,
915 2610 941 2660 ὁ
967 2610 1042 2660 ἐπὶ
1066 2607 1258 2660 πάντων
1285 2608 1405 2662 Θεός
1432 2616 1458 2639 ‘⁶
1477 2609 1647 2675 Λάλει,
1714 2624 1804 2653 Acta
1817 2623 1874 2654 SS-

1713 2667 1801 2715 App.

1713 2720 1803 2740 xvm.
1822 2720 1853 2750 9.

114 2768 190 2803 Lib.
205 2778 236 2802 1.
249 2767 397 2802 Codices
410 2766 551 2802 B.D.E.
594 2766 764 2801 Praefatio
782 2765 878 2800 deest
896 2767 931 2800 in
943 2767 985 2801 E.
1015 2767 1068 2801 tit.
1080 2767 1185 2812 incip.
1199 2769 1259 2801 τοῦ
1276 2767 1464 2813 ἆγιωτάτου
1478 2770 1651 2814 Κυρίλλου

65 2815 334 2861 ἇρχιεπισκόπου
353 2814 400 2848 D.
605 2825 638 2859 9.
665 2811 756 2857 οἶμαι
774 2813 811 2846 δέ
827 2813 966 2847 inverso
984 2813 1106 2847 ordine
1125 2814 1166 2847 B.
1384 2825 1436 2849 12.
1463 2815 1499 2849 δέ
1517 2827 1587 2850 om.
1607 2816 1650 2851 B.

69 2874 123 2907 13.
149 2862 215 2896 ἀπὸ
234 2861 276 2895 Β.
293 2860 385 2904 παρὰ
403 2859 469 2895 Ed.
616 2872 666 2902 14.
694 2860 875 2917 σφαλερὸιε)
890 2860 957 2914 Ἃὰρ
974 2860 1112 2893 inverso
1129 2859 1250 2894 ordine
1271 2860 1311 2894 B.
1456 2871 1508 2907 15.
1534 2864 1652 2906 ὁρᾶται

65 2907 260 2953 μυστηρίων
275 2907 414 2941 inverso
431 2906 553 2941 ordine
571 2906 614 2941 B.
778 2914 830 2950 17.
855 2921 940 2950 ημας
957 2905 1078 2949 ταύτης
1096 2906 1162 2940 hoc
1181 2906 1302 2941 ordine
1322 2907 1364 2942 B.
1522 2910 1574 2943 18.
1600 2908 1651 2943 ὅτι

64 2954 232 3000 προσήκοι
251 2955 383 2988 σιωπᾶν
402 2952 443 2988 Β.
460 2952 478 2996 ἢ
497 2952 663 2999 προσήκοι
685 2951 866 2997 [προσήκει
885 2951 970 2997 Ed]
990 2954 1088 2997 τιμᾶν
1108 2952 1153 2986 D.
1174 2952 1265 2987 Edd.

125 3021 214 3049 von.
239 3021 272 3060 14
847 3020 872 3046 B
