<?xml version="1.0" encoding="UTF-8"?>
<!DOCTYPE html PUBLIC "-//W3C//DTD XHTML 1.0 Transitional//EN"
    "http://www.w3.org/TR/xhtml1/DTD/xhtml1-transitional.dtd">
<html xmlns="http://www.w3.org/1999/xhtml" xml:lang="en" lang="en">
 <head>
  <title>
</title>
<meta http-equiv="Content-Type" content="text/html;charset=utf-8" />
  <meta name='ocr-system' content='tesseract 3.04.00' />
  <meta name='ocr-capabilities' content='ocr_page ocr_carea ocr_par ocr_line ocrx_word'/>
</head>
<body>
  <div class='ocr_page' id='page_1' title='image "./operacyrilli03cyriuoft_0666.png"; bbox 0 0 2084 3317; ppageno 0'>
   <div class='ocr_carea' id='block_1_1' title="bbox 339 152 1923 204">
    <p class='ocr_par' dir='ltr' id='par_1_1' title="bbox 339 152 1923 204">
     <span class='ocr_line' id='line_1_1' title="bbox 339 152 1923 204; baseline -0.002 -11"><span class='ocrx_word' id='word_1_1' title='bbox 339 155 422 195; x_wconf 79' lang='lat'>578</span> <span class='ocrx_word' id='word_1_2' title='bbox 741 153 790 196; x_wconf 91' lang='grc' dir='ltr'>Β.</span> <span class='ocrx_word' id='word_1_3' title='bbox 823 153 1095 195; x_wconf 84' lang='lat' dir='ltr'>CYRILLI</span> <span class='ocrx_word' id='word_1_4' title='bbox 1138 153 1515 194; x_wconf 87' lang='lat' dir='ltr'><strong>ALEXANDR.</strong></span> <span class='ocrx_word' id='word_1_5' title='bbox 1695 152 1750 192; x_wconf 86' lang='lat' dir='ltr'>vi.</span> <span class='ocrx_word' id='word_1_6' title='bbox 1772 162 1837 204; x_wconf 89' lang='lat'>70,</span> <span class='ocrx_word' id='word_1_7' title='bbox 1857 162 1923 203; x_wconf 85' lang='lat'>71.</span> 
     </span>
    </p>
   </div>
   <div class='ocr_carea' id='block_1_2' title="bbox 121 261 2008 2459">
    <p class='ocr_par' dir='ltr' id='par_1_2' title="bbox 121 261 2008 2459">
     <span class='ocr_line' id='line_1_2' title="bbox 301 261 1920 331; baseline -0.002 -17"><span class='ocrx_word' id='word_1_8' title='bbox 301 262 549 314; x_wconf 72' lang='grc' dir='ltr'>υὲστοίναι·</span> <span class='ocrx_word' id='word_1_9' title='bbox 613 264 761 314; x_wconf 86' lang='grc' dir='ltr'>δεινὸν</span> <span class='ocrx_word' id='word_1_10' title='bbox 807 265 852 314; x_wconf 92' lang='grc' dir='ltr'>δ’</span> <span class='ocrx_word' id='word_1_11' title='bbox 898 263 967 314; x_wconf 79' lang='grc' dir='ltr'>ὅτι</span> <span class='ocrx_word' id='word_1_12' title='bbox 1013 267 1172 330; x_wconf 79' lang='grc' dir='ltr'>χρῆμα</span> <span class='ocrx_word' id='word_1_13' title='bbox 1216 265 1292 314; x_wconf 75' lang='grc' dir='ltr'>καὶ</span> <span class='ocrx_word' id='word_1_14' title='bbox 1335 263 1652 331; x_wconf 85' lang='grc' dir='ltr'>πολύμορφον</span> <span class='ocrx_word' id='word_1_15' title='bbox 1697 261 1920 326; x_wconf 85' lang='grc' dir='ltr'>ἁμαρτία,</span> 
     </span>
     <span class='ocr_line' id='line_1_3' title="bbox 339 343 1923 412; baseline -0.003 -17"><span class='ocrx_word' id='word_1_16' title='bbox 339 345 659 411; x_wconf 79' lang='grc' dir='ltr'>πολυτρόποις</span> <span class='ocrx_word' id='word_1_17' title='bbox 693 346 880 409; x_wconf 81' lang='grc' dir='ltr'>ἡδοναῖς</span> <span class='ocrx_word' id='word_1_18' title='bbox 916 345 997 396; x_wconf 83' lang='grc' dir='ltr'>τὸν</span> <span class='ocrx_word' id='word_1_19' title='bbox 1024 346 1320 412; x_wconf 91' lang='grc' dir='ltr'>ἀνθρώπινον</span> <span class='ocrx_word' id='word_1_20' title='bbox 1346 343 1760 411; x_wconf 82' lang='grc' dir='ltr'>καταγοητεύουσα</span> <span class='ocrx_word' id='word_1_21' title='bbox 1795 346 1923 402; x_wconf 83' lang='grc' dir='ltr'>νοῦν,</span> 
     </span>
     <span class='ocr_line' id='line_1_4' title="bbox 341 422 1925 493; baseline -0.003 -16"><span class='ocrx_word' id='word_1_22' title='bbox 341 429 417 477; x_wconf 77' lang='grc' dir='ltr'>καὶ</span> <span class='ocrx_word' id='word_1_23' title='bbox 450 426 713 480; x_wconf 85' lang='grc' dir='ltr'>λειοτάταις</span> <span class='ocrx_word' id='word_1_24' title='bbox 749 425 912 493; x_wconf 80' lang='grc' dir='ltr'>ὥσπερ</span> <span class='ocrx_word' id='word_1_25' title='bbox 951 427 1213 491; x_wconf 80' lang='grc' dir='ltr'>ἐπιθυμίαις</span> <span class='ocrx_word' id='word_1_26' title='bbox 1252 431 1315 482; x_wconf 83' lang='grc' dir='ltr'>εἷς</span> <span class='ocrx_word' id='word_1_27' title='bbox 1351 424 1381 477; x_wconf 82' lang='grc' dir='ltr'>ἃ</span> <span class='ocrx_word' id='word_1_28' title='bbox 1413 425 1478 490; x_wconf 88' lang='grc' dir='ltr'>μὴ</span> <span class='ocrx_word' id='word_1_29' title='bbox 1511 428 1753 491; x_wconf 81' lang='grc' dir='ltr'>προσῆκεν</span> <span class='ocrx_word' id='word_1_30' title='bbox 1785 422 1925 491; x_wconf 73' lang='grc' dir='ltr'>ἐξέλ-</span> 
     </span>
     <span class='ocr_line' id='line_1_5' title="bbox 341 504 1927 577; baseline -0.003 -18"><span class='ocrx_word' id='word_1_31' title='bbox 341 528 508 559; x_wconf 90' lang='grc' dir='ltr'>κουσα·</span> <span class='ocrx_word' id='word_1_32' title='bbox 558 507 819 573; x_wconf 81' lang='grc' dir='ltr'>ὑπόδειγμα</span> <span class='ocrx_word' id='word_1_33' title='bbox 856 508 912 559; x_wconf 84' lang='grc' dir='ltr'>δέ</span> <span class='ocrx_word' id='word_1_34' title='bbox 939 531 1017 571; x_wconf 91' lang='grc' dir='ltr'>μοι</span> <span class='ocrx_word' id='word_1_35' title='bbox 1053 513 1137 559; x_wconf 83' lang='grc' dir='ltr'>τοῦ</span> <span class='ocrx_word' id='word_1_36' title='bbox 1171 507 1334 574; x_wconf 80' lang='grc' dir='ltr'>λόγου,</span> <span class='ocrx_word' id='word_1_37' title='bbox 1363 510 1526 577; x_wconf 73' lang='grc' dir='ltr'>φησὶν,</span> <span class='ocrx_word' id='word_1_38' title='bbox 1555 507 1690 558; x_wconf 80' lang='grc' dir='ltr'>ἕσται</span> <span class='ocrx_word' id='word_1_39' title='bbox 1726 504 1780 557; x_wconf 84' lang='grc' dir='ltr'>τὸ</span> <span class='ocrx_word' id='word_1_40' title='bbox 1819 504 1927 555; x_wconf 88' lang='grc' dir='ltr'>καθ’</span> 
     </span>
     <span class='ocr_line' id='line_1_6' title="bbox 342 587 1972 657; baseline -0.004 -17"><span class='ocrx_word' id='word_1_41' title='bbox 342 591 472 652; x_wconf 82' lang='grc' dir='ltr'>ὑμᾶς.</span> <span class='ocrx_word' id='word_1_42' title='bbox 521 592 609 656; x_wconf 84' lang='grc' dir='ltr'>ε’ρῶ</span> <span class='ocrx_word' id='word_1_43' title='bbox 636 589 730 655; x_wconf 80' lang='grc' dir='ltr'>γὰρ</span> <span class='ocrx_word' id='word_1_44' title='bbox 756 590 881 643; x_wconf 86' lang='grc' dir='ltr'>τέως·</span> <span class='ocrx_word' id='word_1_45' title='bbox 918 590 1082 640; x_wconf 79' lang='grc' dir='ltr'>οὐδένα</span> <span class='ocrx_word' id='word_1_46' title='bbox 1108 590 1293 640; x_wconf 85' lang='grc' dir='ltr'>ἐκείνων</span> <span class='ocrx_word' id='word_1_47' title='bbox 1319 594 1413 640; x_wconf 83' lang='grc' dir='ltr'>τῶν</span> <span class='ocrx_word' id='word_1_48' title='bbox 1437 590 1492 657; x_wconf 77' lang='grc' dir='ltr'>ἐξ</span> <span class='ocrx_word' id='word_1_49' title='bbox 1515 589 1746 656; x_wconf 86' lang='grc' dir='ltr'>ἐλαφρίας</span> <span class='ocrx_word' id='word_1_50' title='bbox 1773 587 1929 637; x_wconf 85' lang='grc' dir='ltr'>ὀπίσω</span> <span class='ocrx_word' id='word_1_51' title='bbox 1951 603 1972 641; x_wconf 88' lang='grc'>5</span> 
     </span>
     <span class='ocr_line' id='line_1_7' title="bbox 340 666 1930 741; baseline -0.001 -19"><span class='ocrx_word' id='word_1_52' title='bbox 340 669 600 733; x_wconf 86' lang='grc' dir='ltr'>πεσόντων,</span> <span class='ocrx_word' id='word_1_53' title='bbox 628 673 690 725; x_wconf 87' lang='grc' dir='ltr'>ὡς</span> <span class='ocrx_word' id='word_1_54' title='bbox 721 671 929 737; x_wconf 77' lang='grc' dir='ltr'>ἀγαθοὺς</span> <span class='ocrx_word' id='word_1_55' title='bbox 962 674 1082 740; x_wconf 62' lang='grc' dir='ltr'>ὑμᾶς</span> <span class='ocrx_word' id='word_1_56' title='bbox 1108 669 1403 741; x_wconf 65' lang='grc' dir='ltr'>ἐπελεξάμην·</span> <span class='ocrx_word' id='word_1_57' title='bbox 1446 670 1573 739; x_wconf 85' lang='grc' dir='ltr'>ᾔδειν</span> <span class='ocrx_word' id='word_1_58' title='bbox 1599 669 1693 736; x_wconf 79' lang='grc' dir='ltr'>γὰρ</span> <span class='ocrx_word' id='word_1_59' title='bbox 1720 671 1781 722; x_wconf 81' lang='grc' dir='ltr'>ὡς</span> <span class='ocrx_word' id='word_1_60' title='bbox 1808 666 1930 720; x_wconf 77' lang='grc' dir='ltr'>Θεὸς·</span> 
     </span>
     <span class='ocr_line' id='line_1_8' title="bbox 340 751 1926 822; baseline 0 -20"><span class='ocrx_word' id='word_1_61' title='bbox 340 751 400 803; x_wconf 81' lang='grc' dir='ltr'>τὰ</span> <span class='ocrx_word' id='word_1_62' title='bbox 434 754 483 803; x_wconf 83' lang='grc' dir='ltr'>ἐν</span> <span class='ocrx_word' id='word_1_63' title='bbox 510 753 633 816; x_wconf 82' lang='grc' dir='ltr'>ὑμῖν·</span> <span class='ocrx_word' id='word_1_64' title='bbox 676 753 787 803; x_wconf 89' lang='grc' dir='ltr'>ἀλλ’</span> <span class='ocrx_word' id='word_1_65' title='bbox 817 753 1034 817; x_wconf 83' lang='grc' dir='ltr'>ἥρπασεν</span> <span class='ocrx_word' id='word_1_66' title='bbox 1061 754 1110 804; x_wconf 88' lang='grc' dir='ltr'>ἐν</span> <span class='ocrx_word' id='word_1_67' title='bbox 1135 754 1264 822; x_wconf 79' lang='grc' dir='ltr'>ἀδείᾳ</span> <span class='ocrx_word' id='word_1_68' title='bbox 1299 752 1601 821; x_wconf 84' lang='grc' dir='ltr'>φιλοκερδίας</span> <span class='ocrx_word' id='word_1_69' title='bbox 1637 752 1661 801; x_wconf 84' lang='grc' dir='ltr'>ὁ</span> <span class='ocrx_word' id='word_1_70' title='bbox 1695 753 1926 811; x_wconf 76' lang='grc' dir='ltr'>σατανᾶς,</span> 
     </span>
     <span class='ocr_line' id='line_1_9' title="bbox 341 830 1931 904; baseline -0.002 -20"><span class='ocrx_word' id='word_1_71' title='bbox 341 836 417 884; x_wconf 85' lang='grc' dir='ltr'>καὶ</span> <span class='ocrx_word' id='word_1_72' title='bbox 449 835 502 885; x_wconf 83' lang='grc' dir='ltr'>οὐ</span> <span class='ocrx_word' id='word_1_73' title='bbox 538 834 817 902; x_wconf 78' lang='grc' dir='ltr'>διέψευσται</span> <span class='ocrx_word' id='word_1_74' title='bbox 851 833 1040 888; x_wconf 81' lang='grc' dir='ltr'>πάντως</span> <span class='ocrx_word' id='word_1_75' title='bbox 1078 837 1245 904; x_wconf 78' lang='grc' dir='ltr'>ψῆφος</span> <span class='ocrx_word' id='word_1_76' title='bbox 1284 835 1312 899; x_wconf 86' lang='grc' dir='ltr'>ἡ</span> <span class='ocrx_word' id='word_1_77' title='bbox 1350 833 1450 899; x_wconf 89' lang='grc' dir='ltr'>ε’μή.</span> <span class='ocrx_word' id='word_1_78' title='bbox 1490 832 1814 900; x_wconf 78' lang='grc' dir='ltr'>προαιρετικὸν</span> <span class='ocrx_word' id='word_1_79' title='bbox 1837 830 1931 897; x_wconf 82' lang='grc' dir='ltr'>γὰρ</span> 
     </span>
     <span class='ocr_line' id='line_1_10' title="bbox 295 913 1932 986; baseline -0.001 -19"><span class='ocrx_word' id='word_1_80' title='bbox 295 918 322 959; x_wconf 81' lang='lat' dir='ltr'><strong>d</strong></span> <span class='ocrx_word' id='word_1_81' title='bbox 341 918 388 967; x_wconf 85' lang='grc' dir='ltr'>ἐν</span> <span class='ocrx_word' id='word_1_82' title='bbox 413 915 677 982; x_wconf 87' lang='grc' dir='ltr'>ἀνθρώποις</span> <span class='ocrx_word' id='word_1_83' title='bbox 716 919 792 967; x_wconf 83' lang='grc' dir='ltr'>καὶ</span> <span class='ocrx_word' id='word_1_84' title='bbox 824 917 1100 983; x_wconf 81' lang='grc' dir='ltr'>αὐθαίρετον</span> <span class='ocrx_word' id='word_1_85' title='bbox 1132 916 1187 967; x_wconf 83' lang='grc' dir='ltr'>τὸ</span> <span class='ocrx_word' id='word_1_86' title='bbox 1223 917 1292 968; x_wconf 80' lang='grc' dir='ltr'>ἐπ’</span> <span class='ocrx_word' id='word_1_87' title='bbox 1322 916 1468 986; x_wconf 78' lang='grc' dir='ltr'>ἄμφω</span> <span class='ocrx_word' id='word_1_88' title='bbox 1502 916 1720 982; x_wconf 75' lang='grc' dir='ltr'>βαδίζειν,</span> <span class='ocrx_word' id='word_1_89' title='bbox 1746 913 1834 965; x_wconf 85' lang='grc' dir='ltr'>ε’ίτε</span> <span class='ocrx_word' id='word_1_90' title='bbox 1869 916 1932 966; x_wconf 80' lang='grc' dir='ltr'>εἷς’</span> 
     </span>
     <span class='ocr_line' id='line_1_11' title="bbox 341 996 2004 1067; baseline -0.004 -18"><span class='ocrx_word' id='word_1_91' title='bbox 341 998 496 1067; x_wconf 78' lang='grc' dir='ltr'>δεξιὸν</span> <span class='ocrx_word' id='word_1_92' title='bbox 523 999 600 1050; x_wconf 77' lang='grc' dir='ltr'>εἴτ’</span> <span class='ocrx_word' id='word_1_93' title='bbox 628 999 710 1049; x_wconf 76' lang='grc' dir='ltr'>οὖν</span> <span class='ocrx_word' id='word_1_94' title='bbox 737 1003 799 1053; x_wconf 79' lang='grc' dir='ltr'>εἰς</span> <span class='ocrx_word' id='word_1_95' title='bbox 834 998 1099 1066; x_wconf 80' lang='grc' dir='ltr'>ἀριστερὸν,</span> <span class='ocrx_word' id='word_1_96' title='bbox 1127 998 1298 1065; x_wconf 88' lang='grc' dir='ltr'>ἀρετὴν</span> <span class='ocrx_word' id='word_1_97' title='bbox 1323 997 1371 1050; x_wconf 81' lang='grc' dir='ltr'>δὲ</span> <span class='ocrx_word' id='word_1_98' title='bbox 1403 998 1625 1062; x_wconf 87' lang='grc' dir='ltr'>δηλονότι</span> <span class='ocrx_word' id='word_1_99' title='bbox 1657 999 1732 1048; x_wconf 84' lang='grc' dir='ltr'>καὶ</span> <span class='ocrx_word' id='word_1_100' title='bbox 1768 996 1932 1047; x_wconf 89' lang='grc' dir='ltr'>κακίαν</span> <span class='ocrx_word' id='word_1_101' title='bbox 1956 1017 2004 1042; x_wconf 94' lang='lat'>10</span> 
     </span>
     <span class='ocr_line' id='line_1_12' title="bbox 342 1078 1934 1150; baseline -0.003 -19"><span class='ocrx_word' id='word_1_102' title='bbox 342 1081 480 1150; x_wconf 92' lang='grc' dir='ltr'>φημί.</span> <span class='ocrx_word' id='word_1_103' title='bbox 538 1082 656 1144; x_wconf 85' lang='grc' dir='ltr'>ὁμοῦ</span> <span class='ocrx_word' id='word_1_104' title='bbox 700 1086 953 1147; x_wconf 82' lang='grc' dir='ltr'>τοιγαροῦν</span> <span class='ocrx_word' id='word_1_105' title='bbox 995 1081 1070 1132; x_wconf 81' lang='grc' dir='ltr'>διὰ</span> <span class='ocrx_word' id='word_1_106' title='bbox 1113 1086 1198 1132; x_wconf 86' lang='grc' dir='ltr'>τοῦ</span> <span class='ocrx_word' id='word_1_107' title='bbox 1241 1082 1319 1132; x_wconf 81' lang='grc' dir='ltr'>καὶ</span> <span class='ocrx_word' id='word_1_108' title='bbox 1362 1079 1582 1147; x_wconf 74' lang='grc' dir='ltr'>μειζόνως</span> <span class='ocrx_word' id='word_1_109' title='bbox 1626 1078 1934 1142; x_wconf 85' lang='grc' dir='ltr'>ἐπισκήπτειν</span> 
     </span>
     <span class='ocr_line' id='line_1_13' title="bbox 341 1159 1930 1230; baseline -0.003 -17"><span class='ocrx_word' id='word_1_110' title='bbox 341 1164 511 1225; x_wconf 80' lang='grc' dir='ltr'>αὐτοῖς,</span> <span class='ocrx_word' id='word_1_111' title='bbox 539 1164 614 1213; x_wconf 77' lang='grc' dir='ltr'>καὶ</span> <span class='ocrx_word' id='word_1_112' title='bbox 641 1165 704 1216; x_wconf 82' lang='grc' dir='ltr'>εἷς</span> <span class='ocrx_word' id='word_1_113' title='bbox 730 1165 878 1230; x_wconf 78' lang='grc' dir='ltr'>νῆψιν</span> <span class='ocrx_word' id='word_1_114' title='bbox 903 1163 1066 1229; x_wconf 88' lang='grc' dir='ltr'>ἐγείρει</span> <span class='ocrx_word' id='word_1_115' title='bbox 1090 1161 1178 1226; x_wconf 80' lang='grc' dir='ltr'>τὴν</span> <span class='ocrx_word' id='word_1_116' title='bbox 1203 1163 1498 1228; x_wconf 88' lang='grc' dir='ltr'>πρέπουσαν,</span> <span class='ocrx_word' id='word_1_117' title='bbox 1525 1163 1602 1213; x_wconf 77' lang='grc' dir='ltr'>καὶ</span> <span class='ocrx_word' id='word_1_118' title='bbox 1628 1162 1677 1212; x_wconf 87' lang='grc' dir='ltr'>ἐν</span> <span class='ocrx_word' id='word_1_119' title='bbox 1701 1165 1797 1213; x_wconf 84' lang='grc' dir='ltr'>τοῖς</span> <span class='ocrx_word' id='word_1_120' title='bbox 1824 1159 1930 1210; x_wconf 78' lang='grc' dir='ltr'>καθ’</span> 
     </span>
     <span class='ocr_line' id='line_1_14' title="bbox 340 1240 1933 1312; baseline -0.001 -17"><span class='ocrx_word' id='word_1_121' title='bbox 340 1244 519 1307; x_wconf 84' lang='grc' dir='ltr'>ἑαυτὸν,</span> <span class='ocrx_word' id='word_1_122' title='bbox 547 1244 750 1295; x_wconf 84' lang='grc' dir='ltr'>ἕκαστον</span> <span class='ocrx_word' id='word_1_123' title='bbox 775 1244 1148 1312; x_wconf 80' lang='grc' dir='ltr'>ἀσφαλέστερον</span> <span class='ocrx_word' id='word_1_124' title='bbox 1174 1243 1496 1311; x_wconf 75' lang='grc' dir='ltr'>ἀπεργάζεται·</span> <span class='ocrx_word' id='word_1_125' title='bbox 1537 1241 1591 1294; x_wconf 79' lang='grc' dir='ltr'>τὸ</span> <span class='ocrx_word' id='word_1_126' title='bbox 1626 1241 1713 1307; x_wconf 80' lang='grc' dir='ltr'>μὲν</span> <span class='ocrx_word' id='word_1_127' title='bbox 1736 1240 1829 1308; x_wconf 80' lang='grc' dir='ltr'>γὰρ</span> <span class='ocrx_word' id='word_1_128' title='bbox 1863 1242 1933 1294; x_wconf 83' lang='grc' dir='ltr'>τίς</span> 
     </span>
     <span class='ocr_line' id='line_1_15' title="bbox 341 1324 1933 1394; baseline -0.004 -16"><span class='ocrx_word' id='word_1_129' title='bbox 341 1329 367 1378; x_wconf 82' lang='grc' dir='ltr'>ὁ</span> <span class='ocrx_word' id='word_1_130' title='bbox 393 1326 697 1393; x_wconf 83' lang='grc' dir='ltr'>παραδώσων</span> <span class='ocrx_word' id='word_1_131' title='bbox 723 1324 880 1387; x_wconf 82' lang='grc' dir='ltr'>αὐτὸν,</span> <span class='ocrx_word' id='word_1_132' title='bbox 907 1328 1038 1378; x_wconf 78' lang='grc' dir='ltr'>οὔπω</span> <span class='ocrx_word' id='word_1_133' title='bbox 1075 1326 1204 1392; x_wconf 91' lang='grc' dir='ltr'>λέγει</span> <span class='ocrx_word' id='word_1_134' title='bbox 1239 1330 1427 1394; x_wconf 83' lang='grc' dir='ltr'>σαφῶς·</span> <span class='ocrx_word' id='word_1_135' title='bbox 1468 1328 1532 1377; x_wconf 82' lang='grc' dir='ltr'>ἑνὶ</span> <span class='ocrx_word' id='word_1_136' title='bbox 1569 1324 1618 1376; x_wconf 81' lang='grc' dir='ltr'>δὲ</span> <span class='ocrx_word' id='word_1_137' title='bbox 1655 1326 1821 1377; x_wconf 85' lang='grc' dir='ltr'>ἁπλῶς</span> <span class='ocrx_word' id='word_1_138' title='bbox 1857 1325 1933 1374; x_wconf 86' lang='grc' dir='ltr'>καὶ</span> 
     </span>
     <span class='ocr_line' id='line_1_16' title="bbox 341 1407 2002 1476; baseline -0.004 -16"><span class='ocrx_word' id='word_1_139' title='bbox 341 1409 622 1475; x_wconf 85' lang='grc' dir='ltr'>ἀδιορίστως</span> <span class='ocrx_word' id='word_1_140' title='bbox 670 1411 752 1472; x_wconf 88' lang='grc' dir='ltr'>τῆς</span> <span class='ocrx_word' id='word_1_141' title='bbox 806 1409 1026 1469; x_wconf 84' lang='grc' dir='ltr'>ἀσεβείας</span> <span class='ocrx_word' id='word_1_142' title='bbox 1077 1409 1249 1462; x_wconf 78' lang='grc' dir='ltr'>ἐπιθεὶς</span> <span class='ocrx_word' id='word_1_143' title='bbox 1298 1408 1352 1459; x_wconf 89' lang='grc' dir='ltr'>τὸ</span> <span class='ocrx_word' id='word_1_144' title='bbox 1404 1408 1614 1476; x_wconf 86' lang='grc' dir='ltr'>φορτίον,</span> <span class='ocrx_word' id='word_1_145' title='bbox 1659 1410 1723 1461; x_wconf 75' lang='grc' dir='ltr'>εἷς</span> <span class='ocrx_word' id='word_1_146' title='bbox 1772 1407 1934 1472; x_wconf 82' lang='grc' dir='ltr'>ἀγῶνα</span> <span class='ocrx_word' id='word_1_147' title='bbox 1956 1426 2002 1464; x_wconf 89' lang='lat'>15</span> 
     </span>
     <span class='ocr_line' id='line_1_17' title="bbox 342 1486 1928 1559; baseline -0.004 -17"><span class='ocrx_word' id='word_1_148' title='bbox 342 1493 546 1555; x_wconf 86' lang='grc' dir='ltr'>καθίστη</span> <span class='ocrx_word' id='word_1_149' title='bbox 581 1488 690 1544; x_wconf 77' lang='grc' dir='ltr'>τοὺς</span> <span class='ocrx_word' id='word_1_150' title='bbox 723 1490 918 1553; x_wconf 83' lang='grc' dir='ltr'>πάντας,</span> <span class='ocrx_word' id='word_1_151' title='bbox 945 1492 1021 1540; x_wconf 77' lang='grc' dir='ltr'>καὶ</span> <span class='ocrx_word' id='word_1_152' title='bbox 1055 1489 1176 1556; x_wconf 80' lang='grc' dir='ltr'>πρὸς</span> <span class='ocrx_word' id='word_1_153' title='bbox 1211 1492 1360 1559; x_wconf 81' lang='grc' dir='ltr'>νῆψιν</span> <span class='ocrx_word' id='word_1_154' title='bbox 1386 1489 1729 1556; x_wconf 77' lang='grc' dir='ltr'>ἀκριβεστέραν</span> <span class='ocrx_word' id='word_1_155' title='bbox 1754 1486 1928 1549; x_wconf 82' lang='grc' dir='ltr'>ἐκάλει,</span> 
     </span>
     <span class='ocr_line' id='line_1_18' title="bbox 303 1568 1929 1643; baseline -0.004 -18"><span class='ocrx_word' id='word_1_156' title='bbox 303 1574 745 1643; x_wconf 79' lang='grc' dir='ltr'>θκαταφρίττοντος</span> <span class='ocrx_word' id='word_1_157' title='bbox 795 1570 1000 1623; x_wconf 81' lang='grc' dir='ltr'>ἑκάστου</span> <span class='ocrx_word' id='word_1_158' title='bbox 1050 1575 1133 1635; x_wconf 85' lang='grc' dir='ltr'>τῆς</span> <span class='ocrx_word' id='word_1_159' title='bbox 1184 1573 1351 1623; x_wconf 82' lang='grc' dir='ltr'>ἑαυτοῦ</span> <span class='ocrx_word' id='word_1_160' title='bbox 1402 1575 1565 1640; x_wconf 77' lang='grc' dir='ltr'>ψυχῆς</span> <span class='ocrx_word' id='word_1_161' title='bbox 1615 1570 1701 1636; x_wconf 84' lang='grc' dir='ltr'>τὴν</span> <span class='ocrx_word' id='word_1_162' title='bbox 1747 1568 1929 1636; x_wconf 85' lang='grc' dir='ltr'>ζημίαν.</span> 
     </span>
     <span class='ocr_line' id='line_1_19' title="bbox 343 1653 1935 1722; baseline -0.003 -15"><span class='ocrx_word' id='word_1_163' title='bbox 343 1658 460 1718; x_wconf 85' lang='grc' dir='ltr'>ὁμοῦ</span> <span class='ocrx_word' id='word_1_164' title='bbox 503 1656 558 1707; x_wconf 86' lang='grc' dir='ltr'>δέ</span> <span class='ocrx_word' id='word_1_165' title='bbox 592 1678 637 1706; x_wconf 93' lang='grc' dir='ltr'>τι</span> <span class='ocrx_word' id='word_1_166' title='bbox 677 1655 857 1708; x_wconf 82' lang='grc' dir='ltr'>τούτοις</span> <span class='ocrx_word' id='word_1_167' title='bbox 897 1655 974 1705; x_wconf 82' lang='grc' dir='ltr'>καὶ</span> <span class='ocrx_word' id='word_1_168' title='bbox 1018 1653 1177 1720; x_wconf 79' lang='grc' dir='ltr'>ἕτερον</span> <span class='ocrx_word' id='word_1_169' title='bbox 1216 1653 1433 1705; x_wconf 78' lang='grc' dir='ltr'>ἀπετέλει</span> <span class='ocrx_word' id='word_1_170' title='bbox 1475 1657 1533 1722; x_wconf 82' lang='grc' dir='ltr'>τῇ</span> <span class='ocrx_word' id='word_1_171' title='bbox 1574 1657 1670 1704; x_wconf 84' lang='grc' dir='ltr'>τῶν</span> <span class='ocrx_word' id='word_1_172' title='bbox 1710 1655 1935 1716; x_wconf 80' lang='grc' dir='ltr'>μαθητῶν</span> 
     </span>
     <span class='ocr_line' id='line_1_20' title="bbox 342 1726 1931 1806; baseline -0.003 -17"><span class='ocrx_word' id='word_1_173' title='bbox 342 1726 563 1806; x_wconf 72' lang='grc' dir='ltr'>εὐπιστία</span> <span class='ocrx_word' id='word_1_174' title='bbox 607 1735 870 1790; x_wconf 86' lang='grc' dir='ltr'>λυσιτελές.</span> <span class='ocrx_word' id='word_1_175' title='bbox 930 1733 1086 1799; x_wconf 86' lang='grc' dir='ltr'>ἐπειδὴ</span> <span class='ocrx_word' id='word_1_176' title='bbox 1131 1734 1225 1802; x_wconf 85' lang='grc' dir='ltr'>γάρ</span> <span class='ocrx_word' id='word_1_177' title='bbox 1268 1736 1433 1786; x_wconf 77' lang='grc' dir='ltr'>εἰδέναι</span> <span class='ocrx_word' id='word_1_178' title='bbox 1475 1733 1931 1800; x_wconf 88' lang='grc' dir='ltr'>καθωμολογήκασι,</span> 
     </span>
     <span class='ocr_line' id='line_1_21' title="bbox 121 1815 2007 1885; baseline -0.003 -13"><span class='ocrx_word' id='word_1_179' title='bbox 121 1835 227 1874; x_wconf 78' lang='lat' dir='ltr'>Supra</span> <span class='ocrx_word' id='word_1_180' title='bbox 342 1819 704 1871; x_wconf 79' lang='grc' dir='ltr'>πεπιστευκέναι</span> <span class='ocrx_word' id='word_1_181' title='bbox 737 1841 787 1868; x_wconf 91' lang='grc' dir='ltr'>τε</span> <span class='ocrx_word' id='word_1_182' title='bbox 819 1816 1076 1885; x_wconf 84' lang='grc' dir='ltr'>ἀραρότως,</span> <span class='ocrx_word' id='word_1_183' title='bbox 1105 1818 1267 1884; x_wconf 80' lang='grc' dir='ltr'>ὅτιπερ</span> <span class='ocrx_word' id='word_1_184' title='bbox 1294 1816 1433 1872; x_wconf 80' lang='grc' dir='ltr'>αὐτός</span> <span class='ocrx_word' id='word_1_185' title='bbox 1460 1819 1591 1868; x_wconf 86' lang='grc' dir='ltr'>ἐστιν</span> <span class='ocrx_word' id='word_1_186' title='bbox 1618 1818 1684 1867; x_wconf 72' lang='lat'>“6</span> <span class='ocrx_word' id='word_1_187' title='bbox 1711 1815 1826 1870; x_wconf 79' lang='grc' dir='ltr'>Υἱὸς</span> <span class='ocrx_word' id='word_1_188' title='bbox 1851 1821 1934 1867; x_wconf 88' lang='grc' dir='ltr'>τοῦ</span> <span class='ocrx_word' id='word_1_189' title='bbox 1957 1839 2007 1865; x_wconf 89' lang='lat'>20</span> 
     </span>
     <span class='ocr_line' id='line_1_22' title="bbox 122 1876 1936 1970; baseline -0.003 -17"><span class='ocrx_word' id='word_1_190' title='bbox 122 1876 256 1918; x_wconf 77' lang='lat' dir='ltr'>ve1.69.</span> <span class='ocrx_word' id='word_1_191' title='bbox 345 1909 371 1931; x_wconf 77' lang='lat'>‘⁴</span> <span class='ocrx_word' id='word_1_192' title='bbox 399 1900 564 1963; x_wconf 78' lang='grc' dir='ltr'>Θεοῦ,”</span> <span class='ocrx_word' id='word_1_193' title='bbox 594 1901 810 1970; x_wconf 89' lang='grc' dir='ltr'>φαίνεται</span> <span class='ocrx_word' id='word_1_194' title='bbox 843 1899 1070 1966; x_wconf 84' lang='grc' dir='ltr'>προειδὼς</span> <span class='ocrx_word' id='word_1_195' title='bbox 1103 1898 1163 1950; x_wconf 77' lang='grc' dir='ltr'>τὰ</span> <span class='ocrx_word' id='word_1_196' title='bbox 1198 1898 1416 1963; x_wconf 87' lang='grc' dir='ltr'>ἐσόμενα,</span> <span class='ocrx_word' id='word_1_197' title='bbox 1443 1900 1644 1961; x_wconf 89' lang='grc' dir='ltr'>βεβαίαν</span> <span class='ocrx_word' id='word_1_198' title='bbox 1669 1898 1834 1964; x_wconf 81' lang='grc' dir='ltr'>ὥσπερ</span> <span class='ocrx_word' id='word_1_199' title='bbox 1859 1901 1936 1948; x_wconf 82' lang='grc' dir='ltr'>καὶ</span> 
     </span>
     <span class='ocr_line' id='line_1_23' title="bbox 344 1979 1937 2051; baseline -0.002 -18"><span class='ocrx_word' id='word_1_200' title='bbox 344 1982 421 2033; x_wconf 81' lang='grc' dir='ltr'>διὰ</span> <span class='ocrx_word' id='word_1_201' title='bbox 446 1982 615 2034; x_wconf 85' lang='grc' dir='ltr'>τούτου</span> <span class='ocrx_word' id='word_1_202' title='bbox 640 1981 726 2046; x_wconf 87' lang='grc' dir='ltr'>τὴν</span> <span class='ocrx_word' id='word_1_203' title='bbox 745 1981 818 2050; x_wconf 81' lang='grc' dir='ltr'>ἐφ’</span> <span class='ocrx_word' id='word_1_204' title='bbox 841 1984 989 2051; x_wconf 73' lang='grc' dir='ltr'>ἑαυτῷ</span> <span class='ocrx_word' id='word_1_205' title='bbox 1016 1980 1193 2036; x_wconf 80' lang='grc' dir='ltr'>δεικνὺς</span> <span class='ocrx_word' id='word_1_206' title='bbox 1219 1981 1491 2048; x_wconf 83' lang='grc' dir='ltr'>ὁμολογίαν.</span> <span class='ocrx_word' id='word_1_207' title='bbox 1531 1980 1696 2048; x_wconf 88' lang='grc' dir='ltr'>πρέπει</span> <span class='ocrx_word' id='word_1_208' title='bbox 1722 1979 1816 2046; x_wconf 80' lang='grc' dir='ltr'>γὰρ</span> <span class='ocrx_word' id='word_1_209' title='bbox 1842 1984 1937 2031; x_wconf 81' lang='grc' dir='ltr'>τῶν</span> 
     </span>
     <span class='ocr_line' id='line_1_24' title="bbox 346 2061 1937 2132; baseline -0.003 -16"><span class='ocrx_word' id='word_1_210' title='bbox 346 2064 496 2116; x_wconf 79' lang='grc' dir='ltr'>ὅντων</span> <span class='ocrx_word' id='word_1_211' title='bbox 523 2065 670 2115; x_wconf 80' lang='grc' dir='ltr'>οὐδενὶ</span> <span class='ocrx_word' id='word_1_212' title='bbox 704 2063 758 2114; x_wconf 84' lang='grc' dir='ltr'>τὸ</span> <span class='ocrx_word' id='word_1_213' title='bbox 794 2063 1046 2130; x_wconf 84' lang='grc' dir='ltr'>γινώσκειν</span> <span class='ocrx_word' id='word_1_214' title='bbox 1072 2063 1132 2114; x_wconf 85' lang='grc' dir='ltr'>τὰ</span> <span class='ocrx_word' id='word_1_215' title='bbox 1165 2061 1423 2126; x_wconf 79' lang='grc' dir='ltr'>μέλλοντα,</span> <span class='ocrx_word' id='word_1_216' title='bbox 1451 2061 1580 2126; x_wconf 84' lang='grc' dir='ltr'>πλὴν</span> <span class='ocrx_word' id='word_1_217' title='bbox 1607 2063 1672 2113; x_wconf 78' lang='grc' dir='ltr'>ἑνὶ</span> <span class='ocrx_word' id='word_1_218' title='bbox 1706 2065 1773 2132; x_wconf 79' lang='grc' dir='ltr'>τῷ</span> <span class='ocrx_word' id='word_1_219' title='bbox 1808 2061 1937 2131; x_wconf 79' lang='grc' dir='ltr'>μόνῳ</span> 
     </span>
     <span class='ocr_line' id='line_1_25' title="bbox 123 2142 1938 2235; baseline -0.002 -38"><span class='ocrx_word' id='word_1_220' title='bbox 123 2152 263 2235; x_wconf 43' lang='grc' dir='ltr'>ξιξ-42</span> <span class='ocrx_word' id='word_1_221' title='bbox 348 2146 467 2197; x_wconf 81' lang='grc' dir='ltr'>κατὰ</span> <span class='ocrx_word' id='word_1_222' title='bbox 513 2146 664 2215; x_wconf 85' lang='grc' dir='ltr'>φύσιν</span> <span class='ocrx_word' id='word_1_223' title='bbox 706 2149 829 2215; x_wconf 75' lang='grc' dir='ltr'>Θεῷ,</span> <span class='ocrx_word' id='word_1_224' title='bbox 871 2147 977 2211; x_wconf 80' lang='grc' dir='ltr'>περὶ</span> <span class='ocrx_word' id='word_1_225' title='bbox 1022 2144 1076 2195; x_wconf 74' lang='grc' dir='ltr'>οὗ</span> <span class='ocrx_word' id='word_1_226' title='bbox 1122 2146 1197 2195; x_wconf 75' lang='grc' dir='ltr'>καὶ</span> <span class='ocrx_word' id='word_1_227' title='bbox 1244 2144 1507 2210; x_wconf 86' lang='grc' dir='ltr'>γέγραπται</span> <span class='ocrx_word' id='word_1_228' title='bbox 1548 2145 1657 2195; x_wconf 78' lang='lat' dir='ltr'>“‘O</span> <span class='ocrx_word' id='word_1_229' title='bbox 1702 2142 1834 2198; x_wconf 80' lang='grc' dir='ltr'>εἰδὼς</span> <span class='ocrx_word' id='word_1_230' title='bbox 1878 2143 1938 2194; x_wconf 83' lang='grc' dir='ltr'>τὰ</span> 
     </span>
     <span class='ocr_line' id='line_1_26' title="bbox 122 2224 2008 2293; baseline -0.001 -15"><span class='ocrx_word' id='word_1_231' title='bbox 122 2243 277 2278; x_wconf 85' lang='grc' dir='ltr'><strong>395Α.</strong></span> <span class='ocrx_word' id='word_1_232' title='bbox 310 2234 362 2276; x_wconf 82' lang='lat' dir='ltr'>a‘</span> <span class='ocrx_word' id='word_1_233' title='bbox 365 2227 561 2280; x_wconf 68' lang='grc' dir='ltr'>6πάντα</span> <span class='ocrx_word' id='word_1_234' title='bbox 596 2229 708 2293; x_wconf 75' lang='grc' dir='ltr'>πρὶν</span> <span class='ocrx_word' id='word_1_235' title='bbox 739 2226 967 2292; x_wconf 88' lang='grc' dir='ltr'>γενέσεως</span> <span class='ocrx_word' id='word_1_236' title='bbox 1002 2227 1196 2278; x_wconf 80' lang='grc' dir='ltr'>αὐτῶν.”</span> <span class='ocrx_word' id='word_1_237' title='bbox 1250 2224 1463 2285; x_wconf 59' lang='grc' dir='ltr'>διάβολον</span> <span class='ocrx_word' id='word_1_238' title='bbox 1494 2225 1556 2289; x_wconf 76' lang='grc' dir='ltr'>δὲ,</span> <span class='ocrx_word' id='word_1_239' title='bbox 1589 2224 1673 2277; x_wconf 79' lang='grc' dir='ltr'>τὸν</span> <span class='ocrx_word' id='word_1_240' title='bbox 1704 2229 1799 2276; x_wconf 83' lang='grc' dir='ltr'>τῶν</span> <span class='ocrx_word' id='word_1_241' title='bbox 1830 2228 1931 2277; x_wconf 87' lang='grc' dir='ltr'>δια·</span> <span class='ocrx_word' id='word_1_242' title='bbox 1959 2244 2008 2283; x_wconf 87' lang='lat'>25</span> 
     </span>
     <span class='ocr_line' id='line_1_27' title="bbox 344 2307 1934 2377; baseline 0 -17"><span class='ocrx_word' id='word_1_243' title='bbox 344 2314 559 2372; x_wconf 85' lang='grc' dir='ltr'>βολικῶν</span> <span class='ocrx_word' id='word_1_244' title='bbox 585 2308 867 2373; x_wconf 83' lang='grc' dir='ltr'>θελημάτων</span> <span class='ocrx_word' id='word_1_245' title='bbox 893 2308 1190 2360; x_wconf 82' lang='grc' dir='ltr'>ἀπεκάλεσεν</span> <span class='ocrx_word' id='word_1_246' title='bbox 1218 2307 1468 2374; x_wconf 83' lang='grc' dir='ltr'>ὑπουργὸν,</span> <span class='ocrx_word' id='word_1_247' title='bbox 1491 2309 1544 2359; x_wconf 83' lang='grc' dir='ltr'>οὐ</span> <span class='ocrx_word' id='word_1_248' title='bbox 1571 2307 1934 2377; x_wconf 76' lang='grc' dir='ltr'>διεψευσμένως.</span> 
     </span>
     <span class='ocr_line' id='line_1_28' title="bbox 128 2388 1934 2459; baseline -0.001 -17"><span class='ocrx_word' id='word_1_249' title='bbox 128 2407 283 2438; x_wconf 86' lang='lat' dir='ltr'>1C0r.vi.</span> <span class='ocrx_word' id='word_1_250' title='bbox 345 2390 510 2458; x_wconf 75' lang='grc' dir='ltr'>ὥσπερ</span> <span class='ocrx_word' id='word_1_251' title='bbox 550 2390 644 2457; x_wconf 80' lang='grc' dir='ltr'>γὰρ</span> <span class='ocrx_word' id='word_1_252' title='bbox 685 2391 756 2441; x_wconf 83' lang='grc' dir='ltr'>“ό</span> <span class='ocrx_word' id='word_1_253' title='bbox 801 2390 1103 2454; x_wconf 82' lang='grc' dir='ltr'>κολλώμενος</span> <span class='ocrx_word' id='word_1_254' title='bbox 1144 2394 1211 2459; x_wconf 75' lang='grc' dir='ltr'>τῷ</span> <span class='ocrx_word' id='word_1_255' title='bbox 1253 2391 1412 2459; x_wconf 73' lang='grc' dir='ltr'>Κυρίῳ</span> <span class='ocrx_word' id='word_1_256' title='bbox 1453 2388 1501 2441; x_wconf 80' lang='grc' dir='ltr'>ἓν</span> <span class='ocrx_word' id='word_1_257' title='bbox 1539 2388 1723 2453; x_wconf 81' lang='grc' dir='ltr'>πνεῦμά</span> <span class='ocrx_word' id='word_1_258' title='bbox 1762 2389 1934 2453; x_wconf 86' lang='grc' dir='ltr'>ἐστιν,”</span> 
     </span>
    </p>
   </div>
   <div class='ocr_carea' id='block_1_3' title="bbox 126 2460 1196 2537">
    <p class='ocr_par' dir='ltr' id='par_1_3' title="bbox 126 2460 1196 2537">
     <span class='ocr_line' id='line_1_29' title="bbox 126 2460 1196 2537; baseline -0.003 -12"><span class='ocrx_word' id='word_1_259' title='bbox 126 2460 174 2490; x_wconf 64' lang='lat'>¹⁴&#39;</span> <span class='ocrx_word' id='word_1_260' title='bbox 346 2475 467 2524; x_wconf 80' lang='grc' dir='ltr'>οὕτω</span> <span class='ocrx_word' id='word_1_261' title='bbox 507 2472 728 2537; x_wconf 90' lang='grc' dir='ltr'>δηλονότι</span> <span class='ocrx_word' id='word_1_262' title='bbox 766 2474 841 2523; x_wconf 78' lang='grc' dir='ltr'>καὶ</span> <span class='ocrx_word' id='word_1_263' title='bbox 880 2472 934 2523; x_wconf 82' lang='grc' dir='ltr'>τὸ</span> <span class='ocrx_word' id='word_1_264' title='bbox 973 2473 1196 2523; x_wconf 85' lang='grc' dir='ltr'>ἐναντίον.</span> 
     </span>
    </p>
   </div>
   <div class='ocr_carea' id='block_1_4' title="bbox 346 2606 1938 2757">
    <p class='ocr_par' dir='ltr' id='par_1_4' title="bbox 346 2606 1938 2745">
     <span class='ocr_line' id='line_1_30' title="bbox 398 2606 1938 2663; baseline 0.001 -23"><span class='ocrx_word' id='word_1_265' title='bbox 398 2619 427 2641; x_wconf 94' lang='lat'>1.</span> <span class='ocrx_word' id='word_1_266' title='bbox 455 2606 482 2641; x_wconf 82' lang='grc' dir='ltr'>δ’</span> <span class='ocrx_word' id='word_1_267' title='bbox 502 2606 571 2650; x_wconf 77' lang='grc' dir='ltr'>ὅτι]</span> <span class='ocrx_word' id='word_1_268' title='bbox 592 2607 627 2641; x_wconf 80' lang='grc' dir='ltr'>δέ</span> <span class='ocrx_word' id='word_1_269' title='bbox 648 2607 689 2641; x_wconf 87' lang='grc' dir='ltr'>Β.</span> <span class='ocrx_word' id='word_1_270' title='bbox 861 2620 894 2649; x_wconf 91' lang='grc'>4.</span> <span class='ocrx_word' id='word_1_271' title='bbox 921 2621 977 2650; x_wconf 90' lang='grc' dir='ltr'>μοι</span> <span class='ocrx_word' id='word_1_272' title='bbox 995 2617 1065 2640; x_wconf 90' lang='lat' dir='ltr'>om.</span> <span class='ocrx_word' id='word_1_273' title='bbox 1086 2606 1128 2640; x_wconf 88' lang='lat' dir='ltr'>B.</span> <span class='ocrx_word' id='word_1_274' title='bbox 1296 2616 1330 2652; x_wconf 89' lang='lat'>5.</span> <span class='ocrx_word' id='word_1_275' title='bbox 1357 2606 1478 2640; x_wconf 84' lang='grc' dir='ltr'>οὐδένα</span> <span class='ocrx_word' id='word_1_276' title='bbox 1495 2607 1584 2663; x_wconf 53' lang='grc' dir='ltr'>τέως.</span> <span class='ocrx_word' id='word_1_277' title='bbox 1595 2607 1734 2642; x_wconf 77' lang='lat' dir='ltr'>inverso</span> <span class='ocrx_word' id='word_1_278' title='bbox 1751 2606 1875 2641; x_wconf 81' lang='lat' dir='ltr'>ordine</span> <span class='ocrx_word' id='word_1_279' title='bbox 1895 2606 1938 2641; x_wconf 91' lang='grc' dir='ltr'>Β.</span> 
     </span>
     <span class='ocr_line' id='line_1_31' title="bbox 349 2653 1938 2699; baseline 0.001 -12"><span class='ocrx_word' id='word_1_280' title='bbox 349 2662 380 2697; x_wconf 87' lang='grc'>7.</span> <span class='ocrx_word' id='word_1_281' title='bbox 408 2654 442 2687; x_wconf 81' lang='grc' dir='ltr'>ἐν</span> <span class='ocrx_word' id='word_1_282' title='bbox 459 2653 571 2699; x_wconf 83' lang='grc' dir='ltr'>ἀδείᾳ]</span> <span class='ocrx_word' id='word_1_283' title='bbox 592 2653 649 2687; x_wconf 81' lang='grc' dir='ltr'>ἕνα</span> <span class='ocrx_word' id='word_1_284' title='bbox 668 2654 722 2688; x_wconf 86' lang='grc' dir='ltr'>διὰ</span> <span class='ocrx_word' id='word_1_285' title='bbox 741 2653 888 2699; x_wconf 82' lang='lat' dir='ltr'>conjecit</span> <span class='ocrx_word' id='word_1_286' title='bbox 906 2653 1001 2687; x_wconf 84' lang='lat' dir='ltr'><strong>Aub.</strong></span> <span class='ocrx_word' id='word_1_287' title='bbox 1019 2653 1055 2686; x_wconf 85' lang='lat' dir='ltr'>in</span> <span class='ocrx_word' id='word_1_288' title='bbox 1075 2664 1185 2698; x_wconf 80' lang='lat' dir='ltr'><strong>marg.</strong></span> <span class='ocrx_word' id='word_1_289' title='bbox 1311 2665 1363 2688; x_wconf 93' lang='lat'>10.</span> <span class='ocrx_word' id='word_1_290' title='bbox 1389 2653 1447 2688; x_wconf 82' lang='grc' dir='ltr'>ειτ’</span> <span class='ocrx_word' id='word_1_291' title='bbox 1465 2653 1540 2699; x_wconf 88' lang='grc' dir='ltr'>οὐν]</span> <span class='ocrx_word' id='word_1_292' title='bbox 1561 2653 1626 2688; x_wconf 80' lang='grc' dir='ltr'>εἴτε</span> <span class='ocrx_word' id='word_1_293' title='bbox 1645 2653 1688 2688; x_wconf 89' lang='grc' dir='ltr'>Β.</span> <span class='ocrx_word' id='word_1_294' title='bbox 1809 2664 1861 2699; x_wconf 86' lang='lat'>13.</span> <span class='ocrx_word' id='word_1_295' title='bbox 1887 2654 1938 2689; x_wconf 84' lang='grc' dir='ltr'>τίς</span> 
     </span>
     <span class='ocr_line' id='line_1_32' title="bbox 346 2699 1937 2757; baseline 0.001 -23"><span class='ocrx_word' id='word_1_296' title='bbox 346 2701 411 2744; x_wconf 80' lang='grc' dir='ltr'>γὰρ</span> <span class='ocrx_word' id='word_1_297' title='bbox 431 2701 570 2734; x_wconf 83' lang='lat' dir='ltr'>inverso</span> <span class='ocrx_word' id='word_1_298' title='bbox 588 2700 711 2734; x_wconf 80' lang='lat' dir='ltr'>ordine</span> <span class='ocrx_word' id='word_1_299' title='bbox 731 2700 773 2736; x_wconf 87' lang='lat' dir='ltr'>B.</span> <span class='ocrx_word' id='word_1_300' title='bbox 890 2711 942 2742; x_wconf 90' lang='lat'>14.</span> <span class='ocrx_word' id='word_1_301' title='bbox 967 2700 1182 2745; x_wconf 82' lang='grc' dir='ltr'>παραδώσων</span> <span class='ocrx_word' id='word_1_302' title='bbox 1203 2699 1242 2733; x_wconf 86' lang='grc' dir='ltr'>Β.</span> <span class='ocrx_word' id='word_1_303' title='bbox 1248 2701 1452 2752; x_wconf 40' lang='grc' dir='ltr'>’προδώσων</span> <span class='ocrx_word' id='word_1_304' title='bbox 1470 2699 1538 2735; x_wconf 84' lang='lat' dir='ltr'>Ed.</span> <span class='ocrx_word' id='word_1_305' title='bbox 1655 2711 1708 2743; x_wconf 86' lang='lat'>15.</span> <span class='ocrx_word' id='word_1_306' title='bbox 1733 2699 1937 2757; x_wconf 75' lang='grc' dir='ltr'>ἀδιορίστως</span> 
     </span>
    </p>
   </div>
   <div class='ocr_carea' id='block_1_5' title="bbox 323 2744 1937 2838">
    <p class='ocr_par' dir='ltr' id='par_1_5' title="bbox 323 2744 1937 2827">
     <span class='ocr_line' id='line_1_33' title="bbox 323 2744 1937 2791; baseline 0.002 -11"><span class='ocrx_word' id='word_1_307' title='bbox 323 2759 326 2762; x_wconf 83' lang='grc'><em>·</em></span> <span class='ocrx_word' id='word_1_308' title='bbox 348 2747 396 2780; x_wconf 92' lang='lat' dir='ltr'>D.</span> <span class='ocrx_word' id='word_1_309' title='bbox 415 2747 638 2791; x_wconf 82' lang='grc' dir='ltr'>ἀοδιορίστως</span> <span class='ocrx_word' id='word_1_310' title='bbox 657 2746 778 2790; x_wconf 84' lang='lat' dir='ltr'>(sic)i.</span> <span class='ocrx_word' id='word_1_311' title='bbox 795 2758 823 2781; x_wconf 86' lang='lat' dir='ltr'>e.</span> <span class='ocrx_word' id='word_1_312' title='bbox 842 2747 1012 2791; x_wconf 83' lang='grc' dir='ltr'>ἀορίστως</span> <span class='ocrx_word' id='word_1_313' title='bbox 1038 2747 1219 2790; x_wconf 79' lang='lat' dir='ltr'><strong>inceptum</strong></span> <span class='ocrx_word' id='word_1_314' title='bbox 1247 2747 1281 2781; x_wconf 90' lang='lat' dir='ltr'>in</span> <span class='ocrx_word' id='word_1_315' title='bbox 1307 2747 1510 2791; x_wconf 81' lang='grc' dir='ltr'>ἀδιορίστως</span> <span class='ocrx_word' id='word_1_316' title='bbox 1535 2748 1684 2781; x_wconf 85' lang='lat' dir='ltr'>correxit</span> <span class='ocrx_word' id='word_1_317' title='bbox 1706 2747 1749 2782; x_wconf 89' lang='lat' dir='ltr'>B.</span> <span class='ocrx_word' id='word_1_318' title='bbox 1767 2744 1937 2791; x_wconf 80' lang='grc' dir='ltr'>ἀορίστως</span> 
     </span>
     <span class='ocr_line' id='line_1_34' title="bbox 348 2792 1200 2838; baseline -0.002 -11"><span class='ocrx_word' id='word_1_319' title='bbox 348 2793 414 2828; x_wconf 89' lang='lat' dir='ltr'>Ed.</span> <span class='ocrx_word' id='word_1_320' title='bbox 566 2793 617 2827; x_wconf 87' lang='lat'>16.</span> <span class='ocrx_word' id='word_1_321' title='bbox 646 2795 741 2827; x_wconf 80' lang='grc' dir='ltr'>καλεῖ</span> <span class='ocrx_word' id='word_1_322' title='bbox 762 2793 803 2828; x_wconf 85' lang='grc' dir='ltr'>Β.</span> <span class='ocrx_word' id='word_1_323' title='bbox 952 2794 1005 2828; x_wconf 83' lang='lat'>18.</span> <span class='ocrx_word' id='word_1_324' title='bbox 1032 2792 1140 2838; x_wconf 78' lang='grc' dir='ltr'>τούτῳ</span> <span class='ocrx_word' id='word_1_325' title='bbox 1163 2793 1200 2827; x_wconf 83' lang='grc' dir='ltr'>Β.</span> 
     </span>
    </p>
   </div>
  </div>
 </body>
</html>
