2084 3317
354 168 439 208 344
758 170 806 210 B.
842 170 1116 211 CYRILLI
1158 170 1540 212 ALEXANDR.
1731 184 1766 209 v.
1790 181 1854 220 24,
1877 180 1943 222 25.

307 259 335 301 b

287 324 486 373 24'Am'1v
536 325 649 375 dun—'w
698 328 813 374 λέΓω
867 325 961 376 ὑμῖν
1015 330 1079 370 ὅτι
1135 329 1156 371 ὃ
1216 328 1289 371 τὸν
1344 328 1469 375 ΛόΓον
1524 342 1604 375 μου
1653 327 1825 368 ἀκούων
1876 324 1945 366 καὶ

420 410 634 450 Πιστεύων
667 411 729 464 τῷ
766 411 981 461 Πέμψαντί
1019 426 1070 460 με
1102 411 1188 467 ἔχει
1225 411 1335 468 ζωήν
1371 409 1558 452 αἰώνιον·
1606 410 1674 451 καὶ
1713 407 1772 451 εἷς
1811 409 1943 466 κρίσιν

419 491 496 532 οὐκ
544 492 726 549 ἔρχεται,
776 494 888 535 ἀλλὰ
937 496 1225 544 μεταβὲβΗκε-ῑν
1273 495 1322 536 ἐκ
1373 498 1446 537 τοῦ
1505 494 1691 536 θανάτου
1750 492 1809 535 εἰς
1867 492 1945 534 τήν

420 575 545 631 ζωήν.

427 711 713 780 Ἀποδείξας
745 711 834 778 ἤδη
869 712 944 764 διὰ
974 718 1069 765 τῶν
1092 713 1441 782 προλαβόντων
1468 715 1748 781 ἀρκούντως,
1775 716 1837 768 ὡς
1864 714 1948 765 οὐκ
1967 730 1989 768 5

354 796 417 847 εἷς
455 793 600 857 μόνον
632 794 959 861 ἁμαρτάνουσι
997 796 1080 848 τὸν
1105 797 1223 849 Υἱὸν
1255 801 1298 849 οἱ
1336 797 1537 852 τάλανες
1570 799 1800 860 Ἰουδαῖοι,
1826 803 1944 848 τολ-

355 879 534 940 μῶντες
568 877 784 941 ἐπιτιμᾶν
812 877 981 946 οἷσπερ
1014 879 1071 930 ἂν
1098 880 1215 948 λε’γῃ
1249 880 1508 944 διδάσκων,
1538 879 1567 946 ἢ
1596 882 1671 932 καὶ
1702 878 1948 946 ἐργάζηται

355 959 464 1025 παρ’
495 960 667 1022 αὐτοῖς,
697 961 828 1012 ἀλλὰ
863 963 937 1012 καὶ
972 966 1034 1016 εἷς
1069 962 1211 1014 αὐτὸν
1237 964 1573 1028 ἀμαθαίνοντες
1607 966 1949 1028 πλημμελοῦσι

317 1062 339 1089 c
357 1040 440 1092 τὸν
468 1041 675 1108 Πατέρα,
703 1044 779 1093 καὶ
813 1042 931 1094 ὅσον
962 1044 1069 1108 ἧκεν
1099 1049 1161 1098 εἷς
1195 1045 1281 1110 τὴν
1307 1049 1402 1096 τῶν
1428 1045 1679 1112 εἰρημένων
1704 1044 1949 1110 ἐνέργειαν,

356 1126 657 1190 περιστείλας
697 1129 764 1195 τῷ
805 1125 945 1195 φόβῳ
983 1125 1037 1178 τὸ
1073 1126 1268 1192 θράσος,
1295 1129 1370 1178 καὶ
1407 1128 1495 1194 ζῆν
1522 1128 1781 1181 ἀναπείσας
1815 1128 1950 1177 ἐπιει-
1973 1148 2021 1173 10

359 1205 583 1272 κε’στερον
621 1211 679 1275 τῇ
719 1212 813 1258 τῶν
851 1208 1090 1272 ἐσομένων
1129 1210 1297 1272 ἐλπίδι,
1333 1209 1503 1261 λοιπὸν
1542 1209 1793 1274 σαγηνεύει
1832 1207 1952 1273 πρὸς

359 1289 625 1340 εὐπείθειαν.
677 1290 761 1340 οὐκ
794 1291 1000 1358 ἀτέχνως
1036 1291 1083 1342 δὲ
1115 1292 1263 1342 πάλιν
1288 1291 1370 1342 τὸν
1393 1293 1465 1344 ἐπὶ
1491 1292 1672 1345 τούτοις
1695 1291 1953 1354 ἐποιήσατο

357 1370 522 1436 λόγον.
597 1371 752 1436 ἐπειδὴ
800 1371 894 1439 γὰρ
941 1371 1062 1424 οἶδεν
1108 1374 1172 1424 ε”τι
1225 1380 1484 1428 νοσοῦντας
1534 1373 1642 1428 τοῦς
1686 1373 1952 1435 Ἰουδαίους,

357 1452 813 1519 σκανδαλιζομένους
857 1478 907 1506 τε
953 1455 1018 1506 ἐτι
1062 1458 1167 1522 περὶ
1213 1457 1369 1519 αὐτοῦ,
1411 1456 1559 1508 πάλιν
1604 1455 1823 1525 ἀναφέρει
1867 1454 1954 1519 τὴν

356 1534 522 1586 πίστιν
566 1539 628 1589 εἷς
674 1535 727 1588 τὸ
771 1536 1037 1604 πρόσωπον
1081 1544 1164 1590 τοῦ
1211 1543 1336 1590 Θεοῦ
1387 1542 1463 1590 καὶ
1509 1537 1713 1605 Πατρὸς,
1759 1539 1846 1605 οὐχ
1891 1539 1952 1591 ὡς
1977 1554 2024 1592 15

358 1615 523 1668 ἑαυτὸν
561 1618 652 1687 ἔξω
691 1621 845 1682 τιθεὶς,
881 1621 992 1671 ἀλλ’
1026 1623 1088 1675 ὡς
1127 1620 1202 1673 διὰ
1240 1620 1326 1686 τὴν
1367 1621 1630 1685 ταυτότητα
1669 1624 1751 1685 τῆς
1789 1620 1952 1673 οὐσίας

360 1701 436 1750 καὶ
469 1701 517 1750 ἐν
545 1704 701 1767 Πατρὶ
732 1703 1004 1766 τιμώμενος.
1055 1702 1163 1758 τοὺς
1201 1703 1255 1755 δέ
1285 1727 1339 1770 γε
1378 1703 1703 1766 πιστεύοντας,
1730 1704 1783 1754 οὐ
1817 1702 1954 1767 μετό-

315 1797 474 1849 ᾱχους
512 1782 709 1834 ε”σεσθαι
747 1784 892 1847 μόνον
921 1788 1003 1850 τῆς
1045 1789 1212 1837 αἰωνίου
1238 1785 1363 1857 ζωῆς,
1393 1785 1525 1836 ἀλλὰ
1565 1789 1642 1836 καὶ
1675 1784 1758 1836 τὸν
1789 1786 1839 1836 ἐκ
1871 1788 1955 1849 τῆς

364 1864 548 1932 κρίσεως
617 1866 959 1936 διαφεύξεσθαι
1029 1870 1257 1931 κίνδυνον,
1325 1869 1670 1930 δικαιουμένους
1732 1866 1954 1932 δηλονότι

361 1946 706 2014 διισχυρίζεται,
753 1949 1097 2016 κεκερασμένον
1142 1951 1298 2002 ἐλπίδι
1349 1951 1606 2017 προτείνων
1650 1950 1734 2002 τὸν
1778 1949 1949 2018 φόβον.
1976 1968 2025 1993 20

361 2029 483 2080 οὕτω
541 2029 634 2096 γὰρ
689 2028 747 2095 ἧν
796 2032 1125 2099 ἐνεργέστερον
1175 2056 1276 2087 πως
1332 2034 1408 2083 καὶ
1466 2032 1811 2100 δεικτικώτερον
1859 2038 1955 2087 τοῖς

361 2111 672 2178 ἀκροωμένοις
711 2113 1082 2181 ἀπεργάσασθαι
1121 2113 1204 2166 τὸν
1245 2114 1406 2181 λόγον.

293 2259 495 2309 25Ἀμέιν
532 2260 645 2310 dut-'nv
683 2261 798 2309 λὲΓω
841 2260 934 2311 ὑμῖν
972 2265 1037 2306 ὅτι
1078 2264 1248 2320 ἔρχεται
1291 2265 1385 2321 ὥρα
1432 2266 1500 2306 καὶ
1540 2268 1611 2307 νῦν
1649 2266 1762 2308 ἐστιν
1801 2267 1874 2310 ὅτε
1917 2265 1954 2308 οἶ

431 2345 574 2402 νεκροὶ
630 2345 849 2388 ἀκούσωσι
905 2348 983 2388 τῆς
1040 2352 1189 2403 φωνῆς
1239 2351 1312 2390 τοῦ
1362 2346 1463 2390 Υἶοῦ
1511 2352 1586 2390 τοῦ
1638 2349 1747 2390 Θεοῦ
1800 2349 1868 2390 καὶ
1917 2349 1955 2392 οἰ

431 2427 693 2470 ἀκούσαντες
731 2430 936 2487 ζήσουσιν.
1978 2439 2026 2477 25

436 2563 525 2616 Ἐκ
558 2565 763 2617 θανάτου
800 2566 917 2634 πρὸς
951 2566 1071 2634 ζωὴν
1096 2567 1459 2632 μεταβήσεσθαι
1498 2567 1606 2624 τοὺς
1644 2569 1958 2625 πιστεύοντας

362 2646 518 2711 εἰπὼν,
543 2646 708 2699 ἑαυτὸν
734 2649 942 2718 εἰσφέρει
976 2652 1059 2714 τῆς
1093 2651 1378 2716 ἐπαγγελίας
1405 2650 1607 2718 ἐργάτην
1632 2654 1707 2703 καὶ
1735 2651 1851 2704 ὅλου
1875 2658 1959 2704 τοῦ

411 2797 444 2833 5.
471 2787 663 2833 ἀρκούντων
677 2789 719 2823 Β.
817 2790 850 2824 8.
876 2790 1102 2835 ἀμαθάνοντες
1120 2790 1162 2826 Β.
1262 2803 1315 2826 10.
1343 2792 1428 2835 ζωὴν
1445 2804 1508 2837 pro
1527 2793 1584 2836 ζῆν
1599 2792 1638 2827 Β.
1738 2804 1793 2827 11.
1817 2794 1877 2837 τῆς
1893 2804 1958 2837 pro

362 2836 403 2878 τῇ
425 2835 467 2869 Β.
625 2847 678 2879 14.
704 2851 740 2870 τε
758 2837 807 2871 ἔτι
827 2837 869 2872 Β.
888 2837 1046 2872 τουτέστι
1066 2837 1132 2873 Ed.
1295 2840 1347 2873 18.
1374 2840 1518 2875 ἔσεσθαι
1534 2842 1637 2883 μόνον
1654 2841 1712 2884 τῆς
1729 2840 1877 2884 αἰωνίου]
1896 2840 1958 2883 μὲν

362 2883 422 2925 τῆς
438 2882 573 2917 αἷωνίου
591 2883 733 2918 ἔσεσθαι
753 2883 795 2917 Β.
966 2896 1020 2930 19.
1046 2884 1298 2929 διαφεύξασθαι
1318 2886 1360 2919 Β.
1521 2897 1577 2929 24.
1602 2886 1778 2921 ἀκούσωσι
1799 2887 1840 2920 Β.
1858 2886 1957 2920 ἀκού-

364 2942 482 3009 σοντόαι
502 2929 535 3009 dD
555 2941 626 2975 mg.
645 2929 833 2965 ἀκούσουσι
850 2930 896 2965 D.
917 2930 982 2967 Ed.
1089 2942 1144 2977 25.
1171 2931 1336 2976 ζήσουσιν
1355 2932 1397 2968 Β.
1417 2932 1574 2977 ζὴσονται
1590 2933 1656 2968 Ed.
1771 2934 1825 2968 26.
1853 2931 1954 2978 πρὸς]

363 2989 410 3009 εις
461 2987 500 3009 or
529 3002 536 3010 .
