2084 3317
110 526 164 557 Es.
176 526 218 558 ix.
235 534 260 557 1.

110 1082 164 1112 Ps.
186 1081 251 1112 lxv.

329 161 412 201 582
734 162 782 202 B.
817 161 1093 202 CYRILLI
1135 161 1518 204 ALEXANDR.
1737 161 1808 202 vii.
1823 171 1919 216 3—5.

329 273 506 334 ρῶντος
546 269 755 337 μέρεσιν·
816 270 939 321 οὕτω
978 275 1228 336 τοιγαροῦν
1266 268 1472 337 ἐχόντων
1512 270 1621 333 ἡμῖν
1660 273 1754 320 τῶν
1793 273 1917 334 εἰρη-

330 351 497 414 μένων,
536 350 656 418 πρὸς
700 353 827 421 αὐτῷ
871 351 1081 416 κειμένην
1120 350 1382 417 εὑρήσομεν
1420 355 1486 421 τῷ
1525 354 1679 420 βοῤῥᾷ
1716 350 1802 415 τὴν
1839 354 1923 415 τῆς

287 428 571 484 ι)Ἰουδαίων
621 433 809 499 γείτονα
860 433 1147 495 Γαλιλαίαν,
1202 432 1439 495 τουτέστι,
1492 431 1578 497 τὴν
1628 437 1722 484 τῶν
1777 433 1924 483 ἐθνῶν

333 514 507 582 χώραν,
528 514 649 566 κατὰ
672 513 726 566 τὸ
754 514 1084 581 γεγραμμένον
1105 521 1131 544 “
1150 515 1391 565 Γαλιλαία
1417 517 1513 565 τῶν
1538 514 1724 566 ἐθνῶν.”
1766 511 1923 577 ἐπειδὴ

332 594 381 646 δὲ
432 596 632 661 ἐζαελλεν
677 596 702 646 ὃ
750 596 924 662 Κύριος
968 596 1101 660 ἡμῶν
1144 597 1333 660 Ἰησοῦς
1378 597 1403 647 ὁ
1448 595 1663 662 Χριστὸς
1707 594 1825 660 μετὰ
1869 594 1966 648 τὸ5

331 676 570 743 σωτήριον
594 677 747 732 πάθος
772 680 856 742 τῆς
880 677 965 741 μὲν
991 682 1087 729 τῶν
1105 678 1346 729 Ἰουδαίων
1370 678 1729 729 ἀπανίστασθαι
1754 677 1924 745 χώρας,

332 758 590 827 ἀφικέσθαι
617 758 665 810 δὲ
692 763 754 813 εἷς
778 759 864 824 τὴν
886 760 1167 822 Γαλιλαίαν,
1193 759 1424 823 τουτέστι,
1446 758 1564 826 πρὸς
1589 759 1676 824 τὴν
1701 759 1758 828 ἐξ
1780 761 1927 810 ἐθνῶν

331 841 644 905 Ἐκκλησίαν,
680 841 730 892 ἐκ
763 842 986 907 πλαγίων
1018 840 1253 911 ἐσφάζετο
1287 846 1372 893 τοῦ
1407 842 1753 908 θυσιαστηρίου
1787 839 1842 892 τὸ
1877 842 1927 892 ἐν

331 921 466 992 τύπῳ
510 922 698 992 ληφθὲν
741 927 804 977 εἷς
849 924 1022 975 θυσίαν
1064 923 1327 990 πρόβατον,
1371 923 1447 975 ἵνα
1498 923 1758 992 ὑποβλέψῃ
1806 921 1926 989 πρὸς

331 1005 526 1072 βοῤῥᾶν,
566 1006 665 1056 κατ’
707 1006 851 1057 ἐκεῖνο
890 1005 944 1057 τὸ
982 1005 1223 1073 εἰρημένον
1262 1004 1353 1057 ὑπὸ
1391 1012 1475 1057 τοῦ
1512 1007 1785 1074 ψαλμῳδοῦ
1821 1006 1927 1072 περὶ
1949 1022 1997 1048 10

531 1092 551 1101 Α

333 1089 552 1153 Χριστου
579 1094 607 1116 “
628 1090 693 1138 Οἱ
720 1088 966 1156 ὀφθαλμοὶ
993 1088 1136 1138 αὐτοῦ
1161 1091 1224 1141 εἰς
1249 1087 1309 1139 τὰ
1335 1087 1444 1152 ε”θνη
1472 1087 1862 1149 ἐπιβλεπουσιν.”

294 1192 316 1219 ο
408 1167 603 1233 Ἐπειδὴ
631 1168 679 1220 δὲ
706 1170 782 1219 καὶ
808 1169 1148 1235 παραιτεῖσθαί
1171 1173 1324 1238 φησιν
1351 1170 1376 1219 ὁ
1401 1169 1628 1235 μακάριος
1655 1169 1924 1234 Εὐαγγελι-

333 1247 454 1313 στὴς
488 1248 543 1301 τὸ
579 1256 790 1301 συνεῖναι
824 1256 920 1305 τοῖς
957 1252 1199 1305 Ἰουδαίοις
1235 1249 1392 1313 αὐτὸν,
1419 1252 1607 1317 ἐπείπερ
1643 1250 1785 1301 αὐτὸν
1817 1251 1920 1300 ἀνε-

333 1336 435 1383 λεῖν
458 1332 781 1395 ἐβουλεύοντο,
809 1337 906 1387 τοῖς
932 1333 1186 1399 εἰρημένοις
1210 1334 1354 1384 ἐκεῖνο
1387 1331 1749 1399 προσθήσομεν,
1777 1333 1840 1385 ὡς
1874 1332 1929 1382 οὐ

335 1414 511 1468 δειλίας
548 1414 766 1480 ἔγκλημα
799 1414 885 1479 τὴν
917 1414 1225 1482 ἀναχώρησιν
1251 1413 1541 1481 λογιούμεθα
1576 1419 1659 1465 τοῦ
1692 1417 1924 1480 Χριστοῦ,

334 1497 445 1546 ἀλλ’
489 1496 595 1548 οὐδὲ
639 1497 885 1550 ἀσθενείας
927 1496 1003 1547 διὰ
1042 1502 1182 1548 τοῦτο
1222 1497 1614 1563 κατηγορήσομεν
1651 1501 1735 1547 τοῦ
1772 1493 1930 1546 πάντα

334 1577 601 1646 ἰσχύοντος,
630 1578 714 1630 τὸν
746 1578 796 1630 δὲ
830 1581 914 1643 τῆς
950 1579 1213 1643 οἰκονομίας
1244 1578 1575 1648 ἀποδεξόμεθα
1608 1577 1799 1644 τρόπον·
1840 1576 1929 1628 ἔδει

333 1659 428 1727 γὰρ
462 1661 516 1712 οὐ
550 1660 783 1728 πρόωρον,
818 1662 930 1712 ἀλλ’
959 1662 1008 1712 ἐν
1038 1664 1184 1732 καιρῷ
1223 1664 1290 1731 τῷ
1329 1661 1429 1731 ἰδίῳ
1468 1659 1550 1712 τὸν
1584 1659 1699 1727 ὑπὲρ
1736 1658 1929 1711 πάντων

291 1745 582 1852 ᾶὺπομεῖναι
622 1741 847 1810 σταυρόν.

295 1893 469 1939 3Εἶπον
513 1895 588 1939 οὖν
631 1897 739 1954 Πρὸς
787 1896 918 1939 αὐτὸν
962 1894 1000 1937 οἱ
1049 1895 1236 1952 ἀδελφοὶ
1285 1896 1416 1938 αὑτοῦ
1459 1896 1683 1946 ΛΛετάβΗθι
1731 1896 1928 1937 ἐντεῦθεν

404 1981 473 2021 καὶ
508 1981 640 2028 ὕπαγε
673 1978 733 2021 eie
766 1980 843 2022 τήν
869 1979 1098 2030 Ἰουδαίαν,
1134 1979 1203 2020 ἰ’να
1243 1980 1311 2020 καὶ
1348 1977 1386 2020 οἷ
1424 1979 1613 2028 μαθΗταί
1651 1994 1724 2021 σου
1764 1980 1930 2035 θεωρή-

294 2080 317 2111 4
404 2078 511 2105 σωσι
547 2064 598 2104 τὰ
636 2063 739 2120 ἔργα
778 2062 803 2104 ἅ
842 2059 990 2103 Ποιεῖε·
1048 2061 1189 2103 οὐδεὶς
1228 2063 1305 2119 Γάρ
1344 2078 1382 2103 τι
1420 2062 1464 2103 ὲν
1499 2064 1672 2118 κρυπτῷ
1709 2059 1822 2103 Ποιεῖ
1861 2061 1930 2102 καὶ

403 2145 514 2204 ζΗτεῖ
550 2146 678 2188 αὐτὸς
716 2146 761 2186 ὲν
799 2144 1018 2202 ΠαρῤΗοία
1057 2140 1178 2185 εἶναι.
1235 2143 1270 2185 εἰ
1308 2148 1442 2186 ταῦτα
1481 2142 1632 2196 Ποιεῖο,
1671 2146 1929 2201 φανέρωσον

294 2233 316 2271 5
404 2228 584 2273 σεαυτὸν
615 2229 677 2283 τῷ
712 2229 874 2283 κόσμῳ.
922 2227 1022 2269 οὐδὲ
1054 2228 1131 2285 Γάρ
1164 2226 1202 2269 οἱ
1234 2227 1420 2283 ἀδελφοὶ
1454 2228 1584 2270 αὐτοῦ
1618 2227 1841 2270 ἐπίστευον
1869 2225 1930 2270 εἷο

403 2312 547 2355 αὐτόν.

411 2426 564 2477 Οὔπω
596 2423 679 2476 τὸν
706 2424 1016 2489 ἐνοικήσαντα
1041 2427 1099 2491 τῇ
1124 2424 1236 2493 ἁγίᾳ
1263 2427 1408 2492 σαρκὶ
1434 2424 1560 2476 Θεὸν
1588 2425 1750 2491 Λόγον
1773 2426 1926 2491 ἐπιγι-

337 2506 600 2561 νώσκοντες
640 2510 680 2558 οἱ
721 2506 1022 2571 νομισθέντες
1060 2511 1144 2557 τοῦ
1182 2509 1403 2573 Σωτῆρος
1442 2509 1659 2575 ἀδελφοὶ,
1686 2507 1797 2558 ἀλλ’
1827 2506 1931 2558 οὐδὲ

297 2589 507 2644 θείδότες
545 2589 643 2640 κατ’
687 2591 831 2640 ἐκεῖνο
870 2594 1047 2655 καιροῦ,
1084 2589 1191 2639 καθ’
1231 2587 1284 2639 ὃν
1322 2588 1381 2640 τὰ
1419 2588 1614 2640 τοιαῦτά
1653 2594 1821 2658 φασιν,
1860 2588 1932 2641 ὅτι

384 2740 417 2774 3.
443 2718 608 2764 'Iovssaissss
627 2728 669 2763 Β.
796 2738 830 2773 5.
857 2730 875 2762 ὁ
894 2728 954 2763 alt.
971 2732 1196 2772 assumptum
1214 2738 1256 2760 ex
1277 2726 1319 2762 B.
1448 2727 1481 2761 6.
1509 2725 1694 2772 σωτήριον]
1718 2730 1755 2767 -Ι-
1777 2726 1868 2770 ἡμῶν
1888 2727 1931 2762 Β.

336 2779 403 2809 τῶν
420 2787 490 2809 om.
515 2775 554 2810 B.
711 2775 744 2809 8.
770 2777 830 2809 τοῦ
848 2775 1097 2819 θυσιαστηρίου
1115 2779 1339 2818 assumptum
1358 2785 1399 2807 ex
1423 2773 1464 2808 B.
1621 2785 1654 2818 9.
1680 2774 1867 2820 ὑποβλέψῃ
1886 2774 1930 2809 Β.

335 2822 448 2865 Βλέπῃ
468 2821 534 2856 Ed.
636 2833 688 2856 11.
716 2822 762 2857 εἷς
782 2822 823 2856 Β.
845 2821 960 2866 (106.)
980 2821 1035 2856 ἐπὶ
1055 2820 1121 2855 Ed.
1225 2831 1278 2855 12.
1305 2822 1323 2853 ὁ
1340 2821 1503 2865 μακάριος
1520 2820 1780 2866 Εὐαγγελιστὴς
1797 2833 1867 2855 om.
1887 2820 1929 2854 Β,

340 2879 392 2912 13.
420 2868 645 2909 ἐβουλεύοντο
663 2869 794 2903 ἀνελεῖν
812 2869 950 2903 inverso
969 2868 1091 2903 ordine
1113 2867 1153 2901 B.
1342 2867 1394 2901 16.
1420 2867 1599 2902 ἀσθένειαν
1617 2879 1647 2902 a.
1715 2866 1840 2901 Statim
1859 2870 1930 2902 πῶς

335 2917 401 2959 γὰρ
420 2915 540 2950 τούτου
558 2928 621 2962 pro
640 2916 694 2950 διὰ
710 2918 810 2951 τοῦτο
830 2915 937 2950 Cord.
1051 2914 1103 2949 18.
1131 2913 1204 2960 ἰδίῳ
1224 2913 1264 2949 Β.
1286 2913 1378 2949 Catt.
1398 2914 1508 2962 οἰκείῳ
1528 2913 1595 2949 Ed.
1704 2914 1758 2948 28.
1785 2912 1927 2959 εἰδότες]

338 2962 465 2997 ἰδόντες
485 2962 526 2997 Β.

1951 1432 1998 1470 15

1951 1916 2000 1940 20

1952 2319 2001 2359 25
