2084 3317
167 175 220 216 vi.
241 190 394 234 32,33.
446 179 519 220 IN
562 181 604 221 S.
638 182 970 224 JOANNEM.
1034 184 1158 225 LIB
1194 186 1278 226 III.
1343 188 1475 229 CAP
1501 189 1578 230 VI.
1666 194 1751 232 459

165 290 247 335 τοῦ
281 286 429 352 λόγου
464 288 550 352 τὴν
584 290 861 356 παράθεσιν.
888 292 1066 344 ἕκαστα
1103 298 1197 344 τῶν
1231 296 1298 345 ἐπ
1326 297 1451 348 αὑτῶ
1490 320 1750 361 νοουμενων

164 366 314 430 ὀρθῶς
341 369 620 437 διοψόμεθα.
678 374 966 442 ἐπιδείξομεν
992 375 1040 426 δὲ
1066 375 1141 426 διὰ
1166 374 1373 435 πάντων,
1403 378 1473 428 ὅτι
1505 378 1559 430 τὸ
1595 380 1749 442 μάννα

162 468 216 497 το
251 450 476 512 ἀληθινὸν
509 452 648 507 αὐτός
683 456 813 505 ἐστιν
845 457 869 506 ὁ
905 456 1132 522 Χριστὸς,
1159 461 1221 513 ὡς
1252 461 1301 510 ἐν
1329 459 1462 529 τύπῳ
1497 464 1563 529 τῷ
1595 459 1749 524 μάννα

161 535 471 595 χορηγεῖσθαι
497 539 593 588 τοῖς
620 537 934 604 ἀρχαιοτέροις
970 540 1216 602 νοούμενος
1249 541 1378 607 παρὰ
1412 548 1495 593 τοῦ
1522 546 1646 594 Θεοῦ
1673 546 1746 595 καὶ
1766 567 1788 592 a
1830 559 1905 594 313
1920 558 1973 594 A.

120 630 141 667 5
165 611 372 678 Πατρός.
426 609 519 682 ἔχει
551 615 601 666 δὲ
636 619 783 673 οὕτως
818 621 845 684 ἡ
881 625 976 671 τῶν
1001 623 1180 687 λογίων
1205 622 1328 691 ἀρχή
1356 631 1383 654 ‘⁶
1403 628 1478 692 Τῇ
1505 648 1554 676 τε
1579 629 1964 713 77'5127'6‘{{{⁰(}',3,

162 696 511 764 “καιδεκάτῃ
486 721 633 767 ημερα
659 704 725 749 τῶ
750 725 859 765 μηνι
886 706 952 752 τῶ
984 703 1178 774 δευτέρω
1211 705 1571 780 εξεληλυθότων
1595 709 1748 758 αὐτῶν

178 776 263 825 ίεκ
307 779 395 841 γῆς
441 780 699 844 Αἰγύπτου,
746 783 1014 850 διεγόγγυζε
1064 790 1201 836 πᾶσα
1249 787 1278 850 ἡ
1328 788 1588 854 συναγωγὴ
1639 794 1748 840 υἱῶν

161 863 189 886 ⁶⁶
213 857 416 923 Ἰσραὴλ
452 862 525 911 επὶ
560 866 780 927 Μωυσῆν
815 887 890 915 και
919 865 1122 931 Ἀαρων,
1150 870 1224 918 καὶ
1261 866 1396 919 εἶπαν
1429 892 1547 935 προς
1583 873 1777 926 αὐτοῦς·

160 944 187 966 “
212 941 254 988 οἱ
280 942 366 990 υἱοὶ
392 941 596 1007 Ἰσραήλ
610 941 835 1010 ἸΟφελον
856 946 1147 1011 ἀπεθάνομεν
1165 949 1426 1014 πληγέντες
1451 951 1540 1002 ὑπὸ
1572 956 1749 1016 Κυρίου

159 1021 260 1070 “ε’ν
297 1025 361 1089 γῇ
400 1023 642 1093 Αἰγύπτῳ,
682 1025 794 1077 ὅταν
834 1028 1119 1091 ἐκαθίσαμεν
1156 1032 1230 1081 ἐπι
1270 1035 1363 1081 τῶν
1402 1032 1619 1097 λεβήτων
1653 1057 1748 1085 των

157 1107 356 1168 “κρεῶν
405 1107 481 1156 καὶ
531 1107 759 1170 ἠσθίομεν
810 1110 979 1175 ἄρτους
1029 1115 1092 1165 εἷς
1143 1113 1450 1178 πλησμονὴν,
1506 1139 1578 1167 οτι
1631 1117 1741 1185 ἐξη-

157 1184 378 1250 “γάγετε
425 1187 546 1250 ἡμᾶς
589 1193 652 1243 εἷς
696 1190 782 1254 τὴν
827 1193 998 1257 ἐρημον
1042 1193 1216 1258 ταύτην
1263 1197 1530 1248 ἀποκτεῖναι
1580 1203 1745 1250 πᾶσαν

157 1265 296 1330 “τὴν
340 1270 629 1335 συναγωγὴν
673 1273 847 1337 ταύτην
887 1276 935 1324 ἐν
975 1277 1146 1345 λιμῷ.”
1218 1276 1277 1328 τὰ
1323 1302 1406 1340 μεν
1448 1280 1530 1330 οὖν
1570 1282 1619 1331 ἐκ
1662 1305 1743 1343 της
1764 1295 1789 1335 b

157 1350 368 1414 ἱστορίας
411 1352 616 1419 διαφανῆ
666 1357 741 1405 καὶ
791 1357 900 1405 λίαν
944 1357 1225 1420 εὐσύνοπτα,
1271 1363 1346 1410 καὶ
1391 1360 1573 1415 οὐδενὸς
1619 1361 1745 1427 οἶμαι

90 1449 136 1487 15
155 1430 481 1495 προσδεόμενα
508 1433 657 1500 λόγου
683 1441 765 1487 τοῦ
793 1435 878 1501 τὴν
903 1437 1155 1506 πρόχειρον
1180 1440 1519 1507 βασανίζοντος
1545 1449 1741 1509 γνῶσιν·

155 1512 348 1577 ἐροῦμεν
374 1513 423 1564 δὲ
448 1514 596 1566 πάλιν
621 1520 682 1571 εἰς
709 1518 854 1580 μόνον
881 1520 1080 1585 ὁρῶντες
1114 1520 1168 1572 τὸ
1204 1523 1530 1585 πνευματικόν.
1582 1527 1747 1577 οὐκοῦν

156 1592 223 1644 ε”τι
260 1594 346 1658 τὴν
374 1598 647 1662 Αἰγυπτίων
679 1599 862 1666 ἔχοντες
895 1602 1056 1669 χώραν
1089 1606 1130 1653 οἱ
1170 1604 1227 1672 ἐξ
1257 1605 1474 1672 Ἰσραὴλ,
1509 1606 1583 1657 διὰ
1623 1609 1747 1659 θείου

155 1675 528 1743 προστάγματος
565 1680 651 1745 τὴν
684 1683 757 1733 ἐπὶ
793 1687 993 1752 Χριστῷ
1031 1690 1237 1739 τυπικῶς
1275 1686 1526 1739 ἐπετέλουν
1559 1689 1742 1755 ἑορτὴν,

155 1759 231 1807 καὶ
258 1761 340 1822 τῆς
366 1766 448 1811 τοῦ
473 1761 716 1827 προβάτου
751 1766 907 1823 θοίνης
939 1766 1188 1832 ἁψάμενοι,
1216 1768 1356 1830 μόλις
1391 1771 1511 1820 οὕτω
1547 1773 1631 1834 τῆς
1663 1777 1746 1822 τοῦ

85 1856 137 1881 20
157 1841 334 1905 Φαραῶ
377 1845 648 1907 τυραννιδος
692 1845 777 1910 τὴν
817 1849 1097 1917 πλεονεξιαν
1136 1849 1386 1918 ἐξέβησαν,
1428 1874 1502 1901 και
1543 1875 1626 1903 τον
1663 1856 1747 1916 τῆς

155 1922 368 1977 δουλείας
395 1925 687 1993 ἀφόρητον’
661 1928 937 1980 απεσειόντο
963 1930 1115 1996 ζυγόν·
1149 1929 1247 1981 εἶτα
1272 1955 1390 1998 προς
1417 1933 1566 1984 τούτω
1593 1957 1784 2000 παρα-ο

154 2002 304 2073 δόξως
345 2005 432 2070 τὴν
469 2007 669 2073 ἐρυθρὰν
707 2010 1160 2075 διαπεραιωσάμενοι
1201 2013 1462 2065 θάλασσαν
1500 2017 1549 2066 ἐν
1589 2016 1745 2086 ἐρήμω

153 2085 397 2152 γεγόνασι’
459 2091 536 2140 καὶ
586 2090 643 2153 δὴ
693 2094 768 2142 καὶ
820 2093 868 2142 ἐν
918 2094 1035 2160 αὐτῇ
1085 2094 1396 2157 λιμώττοντες
1454 2102 1747 2166 κρεωφαγεΐν

153 2169 424 2233 ἐπεθύμουν,
461 2175 535 2222 καὶ
575 2175 637 2226 εἰς
675 2171 760 2237 τὴν
798 2174 981 2239 συνήθη
1019 2180 1114 2226 τῶν
1153 2178 1309 2242 ἄρτων
1347 2179 1593 2242 ἐπιθυμίαν
1629 2181 1738 2230 ὑπε-

85 2271 134 2309 25
154 2250 375 2316 σύροντο·
423 2252 679 2320 ἐγόγγυζόν
709 2278 758 2306 τε
794 2256 914 2307 οὕτω
951 2256 1069 2307 κατὰ
1103 2259 1351 2313 Μωυσέως
1391 2265 1464 2310 καὶ
1504 2265 1566 2314 εἷς
1604 2260 1745 2325 μετά-

154 2355 336 2398 γνωσιν
385 2337 468 2398 τῆς
518 2336 648 2400 παρὰ
698 2340 823 2389 Θεοῦ
877 2341 1051 2404 δωρεᾶς
1104 2341 1465 2404 καταπίπτουσι,
1516 2343 1620 2393 δεόν
1671 2345 1744 2394 ἐπὶ

154 2414 334 2468 τούτοις
362 2417 415 2466 οὐ
440 2418 637 2482 μετρίως
663 2419 971 2486 εὐχαριστεῖν.
1021 2420 1262 2486 Αἴγυπτος
1287 2427 1442 2474 τοίνυν
1467 2427 1744 2489 σκοτασμὸς

155 2492 212 2545 ἂν
250 2495 332 2561 ε’ίη,
371 2499 447 2548 καὶ
489 2499 774 2563 νοηθήσεταί
809 2524 910 2555 πως
955 2506 1016 2556 εἷς
1060 2502 1146 2568 τὴν
1185 2510 1266 2555 τοῦ
1307 2505 1540 2571 παρόντος
1578 2511 1745 2561 αἰῶνος

154 2578 454 2629 κατάστασιν
479 2582 554 2631 καὶ
581 2585 643 2634 εἷς
668 2581 766 2651 ἕξιν
791 2582 876 2646 τὴν
901 2584 1146 2649 κοσμικὴν,
1174 2584 1231 2649 ἢν
1257 2584 1421 2652 ὥσπερ
1447 2587 1551 2638 τινὰ
1583 2588 1743 2655 χώραν

86 2681 136 2717 30
153 2659 545 2728 ἐπιγραψάμενοι,
589 2662 761 2729 πικρὰν
805 2665 1095 2730 ὑπομένομεν
1138 2668 1186 2718 ἐν
1231 2668 1348 2735 αὐτῇ
1399 2667 1485 2732 τὴν
1531 2671 1737 2734 θητείαν,
1759 2680 1786 2720 d

201 2848 234 2885 5.
261 2840 375 2885 λόγων
396 2839 438 2875 Β.
519 2855 557 2875 τε
573 2848 796 2888 assumptum
815 2855 856 2878 ex
879 2844 918 2880 B.
1110 2846 1143 2880 8
1170 2844 1266 2880 εἶπαν
1285 2846 1326 2880 Β.
1332 2846 1378 2881 D.
1397 2861 1493 2881 ειπον
1512 2847 1544 2881 D
1564 2860 1740 2893 suprascr.

153 2886 221 2921 Ed.
242 2887 302 2929 (18
321 2887 382 2929 al.)
512 2887 565 2922 16.
590 2890 629 2922 τὸ
648 2889 691 2924 Β.
708 2891 767 2924 τὸν
786 2890 853 2925 Ed.
993 2903 1045 2937 19.
1072 2892 1177 2938 ουτω]
1198 2896 1290 2927 οὔπω
1312 2893 1352 2927 Β.
1486 2905 1540 2928 21.
1567 2895 1742 2940 ἀφόρητον

152 2935 210 2977 τῆς
227 2933 384 2968 δουλείας
400 2933 539 2968 inverso
557 2934 678 2969 ordine
698 2936 739 2972 B.
859 2948 915 2982 23.
942 2939 995 2972 καὶ
1012 2940 1071 2974 alt.
1090 2947 1312 2984 assumptum
1331 2952 1372 2974 ex
1392 2940 1438 2975 D.
1552 2951 1606 2987 27.
1631 2943 1742 2977 τοίνυν

154 2980 198 3015 Β.
215 2981 276 3023 μὲν
292 2980 403 3014 τοίνυν
423 2979 488 3015 Ed.

887 3052 910 3093 3
933 3051 962 3078 N
986 3052 1009 3081 2
