2084 3317
305 193 391 234 374
708 196 759 237 B.
792 196 1067 238 CYRILLI
1108 196 1487 238 ALEXANDR.
1680 211 1718 237 v.
1737 196 1892 251 36‚37.

307 301 477 367 ἑτέροις
517 304 777 370 εὑρήσομεν
815 304 1022 372 τρόποις,
1061 303 1090 370 ἢ
1129 304 1203 374 ἐφ’
1240 304 1410 371 οἷσπερ
1450 303 1509 355 ἂν
1547 306 1610 358 ὡς
1647 304 1896 369 ἄνθρωπος

309 382 416 434 ἔσθ’
444 383 520 434 ὅτε
546 390 691 453 λαλῇ.
736 386 887 456 τούτῳ
913 386 1105 456 συνᾴδει
1139 386 1193 437 τὸ
1231 385 1307 436 διὰ
1341 391 1425 437 τοῦ
1451 389 1722 455 ψαλμιρδοῦ
1747 384 1897 436 πάλιν

84 478 187 540 PsLii.
310 466 372 519 ὡς
410 465 467 534 ἐξ
509 467 650 517 αὑτοῦ
682 468 736 518 δι’
771 468 892 532 ἡμᾶς
926 469 1340 534 ἀνθρωποπρεπῶς
1373 467 1611 533 εἰρημένον
1638 474 1664 497 “
1689 466 1820 532 Ἐγὼ
1847 465 1896 517 δὲ

152 547 158 553 ’
311 553 338 577 “
363 546 661 612 κατεστάθην
693 548 925 610 βασιλεὺς
963 550 1037 600 ὑπ’
1071 550 1213 600 αὐτοῦ
1251 551 1326 601 ἐπὶ
1360 548 1483 600 Σιὼν
1523 547 1631 615 ὅρος
1667 547 1722 599 τὸ
1762 547 1897 613 ἅγιον

269 634 337 674 e“
363 629 504 680 αὐτοῦ
543 630 846 695 διαγγέλλων
870 630 925 681 τὸ
955 629 1248 697 πρόσταγμα
1286 631 1509 697 Κυρίου.”
1561 630 1587 680 ὁ
1618 629 1712 695 γὰρ
1746 635 1892 691 βασι-
1917 646 1939 684 5

307 708 417 763 λεὺς
451 708 516 760 ὧν
541 712 610 761 ἀεὶ
642 711 761 774 μετὰ
793 717 876 763 τοῦ
904 711 1108 779 Πατρὸς,
1136 713 1161 763 ὁ
1187 710 1449 779 σύνθρονός
1474 735 1524 763 τε
1555 712 1631 762 καὶ
1657 711 1898 777 σύνεδρος,

307 793 370 845 ὡς
411 790 533 846 Θεὸς·
576 796 686 861 Θεῷ
728 796 795 862 τῷ
837 792 1136 859 γεννήσαντι,
1181 794 1598 862 κεχειροτονῆσθαί
1639 797 1791 862 φησιν
1835 796 1898 846 εἷς

305 872 516 934 βασιλέα
550 875 625 925 καὶ
664 874 835 940 κύριον,
875 872 993 941 ἅπερ
1028 872 1149 943 εἶχεν
1185 877 1247 929 ὡς
1280 875 1402 929 Θεὸς
1440 873 1703 939 λαμβάνειν
1741 874 1897 938 εἰπὼν,

307 953 383 1005 ὅτε
426 955 635 1023 πέφηνεν
672 955 931 1022 ἄνθρωπος,
972 955 1010 1026 ᾦ
1052 956 1106 1008 τὸ
1146 956 1420 1018 βασιλεύειν
1461 955 1581 1008 κατὰ
1626 957 1777 1025 φύσιν
1815 957 1898 1008 οὐκ

306 1036 502 1100 ἔνεστιν,
547 1036 678 1088 ἀλλὰ
723 1036 817 1104 γὰρ
862 1040 936 1089 καὶ
980 1038 1035 1090 τὸ
1086 1042 1168 1103 τῆς
1219 1037 1488 1105 κυριότητος
1539 1038 1688 1102 ὄνομά
1727 1062 1776 1090 τε
1821 1041 1898 1091 καὶ
1922 1061 1968 1086 10

306 1123 506 1185 πρᾶγμα
532 1118 719 1174 πάντως·
746 1119 961 1173 ἐπακτόν.

352 1263 385 1298 3.
411 1252 453 1288 δι’
472 1252 573 1300 ἡμᾶς]
597 1257 633 1295 -Ι-
655 1255 699 1291 ὡς
717 1254 760 1290 Β.
894 1263 928 1300 5.
953 1255 1120 1296 βασιλεὺς
1137 1255 1182 1290 ὢν
1201 1254 1242 1290 Β.
1259 1254 1456 1296 βασιλεύων
1473 1254 1541 1290 Ed.
1677 1266 1709 1298 9.
1736 1254 1787 1289 ὅτι
1806 1255 1849 1290 Β.
