2084 3317
321 165 402 204 142
722 163 770 204 B.
805 163 1083 203 CYRILLI
1125 162 1503 203 ALEXANDR.
1792 159 1904 210 i.14.

97 280 192 352 {Ji‘i’ifflI-
320 271 391 323 διὸ
427 273 502 322 καὶ
537 273 585 321 ἐν
611 275 677 340 τῷ
706 270 948 335 Πνεύματι
979 272 1122 322 αὐτοῦ
1149 278 1175 300 “
1195 270 1421 337 κράζομεν
1444 272 1608 330 Ἀββᾶ
1643 270 1667 319 ὁ
1702 265 1906 332 πατήρ·”

199 331 215 362 5
321 359 494 417 σκηνοῖ
523 352 571 404 δὲ
606 355 630 404 ὁ
658 352 816 418 Λόγος
853 355 912 406 ὡς
949 354 997 403 ἐν
1029 358 1193 415 πᾶσιν,
1221 354 1270 403 ἐν
1300 353 1365 403 ἑνὶ
1400 356 1466 420 τῷ
1501 352 1556 402 δι’
1590 351 1710 415 ἡμᾶς
1747 351 1823 400 καὶ
1857 348 1912 417 ἐξ

97 434 227 474 Ephdi.

99 477 137 508 16
167 480 203 508 IS
275 449 301 489 b
321 435 452 499 ἡμῶν
478 436 709 505 ληφθέντι
735 440 844 505 ναῷ,
870 437 944 487 ἵνα
969 437 1151 490 πάντας
1177 436 1297 502 ε”χων
1321 438 1368 486 ἐν
1395 437 1557 503 ἑαυτῷ,
1585 442 1612 464 “
1633 436 1909 485 ἀποκαταλ-

139 503 146 517 ,
209 501 215 508 .

322 525 349 546 “
375 517 502 585 λάξῃ
535 517 715 571 πάντας
750 520 798 568 ἐν
824 520 889 568 ἑνὶ
915 518 1104 580 σώματι
1129 517 1247 584 πρὸς
1273 517 1356 568 τὸν
1385 517 1617 584 Πατέρα,”
1646 515 1858 582 καθάπερ
1885 516 1910 565 ὁ

323 599 519 651 Παῦλός
546 603 685 668 φησι.
1932 613 1954 650 5

324 831 398 872 Καὶ
438 831 709 880 ἐθεασάμεθα
754 831 832 872 τὴν
870 831 1000 874 δόξαν
1040 831 1180 883 αὐτοῦ,
1218 831 1347 875 δόξαν
1385 832 1446 873 ὡς
1482 831 1752 878 ΛΛονοΓενοῦε
1793 830 1909 888 Παρὰ

633 925 816 983 Πατρὸε,
855 927 1024 981 ΠλέιρΗε
1062 927 1235 982 χάριτος
1275 926 1343 966 καὶ
1381 925 1598 967 ἀλΗθείαε.

397 1067 558 1134 Σάρκα
586 1072 872 1134 γεγενῆσθαι
895 1069 978 1119 τὸν
1005 1069 1165 1134 Λόγον
1193 1069 1348 1131 εἰπὼν,
1376 1069 1618 1119 τουτέστιν
1644 1068 1911 1134 ἄνθρωπον,

281 1179 304 1204 0
324 1153 414 1213 καὶ,
460 1154 521 1204 εἰς
572 1151 878 1219 ἀδελφότητα
923 1150 1209 1216 καταγαγὼν
1253 1151 1338 1213 τὴν
1379 1150 1497 1216 πρὸς
1542 1149 1601 1200 τὰ
1646 1152 1794 1200 δοῦλα
1839 1152 1915 1200 καὶ

322 1231 574 1296 ποιήματα,
604 1233 833 1302 φυλάττει
874 1237 947 1284 καὶ
989 1235 1134 1286 οὕτως
1174 1235 1387 1298 ἀκέραιον
1419 1233 1544 1302 αὐτῷ
1579 1231 1632 1283 τὸ
1664 1232 1914 1298 θεοπρεπὲς
1940 1253 1986 1277 10

322 1314 522 1382 ἀξίωμα,
551 1318 623 1365 καὶ
659 1318 742 1379 τῆς
776 1315 971 1379 ἐνούσης
1007 1317 1133 1384 αὐτῷ
1166 1318 1396 1380 πατρικῆς
1433 1315 1658 1378 ἰδιότητος
1694 1314 1916 1365 ἀναπλέω

321 1395 470 1448 πάλιν
505 1395 618 1447 ὄντα
653 1397 862 1448 δεικνύει.
915 1396 1097 1463 πέπηγε
1137 1398 1229 1464 γὰρ
1269 1397 1414 1451 ὅντως
1454 1398 1480 1461 ἡ
1521 1397 1620 1448 θεία
1659 1396 1804 1464 φύσις
1843 1395 1915 1464 ἐφ’

323 1479 478 1545 ἑαυτῇ,
504 1477 590 1540 τὴν
618 1479 690 1546 ἐφ’
720 1477 877 1544 ἕτερόν
903 1501 948 1529 τι
982 1478 1296 1545 παρατροπὴν
1324 1480 1406 1529 οὐκ
1439 1479 1695 1545 ἀνεχομένη
1729 1482 1915 1542 παθεῖν,

324 1559 504 1627 ἔχουσα
542 1559 590 1610 δὲ
630 1565 823 1623 μᾶλλον
858 1561 1086 1615 ὡσαύτως
1121 1563 1202 1624 ἀεὶ,
1233 1563 1309 1612 καὶ
1345 1563 1392 1611 ἐν
1424 1565 1520 1614 τοῖς
1555 1561 1684 1614 ἰδίοις
1723 1563 1919 1612 ἑστῶσα

323 1641 748 1706 πλεονεκτήμασιν.
803 1644 969 1694 οὐκοῦν
995 1647 1032 1695 εὶ
1059 1646 1135 1694 καὶ
1169 1643 1328 1710 σάρκα
1361 1645 1484 1712 φησὶ
1518 1645 1800 1708 γεγενῆσθαι
1835 1641 1918 1693 τὸν
1943 1664 1989 1702 15

326 1723 488 1788 Λόγον
515 1725 539 1774 ὁ
568 1724 946 1791 Εὐαγγελιστὴς,
972 1727 1083 1776 ἀλλ’
1112 1727 1165 1777 οὐ
1200 1731 1300 1779 ταῖς
1339 1728 1422 1789 τῆς
1453 1723 1632 1790 σαρκὸς
1658 1726 1919 1778 ἀσθενείαις

327 1806 468 1855 αὑτὸν
495 1809 766 1870 νενικῆσθαι
793 1806 1136 1875 διισχυρίζεται,
1165 1807 1268 1859 οὐδὲ
1303 1810 1385 1871 τῆς
1418 1806 1729 1875 ἀρχαιοτάτης
1754 1808 1920 1874 ἰσχύος

280 1899 309 1939 d
327 1910 376 1938 τε
404 1890 478 1937 καὶ
506 1887 647 1956 δόξης
674 1890 946 1952 ἀποπεσεῖν,
975 1891 1220 1957 ἐπειδήπερ
1245 1889 1299 1940 τὸ
1325 1888 1520 1943 ἀσθενὲς
1548 1890 1678 1953 ἡμῶν
1708 1891 1783 1940 καὶ
1809 1891 1918 1940 ἀδο-

329 1970 529 2039 ξότατον
545 1970 856 2035 περιεβάλετο
876 1977 1032 2035 σῶμα.
1073 1972 1254 2035 εἴδομεν
1274 1971 1367 2038 γὰρ
1389 1974 1520 2023 αὐτοῦ
1541 1971 1609 2032 τὴν
1627 1968 1768 2040 δόξαν,
1785 1973 1923 2039 φησὶ,

327 2052 456 2118 παρὰ
482 2051 566 2116 τὴν
587 2057 680 2103 τῶν
705 2053 872 2103 ἄλλων
892 2054 1143 2123 ἐξαίρετον,
1162 2058 1236 2105 καὶ
1263 2055 1430 2105 ὁποίαν
1449 2054 1508 2104 ἄν
1531 2077 1599 2107 τις
1626 2052 1923 2119 ὁμολογήσοι
1945 2076 1994 2100 20

327 2134 522 2199 πρέπειν
554 2139 619 2203 τῷ
659 2137 708 2185 ἐκ
747 2139 872 2186 Θεοῦ
914 2137 1084 2205 Πατρὶς
1111 2140 1213 2206 Υἱῲ
1253 2141 1496 2202 Μονογενεῖ.
1547 2139 1713 2205 πλήρης
1744 2135 1838 2202 γὰρ
1866 2134 1924 2200 ἧν

327 2218 508 2284 χάριτός
549 2239 598 2266 τε
641 2224 718 2268 καὶ
759 2217 986 2277 ἀληθείας.
1044 2221 1239 2286 ἀφορῶν
1267 2219 1352 2282 μὲν
1385 2217 1478 2285 γάρ
1512 2242 1582 2272 τις
1618 2223 1681 2272 εἷς
1716 2217 1799 2269 τὸν
1829 2223 1924 2269 τῶν

327 2299 476 2363 ἁγίων
521 2298 680 2366 χορὸν,
724 2301 798 2349 καὶ
841 2300 900 2350 τὰ
953 2300 1007 2351 δι’
1051 2301 1255 2353 ἑκάστου
1306 2301 1592 2367 γεγενημένα
1644 2298 1924 2368 παραδόξως

328 2381 744 2446 ἀναμετρούμενος,
767 2381 1000 2445 θαυμάσει
1026 2383 1111 2446 μὲν
1136 2383 1255 2433 κατὰ
1280 2381 1335 2434 τὸ
1361 2381 1493 2444 εἰκὸς,
1515 2385 1589 2432 καὶ
1617 2387 1713 2436 τοῖς
1738 2381 1925 2452 ἑκάστῳ

287 2486 310 2513 e
328 2468 599 2527 προσοῦσιν
626 2465 820 2529 ἀγαθοῖς
846 2464 1191 2531 ἐφησθήσεται,
1215 2464 1357 2533 δόξης
1383 2487 1429 2514 τε
1458 2462 1624 2518 αὐτοὺς
1651 2466 1925 2528 ἀναπεπλῆ-
1948 2484 1996 2523 25

328 2548 444 2594 σθαι
469 2543 660 2598 πάντως
695 2546 789 2611 ε’ρεῖ
814 2548 896 2609 τῆς
932 2545 1062 2612 παρὰ
1090 2550 1228 2596 Θεοῦ·
1269 2543 1354 2609 τὴν
1379 2545 1434 2595 δέ
1463 2568 1515 2608 γε
1550 2552 1633 2596 τοῦ
1662 2547 1926 2612 Μονογενσῧς

381 2745 412 2768 2.
440 2734 484 2769 ὡς
501 2733 595 2768 edidi
611 2746 653 2768 ex
673 2734 716 2768 B.
734 2724 773 2770 ἒς
792 2734 835 2769 Β.
908 2736 955 2781 τῷ
974 2733 1015 2768 δι’
1036 2734 1137 2780 ἡμᾶς]
1159 2736 1197 2769 τὸ
1216 2735 1361 2781 διήγημα
1381 2735 1422 2769 Β.
1499 2735 1537 2779 ἐξ
1555 2735 1663 2781 ἡμῶν]
1685 2735 1722 2779 ἐξ
1740 2734 1825 2779 ἡμᾶς
1843 2734 1925 2780 (sic)

332 2780 425 2814 D.E.
550 2792 584 2826 9.
611 2781 658 2816 εἷς
674 2781 895 2827 ἀδελφότητα
912 2781 1127 2827 καταγαγὼν]
1149 2783 1409 2827 ι’σαδελφότητα
1427 2784 1581 2828 κατάγων
1600 2783 1641 2816 Β.
1767 2793 1779 2816 Ι
1791 2793 1819 2816 1.
1846 2782 1925 2816 ἅνα-

329 2827 424 2861 πλέω
444 2827 486 2861 Β.
505 2827 673 2862 ἀνάπλεον
693 2828 759 2862 Ed.
828 2828 953 2862 Statim
972 2829 1076 2863 πάλιν
1094 2829 1173 2863 ὄντα
1194 2829 1259 2863 hoc
1278 2829 1400 2863 ordine
1419 2829 1461 2863 Β.
1642 2838 1694 2873 15.
1721 2828 1927 2874 γεγενῆσθαι

331 2874 422 2918 φησὶ
439 2874 579 2908 inverso
596 2874 720 2908 ordine
740 2875 782 2909 B.
801 2875 919 2909 invitis
937 2887 967 2909 a.
988 2875 1096 2910 Cord.
1385 2876 1437 2910 16.
1463 2876 1564 2910 αὐτὸν
1581 2876 1771 2911 ἀσθενείαις
1788 2876 1927 2909 inverso

330 2920 455 2954 ordine
475 2920 516 2954 B.
536 2921 654 2955 invitis
675 2921 767 2955 Catt.
936 2934 989 2967 19.
1015 2923 1264 2967 περιεβάλλετο
1284 2922 1325 2957 Ε.
1388 2922 1511 2966 ἴδωμεν
1530 2922 1639 2957 Cord.
1806 2932 1861 2956 20.
1887 2921 1928 2956 άν

332 2965 398 3011 τις]
418 2967 520 3010 αὐτῆς
540 2968 581 3002 Β.
648 2967 860 3012 ὁμολογήσοι
878 2980 908 3002 a.
928 2969 1129 3014 ὁμολογήσῃ
1150 2969 1257 3004 Uord.
1278 2970 1483 3015 ὡμολογήσε
1502 2969 1570 3003 Ed.
