2084 3317
362 157 447 198 610
766 163 814 203 Β.
848 162 1127 204 CYRILLI
1167 161 1548 204 ALEXANDR.
1705 162 1776 205 vii.
1798 175 1864 214 20,
1885 174 1949 205 21.

364 289 535 321 σαντες
563 268 724 335 λόγον,
751 273 861 337 παρ’
888 271 1020 323 οὐδὲν
1046 275 1257 323 ποιεῖσθε
1293 271 1379 335 τὴν
1405 270 1685 338 παράβασιν
1716 276 1953 340 φονῶντες

364 349 563 412 ἀδι’κως;
621 358 812 404 τοιαῦτα
849 353 935 416 μὲν
973 355 1055 404 οὖν
1093 353 1213 419 πρὸς
1253 351 1361 406 τοὺς
1402 354 1623 408 ἀνοσίους
1662 353 1953 420 Φαρισαίους

366 428 551 486 εἰκότως
578 431 635 484 ἂν
662 434 792 500 λε’γοι
820 434 1050 501 Χριστός·
1107 435 1346 504 ἀφίστησι
1374 434 1422 486 δὲ
1447 433 1567 502 πρὸς
1603 434 1657 487 τὸ
1692 433 1846 501 παρὸν
1870 440 1954 485 τοῦ

366 513 533 564 οἰκείου
581 515 847 581 προσώπου
891 515 974 567 τὸν
1019 517 1176 580 νόμον,
1222 518 1371 567 καίτοι
1423 517 1678 582 νομοθέτης
1730 515 1955 584 ὑπάρχων

364 593 518 656 αὐτὸς,
544 596 673 666 μόνῳ
699 596 748 647 δὲ
775 595 938 664 ὥσπερ
963 597 1106 649 αὐτὸν
1132 600 1384 662 ἀνατίθησι
1410 603 1476 669 τῶ
1504 601 1672 665 Πατρὶ,
1699 599 1754 649 δι’
1782 598 1954 649 ἐκείνου
1972 616 1996 655 5

365 675 422 738 δὴ
462 676 677 735 μάλιστα
716 681 954 730 δυσωπῶν
992 681 1424 748 ἀναισχυντοῦντας
1461 679 1569 734 τοὺς
1605 680 1872 742 Ἰουδαίους,
1903 678 1953 733 ὃς

324 775 346 801 c
366 755 480 808 εἶναι
514 761 590 809 καὶ
622 760 789 826 μείζων
815 761 958 812 αὐτοῦ
984 763 1093 828 παρ’
1122 763 1309 816 ἐκείνοις
1336 764 1615 828 ὑπείληπτο.
1657 764 1734 814 καὶ
1758 761 1868 828 γὰρ,
1892 763 1955 815 ὡς

363 840 599 895 πολλάκις
633 842 894 909 εἰρήκαμεν,
920 845 1051 896 οὔπω
1087 843 1207 895 κατὰ
1241 843 1392 913 φύσιν
1422 844 1536 896 ὅντα
1568 843 1694 896 Θεὸν
1727 843 1952 910 ἐπεγίνω-

363 945 497 986 σκον,
537 925 648 975 ἀλλ’
690 924 793 976 οὐδὲ
837 928 921 990 τῆς
966 925 1086 990 μετὰ
1128 926 1308 993 σαρκὸς
1349 928 1612 991 οἰκονομίας
1657 924 1836 995 ᾔδεσαν
1878 949 1955 977 πω

361 1004 417 1056 τὸ
457 1005 583 1066 βαθὺ
627 1006 904 1075 μυστήριον,
942 1007 1029 1074 τὴν
1071 1008 1320 1063 Μωυσέως
1365 1008 1413 1060 δὲ
1456 1014 1649 1074 μᾶλλον
1694 1006 1954 1074 ἐθαύμαζον
1977 1026 2024 1053 10

363 1087 525 1157 δόξαν,

295 1274 345 1300 20
391 1265 625 1323 ἈΠεκρίθΗ
663 1266 686 1309 ὁ
722 1265 850 1322 ὄχλος
883 1267 1114 1316 Δαιμόνιον
1152 1268 1274 1324 ἔχεις·
1320 1268 1382 1311 τίς
1420 1284 1466 1311 σε
1503 1265 1614 1327 ζητεῖ
1650 1264 1929 1321 ἀποκτεῖναι;

294 1375 339 1401 21
694 1358 905 1417 ἀπεκρίθΗ
942 1377 965 1403 o
997 1361 1164 1404 ἸΗσοῦε
1204 1361 1272 1402 καὶ
1310 1357 1429 1405 εἶπεν
1467 1358 1628 1404 αὐτοῖς.

452 1478 775 1531 Αὶσθάνονται
825 1484 921 1531 τῶν
971 1479 1303 1546 ἐγκλημάτων,
1354 1483 1430 1533 καὶ
1480 1485 1663 1549 πικροῖς
1714 1480 1804 1547 ἤδη
1858 1483 1990 1550 τοῖςἺ

317 1561 571 1612 ᾶέντεῦθεν
614 1561 910 1627 βαλλόμενοι
958 1562 1136 1630 λόγοις,
1181 1569 1394 1632 χωροῦσι
1439 1563 1560 1632 πρὸς
1610 1563 1826 1631 ἄρνησιν,
1871 1563 1954 1615 οὐκ
1977 1582 2024 1621 15

361 1643 645 1710 αὐτοκυρίως
670 1642 724 1695 τὸ
757 1649 1023 1713 μιαιφονεῖν
1049 1645 1432 1714 παραιτούμενοι,
1461 1645 1608 1712 μόνον
1634 1645 1682 1698 δὲ
1714 1644 1768 1697 τὸ
1803 1648 1956 1696 δοκεῖν

359 1725 621 1792 παραλύειν
671 1726 755 1778 τὸν
805 1727 950 1791 νόμον
996 1727 1427 1795 περισπουδάστως
1476 1727 1858 1798 ἀποκρουόμενοι·
1907 1723 1956 1779 ἐν

359 1807 481 1876 μόνῃ
517 1807 609 1875 γάρ
645 1812 702 1877 τῇ
740 1809 890 1874 οἰήσει
915 1814 1010 1861 τῶν
1038 1812 1315 1878 Φαρισαίων
1339 1811 1394 1864 τὸ
1422 1812 1656 1880 καύχημα.
1700 1809 1771 1862 διὸ
1798 1809 1854 1875 δὴ
1879 1812 1957 1862 καὶ
2014 1864 2022 1870 ,

138 1888 299 1919 S.Matt}1.

137 1933 299 1974 xxiii-27.
360 1889 542 1959 τάφους
576 1890 742 1946 αὐτοὺς
778 1892 1130 1957 κεκονιαμένους
1166 1893 1393 1945 ἀπεκάλει
1418 1893 1647 1962 Χριστὸς,
1673 1894 1848 1963 ἔξωθεν
1870 1891 1957 1957 μὲν

360 1973 699 2039 περικειμένους
741 1977 824 2038 τῆς
868 1975 917 2025 ἐκ
957 1979 1136 2042 τεχνῶν
1175 1976 1379 2031 ἐπινοίας
1422 1977 1509 2041 τὴν
1548 1977 1826 2043 ὡραιότητα,
1868 1974 1951 2042 γε’·
1977 1997 2027 2024 20

359 2078 535 2119 μοντας
574 2055 624 2106 δὲ
662 2055 782 2107 κατὰ
820 2054 874 2107 τὸ
913 2056 1010 2108 ἔσω
1045 2060 1127 2121 τῆς
1167 2062 1342 2124 νεκρῶν
1372 2058 1683 2124 ἀκαθαρσίας.
1742 2056 1870 2122 οἶμαι
1905 2056 1955 2108 δὲ

362 2137 433 2188 ὅτι
461 2139 536 2188 καὶ
559 2136 643 2188 τὸν
668 2139 743 2189 ἐπὶ
768 2142 834 2208 τῷ
859 2139 1198 2205 προσδοκῆσαί
1219 2162 1263 2191 τι
1289 2144 1456 2192 παθεῖν
1476 2142 1772 2210 ἀφιστῶντες
1798 2137 1956 2207 φόβον

322 2220 421 2271 ero}
458 2219 651 2271 τοιαῦτά
689 2225 856 2289 φασιν,
896 2221 949 2272 οὐ
987 2219 1042 2272 τὸ
1081 2225 1278 2288 θαρσεῖν
1316 2224 1506 2287 ἀληθῶς
1546 2224 1609 2277 ὡς
1650 2222 1704 2273 οὐ
1742 2222 1956 2274 πείσεται
2014 2272 2017 2274 .

362 2300 566 2356 διδόντες
605 2303 744 2372 αὐτῷ,
780 2303 891 2354 ἀλλ’
928 2306 990 2356 εἷς
1029 2304 1319 2355 ἐπικίνδυνον
1357 2303 1627 2373 ἐξὲλκοντες
1663 2304 1952 2371 παρῥησίαν,

362 2386 437 2436 καὶ
475 2383 530 2436 τὸ
565 2384 633 2449 μὴ
672 2385 944 2451 ἐπείγεσθαι
984 2386 1314 2437 διαλανθάνειν
1349 2385 1517 2441 αὐτοὺς
1555 2386 1820 2438 ἀναπείθειν
1854 2386 1952 2437 οἶό-
1975 2411 2026 2449 25

361 2490 506 2531 μενοι.
562 2467 667 2518 τότε
708 2466 802 2534 γὰρ
841 2466 899 2532 ἧν
937 2467 1172 2519 δύνασθαι
1211 2468 1426 2535 χαλεπὸν
1464 2467 1597 2520 οὐδὲν
1634 2466 1956 2531 ἐπιβουλεύειν

363 2552 502 2619 αὐτῷ,
530 2547 649 2600 κατά
688 2572 744 2615 γε
782 2548 868 2613 τὴν
899 2549 1050 2600 οὖσαν
1084 2550 1133 2600 ἐν
1165 2551 1353 2604 ἐκείνοις
1393 2549 1632 2602 ὑπόνοιαν·
1673 2549 1822 2619 ᾤοντο
1860 2548 1955 2616 γὰρ

363 2633 556 2694 ἀμαθῶς
601 2631 684 2682 οὐκ
728 2629 898 2686 εἰδότες
939 2630 1022 2682 τὸν
1061 2630 1357 2695 διωκόμενον,
1398 2632 1468 2684 ὅτι
1511 2637 1612 2687 ταῖς
1649 2633 1757 2698 παρ’
1799 2632 1955 2683 αὐτῶν

414 2892 466 2915 ῐο.
493 2881 696 2927 ἐθαύμαζον]
716 2882 878 2926 ἐδόξαζον
897 2882 938 2916 Β.
1247 2893 1298 2916 12.
1326 2881 1449 2927 ὄχλος]
1474 2886 1510 2923 -1-
1532 2883 1585 2916 καὶ
1603 2879 1675 2917 εἶπε
1694 2880 1762 2917 Ed.
1779 2881 1890 2916 invito
1909 2881 1952 2917 B.

367 2928 418 2961 18.
445 2931 484 2971 τῇ
504 2936 726 2972 assumptum
745 2941 787 2963 ex
807 2929 848 2963 B.
977 2940 1031 2963 21.
1060 2928 1141 2962 κατὰ
1160 2929 1198 2962 τὸ
1216 2929 1286 2963 ἔσω
1307 2929 1347 2963 B.
1368 2931 1406 2964 τὸ
1424 2928 1507 2964 εἵσω
1526 2929 1594 2964 Ed.
1716 2940 1771 2974 23.
1796 2929 1953 2964 πείσεται

362 2714 668 2779 δυστροπίαις
697 2714 1007 2777 ὑποκείσεται,
1033 2712 1119 2765 κᾶν
1144 2713 1210 2779 μὴ
1240 2713 1476 2780 βούληται
1505 2719 1685 2778 παθεῖν,
1713 2714 1955 2766 ἁλώσεται
2082 2707 2084 2719 ¹

364 2975 458 3009 ΒΧ).
478 2978 654 3010 πείσονται
674 2975 739 3010 Ed.
2076 2724 2084 3185 φ

2075 3207 2079 3239 l
