2084 3317
954 834 1268 882 ΚΕΦΑΛΗ
1326 835 1362 881 Ι.

452 1028 546 1069 ‘'On
575 1030 695 1079 μόνος
727 1031 823 1069 κατὰ
854 1030 976 1081 φύσιν
1006 1029 1099 1072 ’Υἱὸς
1129 1031 1170 1070 ἐκ
1205 1030 1359 1080 Πατρὸς
1392 1031 1411 1070 ὁ
1444 1030 1691 1082 Μουογενὴς,
1724 1031 1774 1074 ὡς
1806 1030 1852 1082 ἐξ

943 1115 1059 1155 αὐτοῦ
1092 1115 1151 1155 καὶ
1183 1116 1226 1155 ἐν
1258 1116 1372 1170 αὐτῷ.

296 1265 341 1300 18
361 1264 470 1307 Θεὸν
509 1265 650 1307 οὐδεὶς
688 1265 857 1323 ἑώρακε
896 1266 1084 1309 ΠώΠοτε-ῖ·
1131 1268 1153 1310 ὁ
1184 1266 1436 1315 ΛΛονοΓενὲιε
1468 1267 1577 1310 Θεὸς
1614 1269 1637 1310 ὁ
1676 1268 1736 1309 ὢν
1775 1266 1835 1309 cic
1877 1269 1946 1312 τὸν

662 1361 823 1403 κόλπον
861 1365 935 1402 τοῦ
973 1361 1156 1418 Πατρός,
1193 1359 1356 1403 ἐκεῖνος
1393 1363 1645 1409 ὲΞΗι-ήσατο,
1970 1377 1992 1415 5

433 1521 570 1569 &EA
600 1518 655 1583 δὴ
682 1519 829 1570 πάλιν
855 1521 902 1570 ἐν
929 1519 1110 1573 τούτοις
1136 1525 1219 1570 τοῦ
1245 1518 1638 1587 πνευματοφόρου
1667 1518 1753 1584 τὴν
1781 1523 1942 1589 νῆψιν.

357 1600 441 1650 οὐκ
479 1600 715 1666 ἠγνόησεν
751 1601 822 1651 ὅτι
860 1600 1049 1656 πάντως
1087 1603 1252 1667 ἐροῦσί
1286 1624 1401 1655 τινες
1439 1601 1498 1652 τὰ
1532 1603 1636 1668 περὶ
1666 1607 1749 1652 τοῦ
1777 1605 1939 1653 Μονο-

355 1688 517 1747 γενοῦς
562 1683 778 1749 εἰρημένα
823 1682 1098 1750 πικρότερον
1136 1683 1468 1750 βασανίζοντες
1501 1682 1674 1751 ”Εφης,
1715 1681 1751 1733 ὦ
1789 1683 1942 1747 οὗτος,

133 1779 238 1838 &upra
355 1768 608 1815 τεθεᾶσθαι
639 1772 665 1795 “
686 1765 771 1829 τὴν
810 1765 956 1834 δόξαν
994 1767 1150 1828 αὐτοῦ,
1191 1765 1336 1835 δόξαν
1375 1769 1436 1819 ὡς
1478 1770 1780 1831 Μονογενοῦς
1816 1766 1947 1833 παρὰ

131 1830 262 1860 mm*
356 1853 384 1875 ‘⁶
412 1845 650 1912 Πατρός·”
703 1845 801 1898 εἶτα
842 1846 944 1897 δεόν
988 1849 1330 1899 ἀπολεπτύνειν
1370 1849 1480 1912 ἡμῖν
1521 1847 1605 1912 τὴν
1649 1850 1722 1900 ἐπὶ
1766 1848 1946 1903 τούτοις
1970 1877 2017 1902 ιο

356 1927 600 1997 ἐξήγησιν,
628 1931 704 1979 καὶ
731 1929 981 1995 θεοπρεπές
1013 1953 1057 1980 τι
1088 1935 1286 1996 πρᾶγμα
1321 1931 1395 1980 καὶ
1431 1930 1642 1999 ἐξαίσιον
1669 1934 1823 1993 εἰπεῖν,
1851 1932 1945 1983 ἀπὸ

356 2013 439 2074 τῆς
490 2009 610 2061 κατὰ
656 2011 904 2064 Μωυσέως
951 2013 1182 2079 ὑπεροχῆς
1233 2014 1308 2062 καὶ
1359 2016 1454 2062 τῶν
1497 2011 1718 2063 Ἰωάννου
1762 2013 1945 2079 μέτρων

315 2094 565 2157 οέποιήσω
608 2092 695 2157 τὴν
735 2091 989 2162 ἀπόδειξιν,
1031 2096 1093 2147 ὡς
1136 2095 1218 2145 οὐκ
1263 2094 1367 2144 ἐνὸν
1406 2093 1569 2161 ἑτέρως
1614 2096 1816 2160 ὁρᾶσθαι
1859 2093 1945 2159 τὴν

356 2172 502 2242 δόξαν
541 2175 698 2238 αὐτοῦ,
736 2176 883 2225 καίτοι
922 2181 1004 2226 τοῦ
1043 2175 1128 2240 μὲν
1165 2177 1395 2242 μακαρίου
1433 2175 1683 2245 προφήτου
1722 2176 1945 2242 λέγοντος

132 2257 248 2330 Ξᾞῑ-
355 2255 564 2307 Ἡσαΐου
592 2264 619 2285 “
646 2255 790 2307 Εἶδον
816 2255 898 2308 τὸν
927 2258 1104 2324 Κύριον
1134 2258 1340 2319 σαβαὼθ
1370 2258 1632 2322 καθήμενον
1664 2259 1738 2309 ἐπὶ
1774 2259 1944 2325 θρόνου
1968 2280 2015 2319 15

175 2325 192 2339 ι’
356 2345 382 2368 “
409 2340 602 2406 ὑψηλοῦ
647 2341 721 2389 καὶ
765 2338 1037 2405 ἐπηρμένου,
1082 2342 1157 2390 καὶ
1201 2340 1389 2405 πλήρης
1434 2341 1458 2391 ὁ
1503 2338 1626 2394 οἶκος
1670 2343 1753 2403 τῆς
1801 2340 1944 2410 δόξης

356 2428 383 2450 “
409 2421 565 2483 αὐτοῦ,
594 2421 669 2471 καὶ
698 2423 916 2489 Σεραφὶμ
943 2420 1242 2485 εὶστήκεισαν
1269 2421 1428 2490 κύκλῳ
1455 2423 1610 2482 αὐτοῦ,
1637 2421 1694 2491 ἓξ
1719 2423 1945 2489 πτέρυγες

357 2509 385 2532 “
408 2506 475 2573 τῷ
504 2504 583 2566 ἑνὶ,
611 2504 687 2553 καὶ
721 2501 778 2571 ἓξ
808 2502 1035 2568 πτερυγες
1066 2507 1133 2572 τῷ
1163 2505 1239 2565 ἐνὶ,
1267 2503 1342 2553 καὶ
1368 2508 1468 2556 ταῖς
1493 2502 1579 2566 μὲν
1606 2505 1714 2554 δυσὶ
1741 2504 1940 2556 κατεκά-

129 2593 212 2627 104
228 2593 279 2627 Α·
316 2605 338 2629 a
357 2592 385 2614 “
411 2593 594 2637 λυπτον
632 2583 686 2635 τὸ
730 2583 1006 2651 πρόσωπον,
1045 2586 1120 2635 καὶ
1159 2589 1258 2638 ταῖς
1297 2587 1405 2635 δυσὶ
1445 2584 1798 2637 κατεκάλυπτον
1836 2585 1944 2642 τοὺς

401 2846 432 2868 2.
459 2837 476 2868 ὁ
495 2847 564 2869 om.
585 2835 626 2869 B.
730 2847 763 2878 4.
791 2836 876 2871 Θεὸς
895 2835 938 2869 Β.
955 2836 1026 2871 υἱὸς
1044 2835 1091 2869 D.
1112 2835 1178 2869 Ed.
1229 2835 1386 2870 Adnotat
1405 2837 1439 2871 D
1457 2849 1529 2881 mg.
1548 2837 1592 2873 ὡς
1608 2837 1674 2872 ἀπὸ
1691 2839 1750 2882 τῆς
1767 2839 1942 2882 ἑρμηνείας

352 2882 574 2925 στοχάζομαι,
593 2882 668 2917 θεὸς
684 2884 812 2927 γράφει
830 2882 902 2916 ἀντὶ
920 2884 980 2916 τοῦ
997 2883 1067 2918 υἱὸς
1085 2883 1102 2916 ὁ
1120 2883 1226 2927 ἅγιος.
1287 2887 1310 2901 “
1327 2883 1458 2918 Filius''
1478 2884 1652 2929 Georgius
1669 2884 1939 2929 Trapezuntius‚

351 2928 411 2973 qui
429 2928 632 2962 affinitatem
649 2941 731 2963 cum
751 2929 780 2962 E
797 2934 928 2963 arctam
947 2940 1084 2973 semper
1101 2929 1252 2963 exhibet.
1409 2941 1463 2975 13.
1490 2931 1565 2975 ἐνῆν
1584 2931 1626 2965 Β.
1781 2942 1836 2966 20.
1861 2932 1938 2966 ἐπέ-

348 2989 447 3008 τοντο
467 2975 508 3008 Β.
528 2976 639 3020 (309.)
659 2975 702 3010 cf.
726 2975 833 3009 Hom.
854 2975 977 3010 Pasch.
997 2976 1042 3009 xi.
1066 2975 1128 3020 167
1144 2975 1178 3010 b.
1198 2976 1361 3011 ἐπέτοντο
1379 2976 1447 3012 Ed.

2082 2600 2084 2617 l

2081 2622 2084 2647 Ι

357 2674 384 2696 “
409 2667 570 2729 πόδας,
598 2667 673 2717 καὶ
699 2671 798 2720 ταῖς
825 2667 964 2716 δυσὶν
989 2665 1223 2717 ἐπέτοντο·
1267 2668 1341 2717 καὶ
1367 2667 1618 2733 ἐκέκραγον
1645 2668 1798 2734 ἕτερος
1823 2667 1942 2735 πρὸς
1964 2699 2013 2724 20
2079 2650 2084 2745 ξ

2078 2746 2082 2788 ἰ

2076 2842 2080 2880 l

2074 2921 2078 2952 e
