<?xml version="1.0" encoding="UTF-8"?>
<!DOCTYPE html PUBLIC "-//W3C//DTD XHTML 1.0 Transitional//EN"
    "http://www.w3.org/TR/xhtml1/DTD/xhtml1-transitional.dtd">
<html xmlns="http://www.w3.org/1999/xhtml" xml:lang="en" lang="en">
 <head>
  <title>
</title>
<meta http-equiv="Content-Type" content="text/html;charset=utf-8" />
  <meta name='ocr-system' content='tesseract 3.04.00' />
  <meta name='ocr-capabilities' content='ocr_page ocr_carea ocr_par ocr_line ocrx_word'/>
</head>
<body>
  <div class='ocr_page' id='page_1' title='image "./operacyrilli03cyriuoft/operacyrilli03cyriuoft_0124.png"; bbox 0 0 2073 3296; ppageno 0'>
   <div class='ocr_carea' id='block_1_1' title="bbox 76 1114 233 1147">
    <p class='ocr_par' dir='ltr' id='par_1_1' title="bbox 76 1114 233 1147">
     <span class='ocr_line' id='line_1_1' title="bbox 76 1114 233 1147; baseline 0.013 -2"><span class='ocrx_word' id='word_1_1' title='bbox 76 1123 89 1145; x_wconf 94' lang='lat'>1</span> <span class='ocrx_word' id='word_1_2' title='bbox 105 1115 178 1146; x_wconf 87' lang='lat' dir='ltr'>Cor.</span> <span class='ocrx_word' id='word_1_3' title='bbox 190 1114 233 1147; x_wconf 90' lang='lat' dir='ltr'>iv.</span> 
     </span>
    </p>
   </div>
   <div class='ocr_carea' id='block_1_2' title="bbox 75 1166 91 1175">
    <p class='ocr_par' dir='ltr' id='par_1_2' title="bbox 75 1166 91 1175">
     <span class='ocr_line' id='line_1_2' title="bbox 75 1166 91 1175; baseline 0 0"><span class='ocrx_word' id='word_1_4' title='bbox 75 1166 91 1175; x_wconf 74' lang='lat'>›-</span> 
     </span>
    </p>
   </div>
   <div class='ocr_carea' id='block_1_3' title="bbox 76 1179 103 1197">
    <p class='ocr_par' dir='ltr' id='par_1_3' title="bbox 76 1179 103 1197">
     <span class='ocr_line' id='line_1_3' title="bbox 76 1179 103 1197; baseline 0 -9"><span class='ocrx_word' id='word_1_5' title='bbox 76 1179 103 1197; x_wconf 56' lang='lat'>¹.</span> 
     </span>
    </p>
   </div>
   <div class='ocr_carea' id='block_1_4' title="bbox 310 101 1889 156">
    <p class='ocr_par' dir='ltr' id='par_1_4' title="bbox 310 101 1889 156">
     <span class='ocr_line' id='line_1_4' title="bbox 310 101 1889 156; baseline 0.003 -16"><span class='ocrx_word' id='word_1_6' title='bbox 310 101 365 141; x_wconf 87' lang='lat'>88</span> <span class='ocrx_word' id='word_1_7' title='bbox 711 104 760 145; x_wconf 92' lang='lat' dir='ltr'>B.</span> <span class='ocrx_word' id='word_1_8' title='bbox 794 103 1065 144; x_wconf 84' lang='lat' dir='ltr'>CYRILLI</span> <span class='ocrx_word' id='word_1_9' title='bbox 1107 103 1483 144; x_wconf 85' lang='lat' dir='ltr'>ALEXANDR.</span> <span class='ocrx_word' id='word_1_10' title='bbox 1806 103 1889 156; x_wconf 83' lang='lat' dir='ltr'>i.5.</span> 
     </span>
    </p>
   </div>
   <div class='ocr_carea' id='block_1_5' title="bbox 261 209 1893 526">
    <p class='ocr_par' dir='ltr' id='par_1_5' title="bbox 306 209 1893 438">
     <span class='ocr_line' id='line_1_5' title="bbox 307 209 1892 280; baseline 0.001 -20"><span class='ocrx_word' id='word_1_11' title='bbox 307 209 545 265; x_wconf 76' lang='grc' dir='ltr'>συνέσεώς</span> <span class='ocrx_word' id='word_1_12' title='bbox 582 234 630 262; x_wconf 92' lang='grc' dir='ltr'>τε</span> <span class='ocrx_word' id='word_1_13' title='bbox 672 214 748 263; x_wconf 79' lang='grc' dir='ltr'>καὶ</span> <span class='ocrx_word' id='word_1_14' title='bbox 786 212 1064 280; x_wconf 89' lang='grc' dir='ltr'>φρονήσεως</span> <span class='ocrx_word' id='word_1_15' title='bbox 1104 212 1304 276; x_wconf 75' lang='grc' dir='ltr'>δεκτικὰ,</span> <span class='ocrx_word' id='word_1_16' title='bbox 1342 218 1481 264; x_wconf 88' lang='grc' dir='ltr'>τοῦτο</span> <span class='ocrx_word' id='word_1_17' title='bbox 1523 211 1740 264; x_wconf 80' lang='grc' dir='ltr'>δεικνύων</span> <span class='ocrx_word' id='word_1_18' title='bbox 1778 211 1892 277; x_wconf 79' lang='grc' dir='ltr'>ὅπερ</span> 
     </span>
     <span class='ocr_line' id='line_1_6' title="bbox 307 291 1893 360; baseline 0 -17"><span class='ocrx_word' id='word_1_19' title='bbox 307 293 416 343; x_wconf 80' lang='grc' dir='ltr'>εἰσί·</span> <span class='ocrx_word' id='word_1_20' title='bbox 458 291 616 344; x_wconf 84' lang='grc' dir='ltr'>πάντα</span> <span class='ocrx_word' id='word_1_21' title='bbox 651 293 743 360; x_wconf 82' lang='grc' dir='ltr'>γὰρ</span> <span class='ocrx_word' id='word_1_22' title='bbox 779 295 828 344; x_wconf 87' lang='grc' dir='ltr'>ἐν</span> <span class='ocrx_word' id='word_1_23' title='bbox 851 294 1002 345; x_wconf 85' lang='grc' dir='ltr'>πᾶσίν</span> <span class='ocrx_word' id='word_1_24' title='bbox 1027 296 1157 345; x_wconf 85' lang='grc' dir='ltr'>ἐστιν</span> <span class='ocrx_word' id='word_1_25' title='bbox 1183 295 1208 345; x_wconf 85' lang='grc' dir='ltr'>ὁ</span> <span class='ocrx_word' id='word_1_26' title='bbox 1236 293 1358 348; x_wconf 82' lang='grc' dir='ltr'>Θεὸς</span> <span class='ocrx_word' id='word_1_27' title='bbox 1392 296 1467 345; x_wconf 82' lang='grc' dir='ltr'>καὶ</span> <span class='ocrx_word' id='word_1_28' title='bbox 1495 293 1664 360; x_wconf 89' lang='grc' dir='ltr'>Πατὴρ</span> <span class='ocrx_word' id='word_1_29' title='bbox 1690 294 1746 344; x_wconf 87' lang='grc' dir='ltr'>δι’</span> <span class='ocrx_word' id='word_1_30' title='bbox 1775 296 1893 344; x_wconf 82' lang='grc' dir='ltr'>Υἱοῦ</span> 
     </span>
     <span class='ocr_line' id='line_1_7' title="bbox 306 374 639 438; baseline 0.009 -14"><span class='ocrx_word' id='word_1_31' title='bbox 306 375 356 424; x_wconf 83' lang='grc' dir='ltr'>ἐν</span> <span class='ocrx_word' id='word_1_32' title='bbox 383 374 639 438; x_wconf 88' lang='grc' dir='ltr'>Πνεύματι.</span> 
     </span>
    </p>

    <p class='ocr_par' dir='ltr' id='par_1_6' title="bbox 261 455 1888 526">
     <span class='ocr_line' id='line_1_8' title="bbox 261 455 1888 526; baseline -0.002 -16"><span class='ocrx_word' id='word_1_33' title='bbox 261 462 287 502; x_wconf 84' lang='lat' dir='ltr'>b</span> <span class='ocrx_word' id='word_1_34' title='bbox 382 458 578 510; x_wconf 78' lang='grc' dir='ltr'>Σκοτῖαν</span> <span class='ocrx_word' id='word_1_35' title='bbox 606 455 653 508; x_wconf 77' lang='grc' dir='ltr'>δὲ</span> <span class='ocrx_word' id='word_1_36' title='bbox 687 456 896 523; x_wconf 72' lang='grc' dir='ltr'>ὀνομάζει</span> <span class='ocrx_word' id='word_1_37' title='bbox 929 457 1015 522; x_wconf 89' lang='grc' dir='ltr'>τὴν</span> <span class='ocrx_word' id='word_1_38' title='bbox 1039 463 1123 508; x_wconf 89' lang='grc' dir='ltr'>τοῦ</span> <span class='ocrx_word' id='word_1_39' title='bbox 1160 456 1447 526; x_wconf 74' lang='grc' dir='ltr'>φωτίζεσθαι</span> <span class='ocrx_word' id='word_1_40' title='bbox 1473 456 1692 522; x_wconf 76' lang='grc' dir='ltr'>δεομένην</span> <span class='ocrx_word' id='word_1_41' title='bbox 1718 456 1888 525; x_wconf 84' lang='grc' dir='ltr'>φύσιν,</span> 
     </span>
    </p>
   </div>
   <div class='ocr_carea' id='block_1_6' title="bbox 304 536 1932 605">
    <p class='ocr_par' dir='ltr' id='par_1_7' title="bbox 304 536 1932 605">
     <span class='ocr_line' id='line_1_9' title="bbox 304 536 1932 605; baseline 0.002 -17"><span class='ocrx_word' id='word_1_42' title='bbox 304 536 534 601; x_wconf 72' lang='grc' dir='ltr'>τουτέστι,</span> <span class='ocrx_word' id='word_1_43' title='bbox 560 536 768 590; x_wconf 83' lang='grc' dir='ltr'>καθόλου</span> <span class='ocrx_word' id='word_1_44' title='bbox 802 538 888 603; x_wconf 89' lang='grc' dir='ltr'>τὴν</span> <span class='ocrx_word' id='word_1_45' title='bbox 913 538 1126 604; x_wconf 86' lang='grc' dir='ltr'>γενητήν.</span> <span class='ocrx_word' id='word_1_46' title='bbox 1181 539 1334 603; x_wconf 83' lang='grc' dir='ltr'>ἐπειδὴ</span> <span class='ocrx_word' id='word_1_47' title='bbox 1373 539 1466 605; x_wconf 80' lang='grc' dir='ltr'>γὰρ</span> <span class='ocrx_word' id='word_1_48' title='bbox 1505 539 1647 590; x_wconf 82' lang='grc' dir='ltr'>αὐτὸν</span> <span class='ocrx_word' id='word_1_49' title='bbox 1672 538 1890 602; x_wconf 86' lang='grc' dir='ltr'>ὠνόμασε</span> <span class='ocrx_word' id='word_1_50' title='bbox 1911 553 1932 591; x_wconf 91' lang='grc'><strong>5</strong></span> 
     </span>
    </p>
   </div>
   <div class='ocr_carea' id='block_1_7' title="bbox 260 618 1891 1096">
    <p class='ocr_par' dir='ltr' id='par_1_8' title="bbox 260 618 1891 1096">
     <span class='ocr_line' id='line_1_10' title="bbox 304 618 1891 688; baseline 0.001 -19"><span class='ocrx_word' id='word_1_51' title='bbox 304 618 359 669; x_wconf 81' lang='grc' dir='ltr'>τὸ</span> <span class='ocrx_word' id='word_1_52' title='bbox 398 619 509 688; x_wconf 73' lang='grc' dir='ltr'>φῶς,</span> <span class='ocrx_word' id='word_1_53' title='bbox 536 620 697 686; x_wconf 71' lang='grc' dir='ltr'>ἑτέραν</span> <span class='ocrx_word' id='word_1_54' title='bbox 723 621 873 670; x_wconf 79' lang='grc' dir='ltr'>οὖσαν</span> <span class='ocrx_word' id='word_1_55' title='bbox 899 621 1197 671; x_wconf 81' lang='grc' dir='ltr'>ἐπιδεικνύων</span> <span class='ocrx_word' id='word_1_56' title='bbox 1229 620 1315 685; x_wconf 85' lang='grc' dir='ltr'>τὴν</span> <span class='ocrx_word' id='word_1_57' title='bbox 1349 622 1506 672; x_wconf 81' lang='grc' dir='ltr'>ἐπιδεᾶ</span> <span class='ocrx_word' id='word_1_58' title='bbox 1545 622 1619 671; x_wconf 71' lang='grc' dir='ltr'>καὶ</span> <span class='ocrx_word' id='word_1_59' title='bbox 1659 620 1891 687; x_wconf 79' lang='grc' dir='ltr'>ἀμέτοχον</span> 
     </span>
     <span class='ocr_line' id='line_1_11' title="bbox 304 701 1883 769; baseline 0.001 -19"><span class='ocrx_word' id='word_1_60' title='bbox 304 701 446 751; x_wconf 81' lang='grc' dir='ltr'>αὐτοῦ</span> <span class='ocrx_word' id='word_1_61' title='bbox 473 702 628 752; x_wconf 83' lang='grc' dir='ltr'>κτίσιν</span> <span class='ocrx_word' id='word_1_62' title='bbox 655 701 865 767; x_wconf 88' lang='grc' dir='ltr'>λογικὴν,</span> <span class='ocrx_word' id='word_1_63' title='bbox 893 706 956 755; x_wconf 81' lang='grc' dir='ltr'>εἷς</span> <span class='ocrx_word' id='word_1_64' title='bbox 981 701 1035 753; x_wconf 77' lang='grc' dir='ltr'>τὸ</span> <span class='ocrx_word' id='word_1_65' title='bbox 1061 702 1269 754; x_wconf 86' lang='grc' dir='ltr'>ἐναντίον</span> <span class='ocrx_word' id='word_1_66' title='bbox 1293 702 1557 769; x_wconf 76' lang='grc' dir='ltr'>περιτρέπει</span> <span class='ocrx_word' id='word_1_67' title='bbox 1592 707 1675 752; x_wconf 90' lang='grc' dir='ltr'>τοῦ</span> <span class='ocrx_word' id='word_1_68' title='bbox 1707 724 1883 765; x_wconf 92' lang='grc' dir='ltr'>σημαι-</span> 
     </span>
     <span class='ocr_line' id='line_1_12' title="bbox 303 780 1890 849; baseline 0.001 -17"><span class='ocrx_word' id='word_1_69' title='bbox 303 780 496 845; x_wconf 76' lang='grc' dir='ltr'>νομένου</span> <span class='ocrx_word' id='word_1_70' title='bbox 521 782 607 847; x_wconf 83' lang='grc' dir='ltr'>τὴν</span> <span class='ocrx_word' id='word_1_71' title='bbox 634 783 842 848; x_wconf 87' lang='grc' dir='ltr'>δύναμιν,</span> <span class='ocrx_word' id='word_1_72' title='bbox 870 784 952 834; x_wconf 83' lang='grc' dir='ltr'>οὐκ</span> <span class='ocrx_word' id='word_1_73' title='bbox 980 783 1074 835; x_wconf 82' lang='grc' dir='ltr'>ἀπὸ</span> <span class='ocrx_word' id='word_1_74' title='bbox 1101 789 1301 846; x_wconf 81' lang='grc' dir='ltr'>σκοποῦ,</span> <span class='ocrx_word' id='word_1_75' title='bbox 1329 783 1448 835; x_wconf 88' lang='grc' dir='ltr'>κατά</span> <span class='ocrx_word' id='word_1_76' title='bbox 1482 806 1536 849; x_wconf 90' lang='grc' dir='ltr'>γε</span> <span class='ocrx_word' id='word_1_77' title='bbox 1562 783 1644 835; x_wconf 84' lang='grc' dir='ltr'>τὸν</span> <span class='ocrx_word' id='word_1_78' title='bbox 1668 783 1890 849; x_wconf 79' lang='grc' dir='ltr'>ἡμέτερον</span> 
     </span>
     <span class='ocr_line' id='line_1_13' title="bbox 303 864 1890 930; baseline 0.001 -16"><span class='ocrx_word' id='word_1_79' title='bbox 303 869 426 926; x_wconf 90' lang='grc' dir='ltr'>νοῦν,</span> <span class='ocrx_word' id='word_1_80' title='bbox 454 867 530 915; x_wconf 80' lang='grc' dir='ltr'>καὶ</span> <span class='ocrx_word' id='word_1_81' title='bbox 567 871 708 916; x_wconf 87' lang='grc' dir='ltr'>τοῦτο</span> <span class='ocrx_word' id='word_1_82' title='bbox 746 870 908 928; x_wconf 82' lang='grc' dir='ltr'>ποιῶν,</span> <span class='ocrx_word' id='word_1_83' title='bbox 940 867 1050 916; x_wconf 83' lang='grc' dir='ltr'>ἀλλ’</span> <span class='ocrx_word' id='word_1_84' title='bbox 1079 867 1222 917; x_wconf 83' lang='grc' dir='ltr'>ἐκεῖνο</span> <span class='ocrx_word' id='word_1_85' title='bbox 1261 865 1316 930; x_wconf 83' lang='grc' dir='ltr'>δὴ</span> <span class='ocrx_word' id='word_1_86' title='bbox 1354 864 1542 920; x_wconf 86' lang='grc' dir='ltr'>πάντως</span> <span class='ocrx_word' id='word_1_87' title='bbox 1580 866 1688 917; x_wconf 89' lang='grc' dir='ltr'>καθ’</span> <span class='ocrx_word' id='word_1_88' title='bbox 1725 864 1890 916; x_wconf 82' lang='grc' dir='ltr'>ἑαυτὸν</span> 
     </span>
     <span class='ocr_line' id='line_1_14' title="bbox 301 945 1890 1016; baseline 0.003 -20"><span class='ocrx_word' id='word_1_89' title='bbox 301 945 544 1011; x_wconf 82' lang='grc' dir='ltr'>ἐννοήσας,</span> <span class='ocrx_word' id='word_1_90' title='bbox 576 946 646 998; x_wconf 79' lang='grc' dir='ltr'>ὅτι</span> <span class='ocrx_word' id='word_1_91' title='bbox 681 952 775 998; x_wconf 84' lang='grc' dir='ltr'>τῶν</span> <span class='ocrx_word' id='word_1_92' title='bbox 809 952 1019 1013; x_wconf 82' lang='grc' dir='ltr'>γενητῶν</span> <span class='ocrx_word' id='word_1_93' title='bbox 1051 948 1079 1012; x_wconf 80' lang='grc' dir='ltr'><em>ἦ</em></span> <span class='ocrx_word' id='word_1_94' title='bbox 1119 947 1279 1015; x_wconf 81' lang='grc' dir='ltr'>φύσις,</span> <span class='ocrx_word' id='word_1_95' title='bbox 1313 945 1444 998; x_wconf 76' lang='grc' dir='ltr'>οὐδὲν</span> <span class='ocrx_word' id='word_1_96' title='bbox 1475 946 1598 1000; x_wconf 81' lang='grc' dir='ltr'>ὅλως</span> <span class='ocrx_word' id='word_1_97' title='bbox 1636 947 1694 1016; x_wconf 79' lang='grc' dir='ltr'>ἐξ</span> <span class='ocrx_word' id='word_1_98' title='bbox 1724 948 1890 1011; x_wconf 78' lang='grc' dir='ltr'>ἑαυτῆς</span> 
     </span>
     <span class='ocr_line' id='line_1_15' title="bbox 260 1027 1889 1096; baseline 0.002 -19"><span class='ocrx_word' id='word_1_99' title='bbox 260 1028 598 1096; x_wconf 72' lang='grc' dir='ltr'>οπηγάζουσα,</span> <span class='ocrx_word' id='word_1_100' title='bbox 637 1029 836 1092; x_wconf 84' lang='grc' dir='ltr'>σύμπαν</span> <span class='ocrx_word' id='word_1_101' title='bbox 882 1029 931 1080; x_wconf 81' lang='grc' dir='ltr'>δὲ</span> <span class='ocrx_word' id='word_1_102' title='bbox 975 1029 1030 1081; x_wconf 81' lang='grc' dir='ltr'>τὸ</span> <span class='ocrx_word' id='word_1_103' title='bbox 1075 1027 1188 1080; x_wconf 72' lang='grc' dir='ltr'>εἶναι</span> <span class='ocrx_word' id='word_1_104' title='bbox 1233 1032 1308 1081; x_wconf 76' lang='grc' dir='ltr'>καὶ</span> <span class='ocrx_word' id='word_1_105' title='bbox 1351 1028 1406 1080; x_wconf 77' lang='grc' dir='ltr'>τὸ</span> <span class='ocrx_word' id='word_1_106' title='bbox 1449 1030 1497 1080; x_wconf 75' lang='grc' dir='ltr'>εὖ</span> <span class='ocrx_word' id='word_1_107' title='bbox 1538 1027 1651 1080; x_wconf 74' lang='grc' dir='ltr'>εἶναι</span> <span class='ocrx_word' id='word_1_108' title='bbox 1689 1031 1889 1080; x_wconf 85' lang='grc' dir='ltr'>τοιῶσδε</span> 
     </span>
    </p>
   </div>
   <div class='ocr_carea' id='block_1_8' title="bbox 297 1109 1894 1179">
    <p class='ocr_par' dir='ltr' id='par_1_9' title="bbox 297 1109 1894 1179">
     <span class='ocr_line' id='line_1_16' title="bbox 297 1109 1894 1179; baseline -0.001 -17"><span class='ocrx_word' id='word_1_109' title='bbox 297 1109 442 1178; x_wconf 79' lang='grc' dir='ltr'>τυχόν</span> <span class='ocrx_word' id='word_1_110' title='bbox 475 1109 698 1179; x_wconf 78' lang='grc' dir='ltr'>δεχομένη</span> <span class='ocrx_word' id='word_1_111' title='bbox 736 1111 866 1178; x_wconf 78' lang='grc' dir='ltr'>παρὰ</span> <span class='ocrx_word' id='word_1_112' title='bbox 903 1117 987 1163; x_wconf 90' lang='grc' dir='ltr'>τοῦ</span> <span class='ocrx_word' id='word_1_113' title='bbox 1014 1116 1333 1178; x_wconf 88' lang='grc' dir='ltr'>Δημιουργοῦ,</span> <span class='ocrx_word' id='word_1_114' title='bbox 1369 1111 1554 1164; x_wconf 84' lang='grc' dir='ltr'>δικαίως</span> <span class='ocrx_word' id='word_1_115' title='bbox 1593 1111 1748 1161; x_wconf 81' lang='grc' dir='ltr'>ἀκούει</span> <span class='ocrx_word' id='word_1_116' title='bbox 1778 1118 1804 1140; x_wconf 83' lang='grc'><strong>“</strong></span> <span class='ocrx_word' id='word_1_117' title='bbox 1827 1112 1894 1162; x_wconf 90' lang='grc' dir='ltr'>Τί</span> 
     </span>
    </p>
   </div>
   <div class='ocr_carea' id='block_1_9' title="bbox 251 1192 1888 2571">
    <p class='ocr_par' dir='ltr' id='par_1_10' title="bbox 251 1192 1888 2571">
     <span class='ocr_line' id='line_1_17' title="bbox 297 1192 1888 1261; baseline -0.001 -17"><span class='ocrx_word' id='word_1_118' title='bbox 297 1200 326 1222; x_wconf 85' lang='lat'>“</span> <span class='ocrx_word' id='word_1_119' title='bbox 351 1193 446 1260; x_wconf 78' lang='grc' dir='ltr'>γὰρ</span> <span class='ocrx_word' id='word_1_120' title='bbox 472 1193 589 1261; x_wconf 76' lang='grc' dir='ltr'>ἔχεις</span> <span class='ocrx_word' id='word_1_121' title='bbox 617 1192 642 1244; x_wconf 75' lang='grc' dir='ltr'>ὃ</span> <span class='ocrx_word' id='word_1_122' title='bbox 669 1194 752 1244; x_wconf 84' lang='grc' dir='ltr'>οὐκ</span> <span class='ocrx_word' id='word_1_123' title='bbox 778 1193 951 1255; x_wconf 80' lang='grc' dir='ltr'>ἐ’λαβες</span> <span class='ocrx_word' id='word_1_124' title='bbox 973 1194 1017 1256; x_wconf 82' lang='grc'>;”</span> <span class='ocrx_word' id='word_1_125' title='bbox 1058 1193 1214 1258; x_wconf 82' lang='grc' dir='ltr'>ἐπειδὴ</span> <span class='ocrx_word' id='word_1_126' title='bbox 1241 1193 1290 1245; x_wconf 80' lang='grc' dir='ltr'>δὲ</span> <span class='ocrx_word' id='word_1_127' title='bbox 1320 1192 1439 1260; x_wconf 82' lang='grc' dir='ltr'>πρὸς</span> <span class='ocrx_word' id='word_1_128' title='bbox 1475 1197 1572 1246; x_wconf 83' lang='grc' dir='ltr'>τοῖς</span> <span class='ocrx_word' id='word_1_129' title='bbox 1605 1193 1787 1255; x_wconf 79' lang='grc' dir='ltr'>ἄλλοις,</span> <span class='ocrx_word' id='word_1_130' title='bbox 1812 1194 1888 1243; x_wconf 81' lang='grc' dir='ltr'>καὶ</span> 
     </span>
     <span class='ocr_line' id='line_1_18' title="bbox 293 1273 1885 1343; baseline -0.001 -17"><span class='ocrx_word' id='word_1_131' title='bbox 293 1274 408 1326; x_wconf 81' lang='grc' dir='ltr'>αὐτὸ</span> <span class='ocrx_word' id='word_1_132' title='bbox 435 1275 691 1327; x_wconf 87' lang='grc' dir='ltr'>θεόσδοτον</span> <span class='ocrx_word' id='word_1_133' title='bbox 718 1274 810 1343; x_wconf 70' lang='grc' dir='ltr'>ε”χει</span> <span class='ocrx_word' id='word_1_134' title='bbox 836 1274 890 1326; x_wconf 83' lang='grc' dir='ltr'>τὸ</span> <span class='ocrx_word' id='word_1_135' title='bbox 917 1279 1033 1343; x_wconf 84' lang='grc' dir='ltr'>φῶς,</span> <span class='ocrx_word' id='word_1_136' title='bbox 1060 1276 1143 1326; x_wconf 79' lang='grc' dir='ltr'>οὐκ</span> <span class='ocrx_word' id='word_1_137' title='bbox 1169 1275 1349 1343; x_wconf 71' lang='grc' dir='ltr'>ε”χουσα</span> <span class='ocrx_word' id='word_1_138' title='bbox 1381 1274 1601 1339; x_wconf 88' lang='grc' dir='ltr'>δηλονότι</span> <span class='ocrx_word' id='word_1_139' title='bbox 1632 1273 1885 1338; x_wconf 82' lang='grc' dir='ltr'>λαμβάνει·</span> 
     </span>
     <span class='ocr_line' id='line_1_19' title="bbox 292 1355 1881 1426; baseline 0 -19"><span class='ocrx_word' id='word_1_140' title='bbox 292 1356 347 1407; x_wconf 81' lang='grc' dir='ltr'>τὸ</span> <span class='ocrx_word' id='word_1_141' title='bbox 381 1356 430 1407; x_wconf 77' lang='grc' dir='ltr'>δὲ</span> <span class='ocrx_word' id='word_1_142' title='bbox 461 1361 564 1426; x_wconf 79' lang='grc' dir='ltr'>φῶς</span> <span class='ocrx_word' id='word_1_143' title='bbox 595 1357 678 1408; x_wconf 80' lang='grc' dir='ltr'>οὐκ</span> <span class='ocrx_word' id='word_1_144' title='bbox 714 1356 823 1424; x_wconf 80' lang='grc' dir='ltr'>ἕχον</span> <span class='ocrx_word' id='word_1_145' title='bbox 848 1357 905 1426; x_wconf 75' lang='grc' dir='ltr'>ἐξ</span> <span class='ocrx_word' id='word_1_146' title='bbox 927 1358 1105 1420; x_wconf 86' lang='grc' dir='ltr'>ἑαυτοῦ,</span> <span class='ocrx_word' id='word_1_147' title='bbox 1131 1362 1233 1410; x_wconf 83' lang='grc' dir='ltr'>πῶς</span> <span class='ocrx_word' id='word_1_148' title='bbox 1266 1358 1349 1408; x_wconf 85' lang='grc' dir='ltr'>οὐκ</span> <span class='ocrx_word' id='word_1_149' title='bbox 1384 1355 1442 1407; x_wconf 77' lang='grc' dir='ltr'>ἂν</span> <span class='ocrx_word' id='word_1_150' title='bbox 1469 1357 1536 1421; x_wconf 82' lang='grc' dir='ltr'>ε’ίη</span> <span class='ocrx_word' id='word_1_151' title='bbox 1561 1356 1616 1408; x_wconf 84' lang='grc' dir='ltr'>τὸ</span> <span class='ocrx_word' id='word_1_152' title='bbox 1642 1357 1881 1418; x_wconf 85' lang='grc' dir='ltr'>ε’ναντιόν;</span> 
     </span>
     <span class='ocr_line' id='line_1_20' title="bbox 292 1437 1888 1505; baseline 0 -15"><span class='ocrx_word' id='word_1_153' title='bbox 292 1437 321 1503; x_wconf 79' lang='grc' dir='ltr'>ἢ</span> <span class='ocrx_word' id='word_1_154' title='bbox 355 1443 456 1492; x_wconf 84' lang='grc' dir='ltr'>πῶς</span> <span class='ocrx_word' id='word_1_155' title='bbox 491 1439 574 1489; x_wconf 82' lang='grc' dir='ltr'>οὐκ</span> <span class='ocrx_word' id='word_1_156' title='bbox 612 1437 670 1489; x_wconf 78' lang='grc' dir='ltr'>ἂν</span> <span class='ocrx_word' id='word_1_157' title='bbox 695 1438 883 1504; x_wconf 75' lang='grc' dir='ltr'>λε’γοιτο</span> <span class='ocrx_word' id='word_1_158' title='bbox 918 1442 1112 1500; x_wconf 75' lang='grc' dir='ltr'>σκοτίαις</span> <span class='ocrx_word' id='word_1_159' title='bbox 1151 1438 1326 1504; x_wconf 84' lang='grc' dir='ltr'>πιθανὴ</span> <span class='ocrx_word' id='word_1_160' title='bbox 1364 1438 1470 1505; x_wconf 77' lang='grc' dir='ltr'>γὰρ,</span> <span class='ocrx_word' id='word_1_161' title='bbox 1497 1444 1688 1502; x_wconf 82' lang='grc' dir='ltr'>μᾶλλον</span> <span class='ocrx_word' id='word_1_162' title='bbox 1715 1438 1764 1490; x_wconf 75' lang='grc' dir='ltr'>δὲ</span> <span class='ocrx_word' id='word_1_163' title='bbox 1798 1438 1888 1503; x_wconf 74' lang='grc' dir='ltr'>ἤδη</span> 
     </span>
     <span class='ocr_line' id='line_1_21' title="bbox 292 1518 1888 1590; baseline 0 -18"><span class='ocrx_word' id='word_1_164' title='bbox 292 1522 369 1572; x_wconf 77' lang='grc' dir='ltr'>καὶ</span> <span class='ocrx_word' id='word_1_165' title='bbox 402 1520 749 1587; x_wconf 82' lang='grc' dir='ltr'>ἀναγκαιοτάτη</span> <span class='ocrx_word' id='word_1_166' title='bbox 784 1521 909 1584; x_wconf 84' lang='grc' dir='ltr'>λίαν,</span> <span class='ocrx_word' id='word_1_167' title='bbox 941 1520 1193 1590; x_wconf 76' lang='grc' dir='ltr'>ἀπόδειξις,</span> <span class='ocrx_word' id='word_1_168' title='bbox 1226 1527 1310 1572; x_wconf 89' lang='grc' dir='ltr'>τοῦ</span> <span class='ocrx_word' id='word_1_169' title='bbox 1343 1520 1429 1585; x_wconf 84' lang='grc' dir='ltr'>τὴν</span> <span class='ocrx_word' id='word_1_170' title='bbox 1464 1520 1550 1585; x_wconf 74' lang='grc' dir='ltr'>μὲν</span> <span class='ocrx_word' id='word_1_171' title='bbox 1584 1521 1739 1572; x_wconf 89' lang='grc' dir='ltr'>κτίσιν</span> <span class='ocrx_word' id='word_1_172' title='bbox 1773 1518 1888 1572; x_wconf 75' lang='grc' dir='ltr'>εἶναι</span> 
     </span>
     <span class='ocr_line' id='line_1_22' title="bbox 291 1602 1888 1672; baseline 0.001 -19"><span class='ocrx_word' id='word_1_173' title='bbox 291 1603 504 1665; x_wconf 84' lang='grc' dir='ltr'>σκοτίαν,</span> <span class='ocrx_word' id='word_1_174' title='bbox 537 1607 640 1671; x_wconf 81' lang='grc' dir='ltr'>φῶς</span> <span class='ocrx_word' id='word_1_175' title='bbox 677 1602 725 1654; x_wconf 77' lang='grc' dir='ltr'>δὲ</span> <span class='ocrx_word' id='word_1_176' title='bbox 758 1602 907 1654; x_wconf 87' lang='grc' dir='ltr'>πάλιν</span> <span class='ocrx_word' id='word_1_177' title='bbox 941 1602 1025 1654; x_wconf 82' lang='grc' dir='ltr'>τὸν</span> <span class='ocrx_word' id='word_1_178' title='bbox 1055 1609 1139 1654; x_wconf 89' lang='grc' dir='ltr'>τοῦ</span> <span class='ocrx_word' id='word_1_179' title='bbox 1180 1607 1306 1654; x_wconf 87' lang='grc' dir='ltr'>Θεοῦ</span> <span class='ocrx_word' id='word_1_180' title='bbox 1340 1602 1514 1669; x_wconf 83' lang='grc' dir='ltr'>Λόγον,</span> <span class='ocrx_word' id='word_1_181' title='bbox 1546 1602 1601 1653; x_wconf 77' lang='grc' dir='ltr'>τὸ</span> <span class='ocrx_word' id='word_1_182' title='bbox 1643 1604 1819 1672; x_wconf 79' lang='grc' dir='ltr'>φαίνειν</span> <span class='ocrx_word' id='word_1_183' title='bbox 1850 1603 1888 1654; x_wconf 80' lang='grc' dir='ltr'>ἐν</span> 
     </span>
     <span class='ocr_line' id='line_1_23' title="bbox 293 1683 1888 1756; baseline 0 -21"><span class='ocrx_word' id='word_1_184' title='bbox 293 1686 346 1756; x_wconf 62' lang='grc' dir='ltr'>τῇ</span> <span class='ocrx_word' id='word_1_185' title='bbox 378 1687 540 1755; x_wconf 76' lang='grc' dir='ltr'>σκοτία</span> <span class='ocrx_word' id='word_1_186' title='bbox 574 1686 620 1736; x_wconf 61' lang='grc' dir='ltr'>τὶ</span> <span class='ocrx_word' id='word_1_187' title='bbox 658 1684 770 1753; x_wconf 75' lang='grc' dir='ltr'>φῶς.</span> <span class='ocrx_word' id='word_1_188' title='bbox 823 1689 860 1735; x_wconf 78' lang='grc' dir='ltr'>εἱ</span> <span class='ocrx_word' id='word_1_189' title='bbox 894 1684 988 1751; x_wconf 76' lang='grc' dir='ltr'>γὰρ</span> <span class='ocrx_word' id='word_1_190' title='bbox 1020 1684 1200 1752; x_wconf 78' lang='grc' dir='ltr'>δέχεται</span> <span class='ocrx_word' id='word_1_191' title='bbox 1226 1690 1320 1736; x_wconf 83' lang='grc' dir='ltr'>τῶν</span> <span class='ocrx_word' id='word_1_192' title='bbox 1346 1689 1554 1752; x_wconf 82' lang='grc' dir='ltr'>γενητῶν</span> <span class='ocrx_word' id='word_1_193' title='bbox 1579 1685 1606 1748; x_wconf 84' lang='grc' dir='ltr'><strong><em>ἡ</em></strong></span> <span class='ocrx_word' id='word_1_194' title='bbox 1634 1684 1781 1753; x_wconf 85' lang='grc' dir='ltr'>φύσις</span> <span class='ocrx_word' id='word_1_195' title='bbox 1805 1683 1888 1736; x_wconf 81' lang='grc' dir='ltr'>τὸν</span> 
     </span>
     <span class='ocr_line' id='line_1_24' title="bbox 251 1765 1872 1839; baseline 0.002 -23"><span class='ocrx_word' id='word_1_196' title='bbox 251 1771 379 1817; x_wconf 75' lang='grc' dir='ltr'>ᾶτοῦ</span> <span class='ocrx_word' id='word_1_197' title='bbox 414 1769 539 1817; x_wconf 88' lang='grc' dir='ltr'>Θεοῦ</span> <span class='ocrx_word' id='word_1_198' title='bbox 577 1766 740 1832; x_wconf 89' lang='grc' dir='ltr'>Λόγον</span> <span class='ocrx_word' id='word_1_199' title='bbox 772 1766 891 1817; x_wconf 80' lang='grc' dir='ltr'>κατὰ</span> <span class='ocrx_word' id='word_1_200' title='bbox 925 1768 1284 1839; x_wconf 48' lang='grc' dir='ltr'>μετουσιάν,.ὡς</span> <span class='ocrx_word' id='word_1_201' title='bbox 1322 1771 1438 1836; x_wconf 76' lang='grc' dir='ltr'>φῶς,</span> <span class='ocrx_word' id='word_1_202' title='bbox 1465 1765 1492 1831; x_wconf 78' lang='grc' dir='ltr'>ἢ</span> <span class='ocrx_word' id='word_1_203' title='bbox 1532 1768 1594 1820; x_wconf 87' lang='grc' dir='ltr'>ὡς</span> <span class='ocrx_word' id='word_1_204' title='bbox 1628 1767 1679 1817; x_wconf 81' lang='grc' dir='ltr'>ἐκ</span> <span class='ocrx_word' id='word_1_205' title='bbox 1713 1769 1872 1835; x_wconf 88' lang='grc' dir='ltr'>φωτος</span> 
     </span>
     <span class='ocr_line' id='line_1_25' title="bbox 297 1847 1883 1918; baseline 0.001 -19"><span class='ocrx_word' id='word_1_206' title='bbox 297 1849 415 1913; x_wconf 79' lang='grc' dir='ltr'>αὕτη</span> <span class='ocrx_word' id='word_1_207' title='bbox 452 1847 536 1913; x_wconf 77' lang='grc' dir='ltr'>μὲν</span> <span class='ocrx_word' id='word_1_208' title='bbox 572 1850 634 1903; x_wconf 87' lang='grc' dir='ltr'>ὡς</span> <span class='ocrx_word' id='word_1_209' title='bbox 669 1849 840 1900; x_wconf 88' lang='grc' dir='ltr'>σκοτία</span> <span class='ocrx_word' id='word_1_210' title='bbox 877 1849 1098 1913; x_wconf 86' lang='grc' dir='ltr'>δηλονότι</span> <span class='ocrx_word' id='word_1_211' title='bbox 1133 1848 1382 1912; x_wconf 80' lang='grc' dir='ltr'>λαμβάνει,</span> <span class='ocrx_word' id='word_1_212' title='bbox 1410 1850 1557 1918; x_wconf 80' lang='grc' dir='ltr'>φαίνει</span> <span class='ocrx_word' id='word_1_213' title='bbox 1589 1847 1638 1899; x_wconf 78' lang='grc' dir='ltr'>δὲ</span> <span class='ocrx_word' id='word_1_214' title='bbox 1672 1850 1720 1899; x_wconf 85' lang='grc' dir='ltr'>ἐν</span> <span class='ocrx_word' id='word_1_215' title='bbox 1746 1849 1883 1916; x_wconf 82' lang='grc' dir='ltr'>αὐτῇ,</span> 
     </span>
     <span class='ocr_line' id='line_1_26' title="bbox 298 1928 1886 2002; baseline 0.002 -20"><span class='ocrx_word' id='word_1_216' title='bbox 298 1929 510 1997; x_wconf 88' lang='grc' dir='ltr'>καθάπερ</span> <span class='ocrx_word' id='word_1_217' title='bbox 543 1932 580 1982; x_wconf 83' lang='grc' dir='ltr'>ἐν</span> <span class='ocrx_word' id='word_1_218' title='bbox 607 1934 769 2002; x_wconf 77' lang='grc' dir='ltr'>σκοτία</span> <span class='ocrx_word' id='word_1_219' title='bbox 803 1934 848 1982; x_wconf 65' lang='grc' dir='ltr'>τὸ</span> <span class='ocrx_word' id='word_1_220' title='bbox 885 1930 997 2000; x_wconf 70' lang='grc' dir='ltr'>φῶς,</span> <span class='ocrx_word' id='word_1_221' title='bbox 1027 1932 1051 1982; x_wconf 84' lang='grc' dir='ltr'><em>ὁ</em></span> <span class='ocrx_word' id='word_1_222' title='bbox 1078 1931 1206 1993; x_wconf 77' lang='grc' dir='ltr'>Υἱὸς,</span> <span class='ocrx_word' id='word_1_223' title='bbox 1234 1935 1271 1981; x_wconf 83' lang='grc' dir='ltr'>εἱ</span> <span class='ocrx_word' id='word_1_224' title='bbox 1299 1933 1374 1981; x_wconf 76' lang='grc' dir='ltr'>καὶ</span> <span class='ocrx_word' id='word_1_225' title='bbox 1401 1931 1484 1981; x_wconf 81' lang='grc' dir='ltr'>οὐκ</span> <span class='ocrx_word' id='word_1_226' title='bbox 1510 1928 1602 1981; x_wconf 76' lang='grc' dir='ltr'>οἶδε</span> <span class='ocrx_word' id='word_1_227' title='bbox 1636 1929 1824 1985; x_wconf 76' lang='grc' dir='ltr'>πάντως</span> <span class='ocrx_word' id='word_1_228' title='bbox 1857 1931 1886 1995; x_wconf 87' lang='grc' dir='ltr'>ἡ</span> 
     </span>
     <span class='ocr_line' id='line_1_27' title="bbox 297 2010 1885 2082; baseline 0.001 -19"><span class='ocrx_word' id='word_1_229' title='bbox 297 2013 468 2063; x_wconf 89' lang='grc' dir='ltr'>σκοτία</span> <span class='ocrx_word' id='word_1_230' title='bbox 493 2012 548 2063; x_wconf 86' lang='grc' dir='ltr'>τὸ</span> <span class='ocrx_word' id='word_1_231' title='bbox 574 2016 690 2082; x_wconf 83' lang='grc' dir='ltr'>φῶς·</span> <span class='ocrx_word' id='word_1_232' title='bbox 730 2018 868 2064; x_wconf 89' lang='grc' dir='ltr'>τοῦτο</span> <span class='ocrx_word' id='word_1_233' title='bbox 901 2012 996 2079; x_wconf 78' lang='grc' dir='ltr'>γὰρ</span> <span class='ocrx_word' id='word_1_234' title='bbox 1027 2010 1153 2076; x_wconf 75' lang='grc' dir='ltr'>οἶμαι</span> <span class='ocrx_word' id='word_1_235' title='bbox 1181 2014 1401 2078; x_wconf 87' lang='grc' dir='ltr'>σημαίνει</span> <span class='ocrx_word' id='word_1_236' title='bbox 1427 2011 1481 2063; x_wconf 90' lang='grc' dir='ltr'>τό</span> <span class='ocrx_word' id='word_1_237' title='bbox 1507 2012 1564 2062; x_wconf 82' lang='lat' dir='ltr'>‘H</span> <span class='ocrx_word' id='word_1_238' title='bbox 1592 2014 1756 2063; x_wconf 78' lang='grc' dir='ltr'>σκοτία</span> <span class='ocrx_word' id='word_1_239' title='bbox 1783 2014 1885 2064; x_wconf 73' lang='grc' dir='ltr'>αὐτό</span> 
     </span>
     <span class='ocr_line' id='line_1_28' title="bbox 300 2092 1886 2161; baseline -0.001 -15"><span class='ocrx_word' id='word_1_240' title='bbox 300 2100 343 2146; x_wconf 81' lang='grc' dir='ltr'>οὐ</span> <span class='ocrx_word' id='word_1_241' title='bbox 384 2093 655 2154; x_wconf 64' lang='grc' dir='ltr'>κατέλαβεν.</span> <span class='ocrx_word' id='word_1_242' title='bbox 711 2093 864 2146; x_wconf 81' lang='grc' dir='ltr'>ἅπασι</span> <span class='ocrx_word' id='word_1_243' title='bbox 896 2094 981 2158; x_wconf 76' lang='grc' dir='ltr'>μὲν</span> <span class='ocrx_word' id='word_1_244' title='bbox 1011 2093 1103 2161; x_wconf 77' lang='grc' dir='ltr'>γὰρ</span> <span class='ocrx_word' id='word_1_245' title='bbox 1140 2095 1165 2145; x_wconf 84' lang='grc' dir='ltr'>ὁ</span> <span class='ocrx_word' id='word_1_246' title='bbox 1199 2100 1282 2145; x_wconf 89' lang='grc' dir='ltr'>τοῦ</span> <span class='ocrx_word' id='word_1_247' title='bbox 1310 2098 1436 2145; x_wconf 85' lang='grc' dir='ltr'>Θεοῦ</span> <span class='ocrx_word' id='word_1_248' title='bbox 1463 2092 1622 2160; x_wconf 88' lang='grc' dir='ltr'>Λόγος</span> <span class='ocrx_word' id='word_1_249' title='bbox 1658 2092 1886 2158; x_wconf 81' lang='grc' dir='ltr'>ἐκλάμπει</span> 
     </span>
     <span class='ocr_line' id='line_1_29' title="bbox 297 2174 1886 2245; baseline -0.001 -17"><span class='ocrx_word' id='word_1_250' title='bbox 297 2181 393 2230; x_wconf 82' lang='grc' dir='ltr'>τοῖς</span> <span class='ocrx_word' id='word_1_251' title='bbox 431 2176 722 2245; x_wconf 78' lang='grc' dir='ltr'>ἐλλάμψεως</span> <span class='ocrx_word' id='word_1_252' title='bbox 761 2178 995 2238; x_wconf 81' lang='grc' dir='ltr'>δεκτικοῖς,</span> <span class='ocrx_word' id='word_1_253' title='bbox 1035 2178 1111 2226; x_wconf 80' lang='grc' dir='ltr'>καὶ</span> <span class='ocrx_word' id='word_1_254' title='bbox 1157 2176 1343 2243; x_wconf 76' lang='grc' dir='ltr'>φωτίζει</span> <span class='ocrx_word' id='word_1_255' title='bbox 1388 2176 1595 2227; x_wconf 88' lang='grc' dir='ltr'>καθόλου</span> <span class='ocrx_word' id='word_1_256' title='bbox 1635 2174 1694 2226; x_wconf 79' lang='grc' dir='ltr'>τὰ</span> <span class='ocrx_word' id='word_1_257' title='bbox 1736 2174 1886 2245; x_wconf 85' lang='grc' dir='ltr'>φύσιν</span> 
     </span>
     <span class='ocr_line' id='line_1_30' title="bbox 297 2256 1885 2326; baseline 0 -17"><span class='ocrx_word' id='word_1_258' title='bbox 297 2258 467 2326; x_wconf 78' lang='grc' dir='ltr'>ἔχοντα</span> <span class='ocrx_word' id='word_1_259' title='bbox 514 2263 598 2309; x_wconf 88' lang='grc' dir='ltr'>τοῦ</span> <span class='ocrx_word' id='word_1_260' title='bbox 649 2257 935 2326; x_wconf 75' lang='grc' dir='ltr'>φωτίζεσθαι</span> <span class='ocrx_word' id='word_1_261' title='bbox 988 2257 1220 2322; x_wconf 80' lang='grc' dir='ltr'>δεκτικήν·</span> <span class='ocrx_word' id='word_1_262' title='bbox 1280 2260 1513 2324; x_wconf 80' lang='grc' dir='ltr'>ἀγνοεῖται</span> <span class='ocrx_word' id='word_1_263' title='bbox 1565 2256 1613 2308; x_wconf 75' lang='grc' dir='ltr'>δὲ</span> <span class='ocrx_word' id='word_1_264' title='bbox 1661 2256 1751 2308; x_wconf 81' lang='grc' dir='ltr'>ὑπὸ</span> <span class='ocrx_word' id='word_1_265' title='bbox 1802 2260 1885 2322; x_wconf 83' lang='grc' dir='ltr'>τῆς</span> 
     </span>
     <span class='ocr_line' id='line_1_31' title="bbox 258 2338 1885 2407; baseline -0.001 -15"><span class='ocrx_word' id='word_1_266' title='bbox 258 2365 280 2391; x_wconf 86' lang='lat' dir='ltr'>e</span> <span class='ocrx_word' id='word_1_267' title='bbox 298 2341 507 2394; x_wconf 87' lang='grc' dir='ltr'>σκοτίας·</span> <span class='ocrx_word' id='word_1_268' title='bbox 542 2340 570 2404; x_wconf 84' lang='grc' dir='ltr'>ἡ</span> <span class='ocrx_word' id='word_1_269' title='bbox 597 2338 691 2405; x_wconf 83' lang='grc' dir='ltr'>γὰρ</span> <span class='ocrx_word' id='word_1_270' title='bbox 717 2340 791 2389; x_wconf 85' lang='grc' dir='ltr'>ἐπὶ</span> <span class='ocrx_word' id='word_1_271' title='bbox 817 2342 906 2404; x_wconf 81' lang='grc' dir='ltr'>γῆς</span> <span class='ocrx_word' id='word_1_272' title='bbox 931 2339 1238 2407; x_wconf 87' lang='grc' dir='ltr'>τυγχάνουσα</span> <span class='ocrx_word' id='word_1_273' title='bbox 1265 2339 1433 2406; x_wconf 89' lang='grc' dir='ltr'>λογικὴ</span> <span class='ocrx_word' id='word_1_274' title='bbox 1461 2338 1621 2407; x_wconf 86' lang='grc' dir='ltr'>φύσις,</span> <span class='ocrx_word' id='word_1_275' title='bbox 1641 2339 1885 2391; x_wconf 80' lang='grc' dir='ltr'>τουτέστιν</span> 
     </span>
     <span class='ocr_line' id='line_1_32' title="bbox 297 2420 1880 2490; baseline -0.001 -15"><span class='ocrx_word' id='word_1_276' title='bbox 297 2424 323 2474; x_wconf 87' lang='grc' dir='ltr'>ὁ</span> <span class='ocrx_word' id='word_1_277' title='bbox 359 2423 620 2490; x_wconf 78' lang='grc' dir='ltr'>ἄνθρωπος,</span> <span class='ocrx_word' id='word_1_278' title='bbox 646 2420 912 2487; x_wconf 75' lang='grc' dir='ltr'>ἐλάτρευσέ</span> <span class='ocrx_word' id='word_1_279' title='bbox 935 2444 1050 2472; x_wconf 89' lang='grc' dir='ltr'>ποτε</span> <span class='ocrx_word' id='word_1_280' title='bbox 1087 2425 1144 2489; x_wconf 85' lang='grc' dir='ltr'>τῇ</span> <span class='ocrx_word' id='word_1_281' title='bbox 1180 2423 1329 2473; x_wconf 82' lang='grc' dir='ltr'>κτίσει</span> <span class='ocrx_word' id='word_1_282' title='bbox 1362 2420 1492 2487; x_wconf 80' lang='grc' dir='ltr'>παρὰ</span> <span class='ocrx_word' id='word_1_283' title='bbox 1526 2420 1609 2472; x_wconf 82' lang='grc' dir='ltr'>τὸν</span> <span class='ocrx_word' id='word_1_284' title='bbox 1634 2422 1880 2473; x_wconf 87' lang='grc' dir='ltr'>κτίσαντα·</span> 
     </span>
     <span class='ocr_line' id='line_1_33' title="bbox 298 2501 1884 2571; baseline -0.002 -13"><span class='ocrx_word' id='word_1_285' title='bbox 298 2509 342 2558; x_wconf 77' lang='grc' dir='ltr'>οὐ</span> <span class='ocrx_word' id='word_1_286' title='bbox 383 2503 620 2565; x_wconf 69' lang='grc' dir='ltr'>κατέλαβε</span> <span class='ocrx_word' id='word_1_287' title='bbox 655 2501 701 2555; x_wconf 74' lang='grc' dir='ltr'><em>τό</em></span> <span class='ocrx_word' id='word_1_288' title='bbox 746 2502 860 2571; x_wconf 74' lang='grc' dir='ltr'>φῶς·</span> <span class='ocrx_word' id='word_1_289' title='bbox 922 2503 976 2553; x_wconf 82' lang='grc' dir='ltr'>οὐ</span> <span class='ocrx_word' id='word_1_290' title='bbox 1017 2502 1111 2569; x_wconf 80' lang='grc' dir='ltr'>γὰρ</span> <span class='ocrx_word' id='word_1_291' title='bbox 1153 2502 1273 2569; x_wconf 79' lang='grc' dir='ltr'>ἔγνω</span> <span class='ocrx_word' id='word_1_292' title='bbox 1318 2501 1401 2554; x_wconf 78' lang='grc' dir='ltr'>τὸν</span> <span class='ocrx_word' id='word_1_293' title='bbox 1437 2502 1755 2570; x_wconf 79' lang='grc' dir='ltr'>Δημιουργὸν,</span> <span class='ocrx_word' id='word_1_294' title='bbox 1796 2503 1884 2569; x_wconf 88' lang='grc' dir='ltr'>τὴν</span> 
     </span>
    </p>
   </div>
   <div class='ocr_carea' id='block_1_10' title="bbox 293 2619 1882 2936">
    <p class='ocr_par' dir='ltr' id='par_1_11' title="bbox 293 2619 1882 2936">
     <span class='ocr_line' id='line_1_34' title="bbox 404 2619 1881 2667; baseline -0.001 -10"><span class='ocrx_word' id='word_1_295' title='bbox 404 2623 489 2658; x_wconf 81' lang='grc' dir='ltr'>Θεὸς</span> <span class='ocrx_word' id='word_1_296' title='bbox 506 2637 559 2656; x_wconf 87' lang='grc' dir='ltr'>και</span> <span class='ocrx_word' id='word_1_297' title='bbox 577 2627 758 2666; x_wconf 81' lang='lat' dir='ltr'>assumpta</span> <span class='ocrx_word' id='word_1_298' title='bbox 774 2632 815 2654; x_wconf 86' lang='lat' dir='ltr'>ex</span> <span class='ocrx_word' id='word_1_299' title='bbox 835 2620 876 2656; x_wconf 89' lang='lat' dir='ltr'>B.</span> <span class='ocrx_word' id='word_1_300' title='bbox 895 2619 1095 2654; x_wconf 82' lang='lat' dir='ltr'>faventibus</span> <span class='ocrx_word' id='word_1_301' title='bbox 1115 2620 1143 2661; x_wconf 89' lang='lat' dir='ltr'>I,</span> <span class='ocrx_word' id='word_1_302' title='bbox 1163 2621 1362 2666; x_wconf 83' lang='lat' dir='ltr'>catenisque</span> <span class='ocrx_word' id='word_1_303' title='bbox 1382 2621 1455 2654; x_wconf 79' lang='lat' dir='ltr'>aliis</span> <span class='ocrx_word' id='word_1_304' title='bbox 1474 2632 1561 2666; x_wconf 79' lang='lat' dir='ltr'>quae</span> <span class='ocrx_word' id='word_1_305' title='bbox 1580 2621 1665 2657; x_wconf 84' lang='grc' dir='ltr'>Θεὸς</span> <span class='ocrx_word' id='word_1_306' title='bbox 1681 2633 1745 2666; x_wconf 93' lang='lat' dir='ltr'>pro</span> <span class='ocrx_word' id='word_1_307' title='bbox 1763 2621 1881 2667; x_wconf 83' lang='grc' dir='ltr'>Πατὴρ</span> 
     </span>
     <span class='ocr_line' id='line_1_35' title="bbox 296 2667 1882 2713; baseline -0.001 -9"><span class='ocrx_word' id='word_1_308' title='bbox 296 2670 473 2704; x_wconf 86' lang='lat' dir='ltr'>exhibent.</span> <span class='ocrx_word' id='word_1_309' title='bbox 700 2677 733 2713; x_wconf 91' lang='lat'>5.</span> <span class='ocrx_word' id='word_1_310' title='bbox 760 2667 907 2701; x_wconf 83' lang='grc' dir='ltr'>καθόλου</span> <span class='ocrx_word' id='word_1_311' title='bbox 924 2667 1080 2701; x_wconf 86' lang='grc' dir='ltr'>τουτέστι</span> <span class='ocrx_word' id='word_1_312' title='bbox 1098 2667 1237 2701; x_wconf 81' lang='lat' dir='ltr'>inverso</span> <span class='ocrx_word' id='word_1_313' title='bbox 1255 2668 1376 2701; x_wconf 83' lang='lat' dir='ltr'>ordine</span> <span class='ocrx_word' id='word_1_314' title='bbox 1396 2668 1462 2701; x_wconf 72' lang='lat' dir='ltr'>Mis</span> <span class='ocrx_word' id='word_1_315' title='bbox 1450 2680 1531 2711; x_wconf 76' lang='lat' dir='ltr'>stne.</span> <span class='ocrx_word' id='word_1_316' title='bbox 1762 2667 1795 2702; x_wconf 92' lang='lat'>6.</span> <span class='ocrx_word' id='word_1_317' title='bbox 1822 2669 1882 2712; x_wconf 87' lang='grc' dir='ltr'>τὴν</span> 
     </span>
     <span class='ocr_line' id='line_1_36' title="bbox 296 2713 1880 2759; baseline -0.001 -9"><span class='ocrx_word' id='word_1_318' title='bbox 296 2716 411 2750; x_wconf 82' lang='grc' dir='ltr'>ἐπιδεᾶ</span> <span class='ocrx_word' id='word_1_319' title='bbox 429 2714 665 2750; x_wconf 78' lang='grc' dir='ltr'>ἐπιδεικνύων</span> <span class='ocrx_word' id='word_1_320' title='bbox 658 2727 717 2748; x_wconf 86' lang='lat' dir='ltr'>mv</span> <span class='ocrx_word' id='word_1_321' title='bbox 721 2726 797 2748; x_wconf 88' lang='lat' dir='ltr'>erso</span> <span class='ocrx_word' id='word_1_322' title='bbox 818 2713 939 2747; x_wconf 88' lang='lat' dir='ltr'>ordine</span> <span class='ocrx_word' id='word_1_323' title='bbox 958 2713 1001 2748; x_wconf 94' lang='lat' dir='ltr'>B.</span> <span class='ocrx_word' id='word_1_324' title='bbox 1115 2713 1299 2759; x_wconf 73' lang='grc' dir='ltr'>ἀμέτοχον]</span> <span class='ocrx_word' id='word_1_325' title='bbox 1319 2714 1465 2758; x_wconf 71' lang='grc' dir='ltr'>μέτοχον</span> <span class='ocrx_word' id='word_1_326' title='bbox 1483 2714 1629 2759; x_wconf 83' lang='lat' dir='ltr'>conjecit</span> <span class='ocrx_word' id='word_1_327' title='bbox 1648 2714 1681 2748; x_wconf 95' lang='lat' dir='ltr'>D</span> <span class='ocrx_word' id='word_1_328' title='bbox 1700 2714 1761 2748; x_wconf 83' lang='lat' dir='ltr'>sed</span> <span class='ocrx_word' id='word_1_329' title='bbox 1778 2715 1880 2748; x_wconf 86' lang='lat' dir='ltr'>male.</span> 
     </span>
     <span class='ocr_line' id='line_1_37' title="bbox 299 2760 1879 2806; baseline -0.001 -10"><span class='ocrx_word' id='word_1_330' title='bbox 299 2773 352 2797; x_wconf 89' lang='lat'>10.</span> <span class='ocrx_word' id='word_1_331' title='bbox 379 2764 497 2806; x_wconf 82' lang='grc' dir='ltr'>ἑαυτῆς</span> <span class='ocrx_word' id='word_1_332' title='bbox 516 2762 556 2796; x_wconf 89' lang='grc' dir='ltr'>Β.</span> <span class='ocrx_word' id='word_1_333' title='bbox 563 2762 608 2796; x_wconf 92' lang='lat' dir='ltr'>D.</span> <span class='ocrx_word' id='word_1_334' title='bbox 615 2761 655 2795; x_wconf 85' lang='lat' dir='ltr'>E.</span> <span class='ocrx_word' id='word_1_335' title='bbox 674 2761 755 2804; x_wconf 82' lang='grc' dir='ltr'>αὐτη</span> <span class='ocrx_word' id='word_1_336' title='bbox 760 2775 775 2796; x_wconf 85' lang='grc' dir='ltr'>ς</span> <span class='ocrx_word' id='word_1_337' title='bbox 793 2760 860 2794; x_wconf 87' lang='lat' dir='ltr'>Ed.</span> <span class='ocrx_word' id='word_1_338' title='bbox 960 2771 1014 2794; x_wconf 85' lang='grc' dir='ltr'><strong>ΙΙ.</strong></span> <span class='ocrx_word' id='word_1_339' title='bbox 1039 2775 1075 2793; x_wconf 89' lang='grc' dir='ltr'>ευ</span> <span class='ocrx_word' id='word_1_340' title='bbox 1093 2771 1163 2794; x_wconf 87' lang='lat' dir='ltr'>om.</span> <span class='ocrx_word' id='word_1_341' title='bbox 1185 2760 1226 2794; x_wconf 87' lang='lat' dir='ltr'>B.</span> <span class='ocrx_word' id='word_1_342' title='bbox 1326 2771 1379 2805; x_wconf 82' lang='lat'>15.</span> <span class='ocrx_word' id='word_1_343' title='bbox 1404 2762 1475 2805; x_wconf 80' lang='grc' dir='ltr'>ἕχει</span> <span class='ocrx_word' id='word_1_344' title='bbox 1495 2761 1536 2795; x_wconf 88' lang='lat' dir='ltr'>F</span> <span class='ocrx_word' id='word_1_345' title='bbox 1597 2760 1684 2806; x_wconf 82' lang='grc' dir='ltr'>πῶς]</span> <span class='ocrx_word' id='word_1_346' title='bbox 1705 2765 1742 2802; x_wconf 54' lang='grc' dir='ltr'>-ἓ-</span> <span class='ocrx_word' id='word_1_347' title='bbox 1760 2775 1818 2795; x_wconf 87' lang='grc' dir='ltr'>ουν</span> <span class='ocrx_word' id='word_1_348' title='bbox 1835 2761 1879 2796; x_wconf 91' lang='grc' dir='ltr'>Β.</span> 
     </span>
     <span class='ocr_line' id='line_1_38' title="bbox 296 2806 1880 2854; baseline 0 -12"><span class='ocrx_word' id='word_1_349' title='bbox 296 2820 351 2842; x_wconf 91' lang='lat'>21.</span> <span class='ocrx_word' id='word_1_350' title='bbox 371 2808 469 2854; x_wconf 76' lang='grc' dir='ltr'>αὕτη]</span> <span class='ocrx_word' id='word_1_351' title='bbox 487 2808 589 2852; x_wconf 85' lang='grc' dir='ltr'>αυτὴν</span> <span class='ocrx_word' id='word_1_352' title='bbox 604 2808 645 2842; x_wconf 86' lang='grc' dir='ltr'>Β.</span> <span class='ocrx_word' id='word_1_353' title='bbox 664 2808 765 2851; x_wconf 83' lang='grc' dir='ltr'>αὐτὴ·</span> <span class='ocrx_word' id='word_1_354' title='bbox 785 2807 832 2842; x_wconf 92' lang='lat' dir='ltr'>D.</span> <span class='ocrx_word' id='word_1_355' title='bbox 850 2806 933 2850; x_wconf 79' lang='grc' dir='ltr'>αὑτὴ</span> <span class='ocrx_word' id='word_1_356' title='bbox 951 2806 994 2840; x_wconf 86' lang='grc' dir='ltr'><strong>Ε.</strong></span> <span class='ocrx_word' id='word_1_357' title='bbox 1045 2806 1171 2840; x_wconf 79' lang='lat' dir='ltr'>Statim</span> <span class='ocrx_word' id='word_1_358' title='bbox 1188 2822 1248 2850; x_wconf 92' lang='grc' dir='ltr'>μεν</span> <span class='ocrx_word' id='word_1_359' title='bbox 1266 2818 1336 2841; x_wconf 85' lang='lat' dir='ltr'>om.</span> <span class='ocrx_word' id='word_1_360' title='bbox 1356 2807 1398 2841; x_wconf 87' lang='grc' dir='ltr'>Β.</span> <span class='ocrx_word' id='word_1_361' title='bbox 1415 2807 1546 2841; x_wconf 85' lang='lat' dir='ltr'>habent</span> <span class='ocrx_word' id='word_1_362' title='bbox 1564 2807 1611 2841; x_wconf 91' lang='lat' dir='ltr'>D.</span> <span class='ocrx_word' id='word_1_363' title='bbox 1616 2807 1658 2842; x_wconf 88' lang='grc' dir='ltr'>Ε.</span> <span class='ocrx_word' id='word_1_364' title='bbox 1742 2817 1797 2851; x_wconf 82' lang='grc'><strong>23.</strong></span> <span class='ocrx_word' id='word_1_365' title='bbox 1816 2822 1880 2850; x_wconf 92' lang='grc' dir='ltr'>ση-</span> 
     </span>
     <span class='ocr_line' id='line_1_39' title="bbox 293 2852 1879 2900; baseline 0 -12"><span class='ocrx_word' id='word_1_366' title='bbox 293 2856 421 2898; x_wconf 85' lang='grc' dir='ltr'>μαίνειν</span> <span class='ocrx_word' id='word_1_367' title='bbox 439 2855 481 2889; x_wconf 92' lang='grc' dir='ltr'>Β.</span> <span class='ocrx_word' id='word_1_368' title='bbox 595 2865 650 2896; x_wconf 88' lang='lat'>24.</span> <span class='ocrx_word' id='word_1_369' title='bbox 677 2855 840 2898; x_wconf 86' lang='grc' dir='ltr'>ἐκλάμπει</span> <span class='ocrx_word' id='word_1_370' title='bbox 858 2853 901 2888; x_wconf 88' lang='grc' dir='ltr'>Β.</span> <span class='ocrx_word' id='word_1_371' title='bbox 920 2853 1088 2897; x_wconf 85' lang='grc' dir='ltr'>ἐλλάμπει</span> <span class='ocrx_word' id='word_1_372' title='bbox 1107 2853 1172 2888; x_wconf 86' lang='lat' dir='ltr'>Ed.</span> <span class='ocrx_word' id='word_1_373' title='bbox 1292 2862 1347 2897; x_wconf 88' lang='lat'>25.</span> <span class='ocrx_word' id='word_1_374' title='bbox 1374 2854 1578 2900; x_wconf 76' lang='grc' dir='ltr'>ἐκλάμψεως</span> <span class='ocrx_word' id='word_1_375' title='bbox 1598 2853 1640 2889; x_wconf 89' lang='grc' dir='ltr'>Β.</span> <span class='ocrx_word' id='word_1_376' title='bbox 1761 2852 1816 2889; x_wconf 89' lang='grc'>26.</span> <span class='ocrx_word' id='word_1_377' title='bbox 1841 2853 1879 2888; x_wconf 79' lang='grc' dir='ltr'>δέ</span> 
     </span>
     <span class='ocr_line' id='line_1_40' title="bbox 293 2900 772 2936; baseline -0.002 -1"><span class='ocrx_word' id='word_1_378' title='bbox 293 2913 364 2936; x_wconf 90' lang='lat' dir='ltr'>om.</span> <span class='ocrx_word' id='word_1_379' title='bbox 385 2901 426 2936; x_wconf 88' lang='grc' dir='ltr'>Β.</span> <span class='ocrx_word' id='word_1_380' title='bbox 492 2903 551 2936; x_wconf 85' lang='grc' dir='ltr'>τοῦ</span> <span class='ocrx_word' id='word_1_381' title='bbox 569 2902 712 2936; x_wconf 77' lang='grc' dir='ltr'>σκότους</span> <span class='ocrx_word' id='word_1_382' title='bbox 731 2900 772 2935; x_wconf 90' lang='grc' dir='ltr'><strong>Ε.</strong></span> 
     </span>
    </p>
   </div>
   <div class='ocr_carea' id='block_1_11' title="bbox 1914 970 1960 996">
    <p class='ocr_par' dir='ltr' id='par_1_12' title="bbox 1914 970 1960 996">
     <span class='ocr_line' id='line_1_41' title="bbox 1914 970 1960 996; baseline 0.065 -3"><span class='ocrx_word' id='word_1_383' title='bbox 1914 970 1960 996; x_wconf 92' lang='lat'>10</span> 
     </span>
    </p>
   </div>
   <div class='ocr_carea' id='block_1_12' title="bbox 1911 1374 1959 1412">
    <p class='ocr_par' dir='ltr' id='par_1_13' title="bbox 1911 1374 1959 1412">
     <span class='ocr_line' id='line_1_42' title="bbox 1911 1374 1959 1412; baseline 0 0"><span class='ocrx_word' id='word_1_384' title='bbox 1911 1374 1959 1412; x_wconf 86' lang='lat'>15</span> 
     </span>
    </p>
   </div>
   <div class='ocr_carea' id='block_1_13' title="bbox 1835 1764 1958 1807">
    <p class='ocr_par' dir='ltr' id='par_1_14' title="bbox 1835 1764 1958 1807">
     <span class='ocr_line' id='line_1_43' title="bbox 1835 1764 1958 1807; baseline 0 0"><span class='ocrx_word' id='word_1_385' title='bbox 1835 1764 1958 1807; x_wconf 79' lang='lat'>&#39;⁸20</span> 
     </span>
    </p>
   </div>
   <div class='ocr_carea' id='block_1_14' title="bbox 1907 2192 1954 2228">
    <p class='ocr_par' dir='ltr' id='par_1_15' title="bbox 1907 2192 1954 2228">
     <span class='ocr_line' id='line_1_44' title="bbox 1907 2192 1954 2228; baseline 0 0"><span class='ocrx_word' id='word_1_386' title='bbox 1907 2192 1954 2228; x_wconf 87' lang='lat'>25</span> 
     </span>
    </p>
   </div>
  </div>
 </body>
</html>
