2084 3317
350 172 432 210 144
750 170 799 209 B.
833 168 1110 209 CYRILLI
1153 166 1530 207 ALEXANDR.
1820 164 1847 204 i.
1870 174 1934 218 15.

349 282 526 349 χάριτος
554 280 673 347 ε”χειν
700 277 785 342 τὴν
812 279 958 346 δόξαν
985 278 1076 345 ἔφη
1103 276 1185 327 τὸν
1201 276 1318 326 Υἱὸν
1343 276 1367 326 ὁ
1392 275 1797 342 πνευματοφόρος·
1841 270 1938 323 εἶτα

305 367 435 416 (1ποῖ
472 385 587 414 ποτε
631 359 867 427 προκόψει
912 359 965 410 τὸ
1017 361 1209 424 πλῆρες,
1254 356 1283 422 ἢ
1327 358 1468 408 ποίαν
1513 357 1637 410 ὅλως
1680 355 1939 423 ἐπιδέξεται

349 443 645 511 προσθήκην,
678 443 731 493 οὗ
771 441 976 493 ἐπέκεινα
1013 439 1187 505 μηδέν,
1238 440 1416 501 οὐκοῦν,
1449 440 1537 506 οὐχ
1575 436 1603 506 ᾗ
1643 438 1798 503 Λόγος
1838 438 1938 487 ἐστὶ

352 528 427 577 καὶ
455 525 575 579 Θεὸς
605 523 887 590 προκόπτειν
914 521 1103 587 εἴρηται,
1131 522 1240 571 ἀλλ’
1270 520 1340 571 ὅτι
1367 519 1581 586 μειζόνως
1609 522 1676 570 ἀεὶ
1702 517 1935 584 θαυμαζό-

351 631 508 672 μενος,
540 605 839 673 χαριέστερος
865 603 995 669 παρὰ
1021 608 1116 656 τοῖς
1142 604 1290 668 ὁρῶσι
1320 602 1394 652 διὰ
1421 607 1514 652 τῶν
1538 598 1941 663 ἀποτελεσμάτων

353 691 657 750 ἀνεδείκνυτο,
692 686 1070 753 προκοπτούσης,
1112 687 1174 738 ὡς
1213 686 1316 735 ε”στι
1353 689 1545 748 μᾶλλον
1584 687 1724 734 εἰπεῖν
1764 681 1937 746 ἀληθέ-

354 794 540 838 στερον,
566 773 647 833 τῆς
675 774 768 820 τῶν
795 767 1126 834 θαυμαζόντων
1153 766 1305 835 ἕξεως,
1327 766 1448 832 ἥπερ
1475 767 1616 816 αὑτοῦ
1641 771 1723 815 τοῦ
1750 765 1942 826 τελείου,

354 853 473 919 πρὸς
507 851 664 920 χάριν,
695 853 755 905 ὡς
791 854 931 902 Θεοῦ.
994 849 1199 916 εἰρήσθω
1239 847 1288 900 δὲ
1326 854 1474 900 ταῦτα
1513 848 1772 916 χρησίμως,
1797 851 1833 897 εἰ
1869 847 1944 896 καὶ

356 936 459 987 ἔστι
484 933 827 1002 παρεκβατικὸς
855 934 879 983 ὁ
908 932 1068 998 λόγος.

318 1041 339 1066 θ

293 1128 339 1167 15
581 1123 790 1164 ἸωάννΗε
827 1119 1034 1179 μαρτυρεῖ
1070 1122 1168 1178 Περὶ
1205 1121 1349 1171 αὑτοῦ,
1388 1120 1456 1161 καὶ
1495 1121 1710 1176 κέκραΓεν.

429 1248 712 1298 Ἀκολουθεῖ
733 1246 880 1298 πάλιν
906 1252 1006 1300 ταῖς
1033 1247 1166 1300 ἰδίαις
1192 1246 1384 1298 ἐννοίαις
1411 1246 1435 1295 ὁ
1468 1243 1752 1311 σοφώτατος
1780 1245 1943 1308 Εὐαγ-

356 1328 598 1396 γελιστὴς,
646 1332 720 1380 καὶ
770 1332 832 1383 ὡς
878 1334 973 1382 τοῖς
1018 1329 1173 1380 ὀπίσω
1218 1327 1605 1395 χρεωστούμενον
1650 1325 1732 1376 τὸν
1777 1326 1949 1394 ἐφεξῆς

358 1411 595 1478 εὐρύθμως
621 1416 818 1462 ποιεῖται
846 1410 1005 1475 λόγον.
1059 1409 1213 1473 ἐπειδὴ
1242 1409 1334 1476 γὰρ
1361 1409 1452 1476 ἔφη
1482 1410 1587 1474 περὶ
1613 1413 1696 1458 τοῦ
1722 1411 1840 1458 Υὶοῦ
1866 1413 1948 1457 τοῦ

136 1505 263 1585 ῗὲξΐῗ4
361 1498 487 1545 Θεοῦ
512 1502 539 1523 “
556 1492 892 1556 Ἐθεασάμεθα
918 1491 1004 1557 τὴν
1031 1492 1178 1562 δόξαν
1204 1493 1360 1554 αὑτοῦ,
1382 1491 1527 1560 δόξαν
1554 1492 1616 1543 ὡς
1645 1494 1949 1554 Μονογενοῦς

198 1570 203 1576 ’
267 1569 274 1576 ’
360 1585 388 1606 “
413 1575 543 1642 παρὰ
581 1575 810 1642 Πατρος,”
840 1576 915 1626 ἵνα
952 1574 1017 1639 μὴ
1050 1575 1192 1637 μόνος
1230 1579 1368 1625 τοῦτο
1404 1574 1627 1643 φαίνηται
1663 1572 1831 1638 λέγων,
1863 1573 1950 1639 οὐχ

361 1660 426 1709 ἑνὶ
467 1657 714 1727 προσώπῳ
758 1663 841 1708 τοῦ
879 1657 1214 1720 Ἐθεασάμεθα
1257 1657 1532 1722 πρέποντος,
1577 1655 1659 1705 τὸν
1704 1654 1950 1716 ὁμώνυμον

362 1741 592 1792 συνάπτει
627 1739 856 1807 μάρτυρα,
890 1740 1001 1803 μίαν
1036 1739 1205 1806 ἔχοντα
1242 1738 1361 1804 πρὸς
1400 1737 1542 1789 αὐτὸν
1573 1739 1648 1787 καὶ
1687 1735 1773 1800 τὴν
1807 1735 1952 1798 αὐτὴν

364 1821 620 1882 εὐσέβειαν.
694 1826 929 1888 μαρτυρῶ,
971 1824 1109 1888 φησὶ,
1148 1826 1399 1886 τοιγαροῦν
1440 1819 1546 1885 ἐγώ·
1600 1817 1819 1882 τεθεάμαι
1858 1817 1952 1884 γὰρ

145 1904 480 1970 97ῙοΑ.ειὸπερ
512 1902 657 1955 εἶπον·
703 1909 930 1971 μαρτυρεῖ
961 1903 1009 1954 δὲ
1046 1904 1214 1966 ὁμοίως
1251 1905 1326 1953 καὶ
1362 1904 1386 1953 ὁ
1422 1900 1710 1965 βαπτιστής·
1763 1899 1954 1968 ἀξιολο-

365 1987 557 2054 γωτάτη
601 1991 696 2038 τῶν
734 1986 1137 2054 πνευματοφόρων
1179 1984 1290 2039 δυὰς
1335 1986 1410 2035 καὶ
1456 1983 1712 2053 ἀξιόχρεως
1757 1982 1954 2051 ξυνωρὶς

366 2072 549 2135 ἀνδρῶν
581 2068 778 2137 ἀληθείᾳ
813 2067 1249 2135 συντεθραμμένων,
1277 2069 1352 2118 καὶ
1392 2067 1476 2117 οὐκ
1515 2066 1703 2117 εἰδότων
1734 2063 1789 2116 τὸ
1827 2062 1952 2131 ψεύ-

367 2155 545 2203 δεσθαι.
604 2151 686 2201 θεά
726 2150 773 2201 δὲ
814 2150 940 2205 ὅπως
978 2148 1397 2218 ἐμφαντικωτάτην
1428 2149 1537 2213 ἡμῖν
1576 2145 1832 2211 ἐποιήσατο
1871 2144 1956 2210 τὴν

367 2232 610 2302 ἐξήγησιν·
657 2233 709 2283 οὐ
745 2232 838 2298 γὰρ
872 2232 1016 2296 μόνον
1050 2232 1121 2283 ὅτι
1155 2235 1362 2301 μαρτυρεῖ
1393 2231 1596 2300 φησινὸ
1631 2229 1826 2288 Ἰωάννης
1859 2232 1955 2298 περὶ

368 2317 509 2377 αὐτοῦ,
541 2316 833 2381 προστίθησι
873 2314 920 2365 δὲ
959 2315 1205 2380 χρησίμως
1245 2313 1314 2365 ὅτι
1356 2318 1433 2364 καὶ
1479 2311 1702 2381 κέκραγεν,
1741 2309 1836 2361 ἀπὸ
1875 2314 1958 2360 τοῦ

144 2412 198 2443 ΕΞ·
212 2412 256 2442 xl.
273 2421 303 2452 3-
368 2405 394 2427 “
423 2396 565 2461 Φωνὴ
604 2401 812 2457 βοῶντος
852 2397 900 2446 ἐν
937 2400 996 2464 τῇ
1036 2394 1220 2465 ἐρήμῳ”
1261 2393 1524 2458 λαμβάνων
1562 2399 1645 2444 τοῦ
1684 2391 1833 2459 λόγου
1872 2391 1958 2456 τὴν

368 2479 620 2547 ἀπόδειξιν·
675 2482 833 2531 καλῶς
876 2477 923 2528 δὲ
967 2479 1041 2528 καὶ
1080 2483 1218 2528 τοῦτο
1258 2477 1381 2526 λίαν.
1450 2475 1661 2542 ἐνεχώρει
1699 2474 1791 2541 γάρ
1830 2497 1958 2528 τινας

255 2580 261 2583 ’
322 2571 349 2611 b
369 2566 463 2612 τῶν
495 2560 551 2612 δι’
579 2560 789 2613 ἐναντίας
822 2564 963 2611 εἰπεῖν
991 2558 1117 2610 Πότε
1151 2562 1218 2628 τῷ
1259 2562 1525 2624 Μονογενεῖ
1554 2557 1906 2624 μεμαρτύρηκεν
1933 2557 1958 2607 ὃ

368 2641 651 2707 βαπτιστὴς,
682 2641 711 2707 ἢ
751 2644 827 2692 καὶ
864 2642 990 2692 τίσιν
1022 2643 1190 2695 ἐκεῖνος
1224 2643 1328 2706 περὶ
1363 2640 1542 2691 τούτων
1577 2639 1922 2690 ἀνεκοινώσατο
1941 2659 1954 2700 ;

417 2806 448 2829 2.
474 2794 549 2840 ποῖ]
570 2809 647 2828 οποι
667 2794 709 2827 Β.
774 2792 907 2836 πλήρης
927 2792 967 2826 Β.
1125 2804 1158 2833 4.
1184 2792 1309 2835 μεῖζον,
1327 2791 1371 2826 ὡς
1390 2791 1431 2825 Β.
1586 2790 1619 2825 6.
1646 2790 1860 2825 ἀπεδείκνυτο
1880 2789 1958 2824 Cat.

369 2842 402 2875 in
425 2842 460 2875 S.
478 2842 564 2875 Luc.
583 2841 616 2875 ii.
637 2852 693 2885 52.
713 2841 823 2874 invito
843 2839 950 2873 Cord.
1086 2838 1119 2872 8.
1146 2838 1182 2872 δέ
1203 2838 1290 2872 B.E.
1310 2838 1362 2871 καὶ
1383 2838 1449 2871 Ed.
1587 2849 1640 2871 12.
1667 2836 1958 2882 χρεωστουμένοις

369 2891 434 2921 τῶν
455 2888 496 2921 Β.
597 2898 650 2930 15.
676 2888 767 2932 παρὰ
785 2887 921 2931 Πατρὸς
939 2891 1120 2930 assumpta
1138 2897 1178 2918 ex
1199 2884 1240 2918 Β.
1295 2887 1396 2918 τοῦτο
1413 2884 1574 2929 φαίνηται
1592 2884 1658 2918 hoc
1676 2883 1797 2917 ordine
1817 2883 1956 2917 B.D.E.

373 2946 426 2979 19.
454 2935 507 2968 καὶ
525 2946 594 2968 om.
616 2934 657 2968 B.
773 2944 827 2967 21.
854 2933 984 2975 ἀνδρῶν
1002 2932 1146 2966 accessit
1163 2943 1205 2964 ex
1223 2931 1266 2965 B.
1317 2931 1459 2965 Lacuna
1476 2932 1511 2964 in
1530 2931 1623 2964 D.E.
1731 2941 1786 2964 22.
1813 2930 1958 2974 ἐμφατι-

371 2982 518 3024 κωτάτην
538 2981 583 3015 D.
660 2991 714 3025 27.
734 2978 798 3027 τῷ]
818 2981 856 3013 τὸ
874 2981 920 3026 τῷ
943 2979 982 3013 Β.
1057 2979 1112 3013 28.
1132 2978 1255 3013 ἐκεῖνος
1271 2978 1349 3022 περὶ
1366 2977 1512 3022 τούτων]
1531 2978 1603 3013 ἑνὸς
1620 2977 1698 3021 περὶ
1716 2976 1836 3011 τούτου
1858 2977 1898 3011 Β.

1961 618 1982 655 5

1970 1128 2017 1152 10

1977 2005 2024 2030 20
