2084 3317
132 966 186 997 Ps.

133 1019 245 1040 xxxVL
265 1015 293 1048 7.

347 113 431 152 492
749 115 797 155 B.
831 115 1104 156 CYRILLI
1147 114 1525 155 ALEXANDR.
1707 112 1761 152 vi.
1781 111 1849 166 38,
1868 123 1934 165 39.

351 221 578 288 ὑποταγὴ,
614 225 955 290 προσκειμένου
993 223 1204 289 μηδενὸς,
1243 224 1325 273 οὐκ
1364 222 1422 273 ἂν
1456 220 1643 272 δύναιτό
1681 243 1750 274 τις
1788 221 1939 288 ἀψευ-

350 302 501 367 δήσας
539 309 697 356 εἰπεῖν.
763 305 833 357 ὅτι
873 305 922 356 δὲ
961 305 1078 369 αὑτὴ
1118 306 1223 355 καθ’
1259 303 1427 368 ἑαυτὴν
1465 305 1552 372 οὐχ
1590 302 1788 369 ὑπάρξει
1824 301 1939 353 ποτὲ

351 387 449 436 κατ’
490 385 607 437 ’ίδιον
646 387 795 452 λόγον
833 388 861 451 ἡ
908 386 1138 452 ὑποταγὴ,
1179 385 1446 454 παχύτερόν
1483 408 1584 438 πως
1625 387 1700 436 καὶ
1742 383 1936 451 ἐναργέ-

352 489 525 533 στερον
565 469 634 519 ἐπ’
679 470 833 520 αὐτῶν
876 469 966 533 ἤδη
1011 472 1106 519 τῶν
1149 466 1423 532 ποιημάτων
1465 465 1813 533 καταγαγόντες
1856 465 1939 517 τὸν

309 555 336 595 b
353 548 518 615 λόγον,
543 550 862 616 θεωρήσομεν·
906 550 1042 618 δέχου
1069 549 1123 600 δέ
1142 573 1246 600 τινα
1272 552 1345 600 ἐπὶ
1371 550 1551 602 τούτοις
1577 547 1934 614 συλλογισμόν.
1959 563 1981 601 5

353 635 389 681 εἰ
426 630 519 697 γὰρ
553 633 601 682 ἐν
626 636 692 700 τῷ
731 631 1078 683 ὑποτάττεσθαι
1113 632 1167 682 τὸ
1203 630 1317 682 εἶναι
1354 631 1570 695 δώσομεν
1601 634 1668 700 τῷ
1702 630 1940 698 ἀνθρώπῳ

352 712 510 779 τυχὸν,
549 711 602 762 τὸ
641 711 706 776 μὴ
746 711 861 764 εἶναι
898 713 1087 766 πάντως
1126 712 1268 764 αὐτὸν
1303 714 1352 764 ἐν
1384 717 1450 782 τῷ
1487 712 1553 776 μὴ
1594 710 1942 763 ὑποτάττεσθαι

353 793 657 860 λογιούμεθα·
700 799 801 849 πῶς
827 796 909 846 οὖν
936 795 1124 862 ἐλέγετο
1149 794 1268 861 πρός
1295 818 1397 845 τινα
1423 794 1555 862 παρὰ
1587 799 1669 845 τοῦ
1702 795 1938 862 μελῳδοῦ,

353 878 415 929 ὡς
451 875 564 926 ὅντα
599 876 684 940 μὲν
709 876 798 941 ἤδη
834 881 909 928 καὶ
944 877 1233 945 ὑπάρχοντα,
1262 878 1315 927 οὐ
1345 877 1439 941 μὴν
1465 877 1529 928 ε”τι
1565 877 1641 927 καὶ
1675 877 1937 940 ὑποτεταγ-

353 957 492 1022 μένον
524 965 551 988 “
573 958 870 1026 (Υποτάγηθι
907 961 972 1029 τῷ
1015 959 1174 1029 Κυρίῳ
1209 961 1284 1010 καὶ
1320 959 1557 1009 ἱκέτευσον
1592 956 1792 1020 αὑτόν;”
1833 958 1944 1025 ὁρᾷς
1968 977 2016 1003 10

354 1040 437 1091 οὖν
473 1039 600 1095 ὅπως
634 1040 833 1105 ἀνόητον
867 1045 1035 1109 κομιδῇ
1070 1041 1124 1092 τὸ
1161 1040 1306 1103 αὑτὴν
1342 1040 1605 1109 ὑφεστάναι
1641 1040 1748 1091 καθ’
1777 1038 1944 1102 ἑαυτὴν

316 1121 539 1173 οοῖεσθαι
584 1122 672 1187 τὴν
714 1123 986 1190 ὑποταγήν,
1042 1125 1208 1174 οὐκοῦν
1252 1122 1433 1188 ἀνάγκη
1479 1127 1553 1173 καὶ
1599 1126 1945 1186 συνομολογεῖν

356 1203 580 1272 ὑπάρχειν
603 1228 652 1256 τε
687 1207 764 1255 καὶ
798 1204 912 1256 εἶναι
949 1204 1031 1256 τὸν
1056 1206 1175 1255 Υὶὸν
1202 1206 1249 1255 ἐν
1282 1205 1373 1272 ἰδίᾳ
1409 1205 1554 1272 φύσει
1587 1204 1829 1270 πρότερον,
1856 1200 1942 1253 εἶθ’

355 1287 502 1339 οὕτως
527 1287 603 1337 καὶ
631 1285 981 1338 ὑποτάττεσθαι
1009 1286 1164 1351 λέγειν
1189 1290 1256 1355 τῷ
1285 1287 1456 1352 Πατρί.
1510 1288 1560 1337 τί
1591 1287 1686 1348 οὖν,
1713 1285 1819 1336 εἰπέ
1844 1306 1942 1349 μοι,

355 1368 409 1419 τὸ
436 1368 701 1435 ἀναγκάζον
726 1370 844 1431 ἐστὶ,
869 1369 953 1419 τὸν
980 1370 1028 1419 ἐκ
1054 1370 1137 1432 τῆς
1160 1367 1322 1421 οὐσίας
1350 1367 1464 1418 ὅντα
1487 1374 1571 1419 τοῦ
1603 1367 1942 1434 γεννήσαντος,
1970 1389 2016 1427 15

355 1450 438 1500 τὸν
470 1451 829 1516 ἀπαραποίητον
860 1453 942 1514 τῆς
978 1449 1169 1519 φύσεως
1211 1451 1354 1500 αὑτοῦ
1393 1453 1681 1517 χαρακτῆρα,
1714 1453 1796 1514 τῆς
1829 1447 1948 1515 πρὸς

358 1531 500 1584 αὑτὸν
526 1533 811 1584 ἀποπίπτειν
838 1531 1072 1597 ἰσότητος,
1099 1530 1175 1582 διὰ
1201 1530 1255 1582 τὸ
1282 1531 1550 1596 πειθήνιον;
1591 1533 1720 1597 ἡμεῖς
1746 1529 1829 1596 μὲν
1855 1530 1948 1598 γὰρ

358 1613 477 1679 ὀρθὰ
504 1618 789 1681 φρονοῦντες
821 1617 897 1666 καὶ
932 1614 1165 1680 λέγοντες,
1194 1615 1448 1678 ὁμοούσιον
1475 1615 1588 1666 ὄντα
1622 1619 1689 1684 τῷ
1723 1637 1943 1681 γεγεννη-

359 1696 460 1747 κότι
485 1695 798 1762 γινώσκομεν,
829 1698 904 1747 καὶ
931 1695 1018 1760 τὴν
1045 1697 1116 1765 ἐφ’
1146 1694 1329 1747 ἅπασιν
1355 1698 1591 1761 ἰσοτιμίαν
1617 1698 1742 1766 αὐτῷ
1766 1696 1944 1762 περιτί-

316 1783 513 1841 (1θεμεν,
549 1781 623 1829 καὶ
659 1779 757 1829 κατ’
787 1779 952 1830 οὐδένα
986 1779 1164 1845 τρόπον
1195 1782 1278 1842 τῆς
1313 1783 1598 1846 θεοπρεποῦς
1633 1779 1769 1849 ἀξίας
1802 1780 1943 1843 ἡττᾶ-
1972 1805 2022 1830 20

362 1864 477 1911 σθαι
523 1859 829 1926 λογιούμεθα·
897 1860 963 1911 σὺ
1012 1861 1068 1911 δέ
1111 1884 1191 1923 μοι
1243 1860 1411 1912 σκόπει
1464 1861 1583 1912 κατὰ
1626 1863 1730 1912 τίνα
1774 1861 1953 1928 τρόπον

362 1943 578 2002 ἐκβαλεῖς
618 1945 701 2005 τῆς
746 1942 998 2009 ἰσομέτρου
1041 1942 1161 2008 πρὸς
1206 1942 1289 1993 τὸν
1329 1943 1521 2010 Πατέρα
1566 1947 1702 2008 τιμῆς
1747 1943 1823 1994 διὰ
1867 1941 1954 2007 τὴν

363 2022 623 2089 λεγομένην
651 2023 905 2089 ὑποταγὴν,
932 2023 1015 2075 τὸν
1041 2029 1136 2077 τοῖς
1172 2024 1294 2078 ἴσοις
1329 2024 1729 2092 ἐπαγλαῖζόμενον
1759 2026 1955 2092 ἀγαθοῖς

364 2103 441 2155 διὰ
465 2104 551 2169 τὴν
577 2105 841 2169 ταυτότητα
867 2109 949 2169 τῆς
976 2106 1153 2160 οὐσίας.

439 2187 581 2238 Ἀλλ’
610 2187 723 2239 αὐτὸ
758 2187 814 2252 δὴ
846 2194 999 2250 τοῦτο,
1028 2190 1166 2256 φησὶ,
1193 2194 1288 2241 τοῖς
1323 2191 1432 2255 παρ’
1465 2190 1598 2254 ἡμῶν
1630 2191 1954 2256 ἐπαγωνιεῖται
1975 2213 2024 2251 25

366 2268 543 2334 λόγοις,
569 2268 623 2320 τὸ
649 2270 898 2321 πείθεσθαι
925 2273 991 2339 τῷ
1019 2273 1174 2337 Πατρὶ
1199 2269 1282 2320 τὸν
1306 2269 1435 2334 Υἰὸν,
1463 2275 1539 2322 καὶ
1564 2273 1844 2337 θελημάτων
1869 2272 1954 2336 μὲν

366 2356 460 2402 τῶν
488 2353 616 2402 ἰδίων
641 2353 694 2402 οὐ
732 2351 927 2422 σφόδρα
965 2353 1240 2420 φροντίζειν,
1268 2353 1404 2404 εἴκειν
1435 2353 1483 2404 δὲ
1517 2359 1709 2416 μᾶλλον
1740 2360 1837 2409 τοῖς
1872 2361 1954 2406 τοῦ

328 2456 349 2482 e
370 2431 576 2500 Πατρός,
604 2437 665 2488 ὡς
693 2435 1019 2501 ὑπερκειμένου
1046 2434 1266 2499 δηλονότι
1294 2438 1367 2486 καὶ
1395 2437 1614 2502 μείζονος.

440 2517 582 2567 Ἀλλ’
613 2516 727 2567 αὐτὸ
754 2517 810 2581 δὴ
836 2523 976 2568 τοῦτο
1003 2515 1123 2568 κατὰ
1149 2517 1234 2581 τὴν
1262 2517 1369 2582 σὴν,
1398 2517 1434 2568 ὦ
1461 2518 1608 2581 οὗτος,
1637 2519 1814 2588 φωνὴν,
1841 2519 1957 2585 ὅπερ

369 2598 451 2649 οἴει
495 2597 603 2653 τοὺς
649 2598 766 2652 σοὺς
810 2598 1080 2669 ὠφελήσειν
1126 2599 1312 2665 λόγους,
1355 2600 1504 2651 πάλιν
1549 2601 1705 2667 ἕτερον
1749 2601 1958 2668 εὑρήσεις
1978 2628 2029 2665 3ο

369 2679 570 2745 οὐδὲν,ἢ
608 2684 691 2744 τῆς
726 2681 924 2745 ἐνούσης
959 2683 1065 2745 ὑμῖν
1096 2683 1298 2744 ἀμαθίας
1334 2683 1528 2748 καρπόν.
1583 2686 1619 2734 εἰ
1654 2682 1739 2747 μὲν
1774 2683 1868 2750 γὰρ
1904 2682 1957 2735 τὸ

422 2833 450 2854 1.
479 2818 636 2865 μηδενὸς]
656 2820 741 2863 μηδέ
758 2835 847 2856 τινος
867 2821 908 2854 Β.
1052 2832 1085 2865 3.
1112 2821 1130 2864 ἡ
1149 2833 1219 2855 om.
1240 2822 1280 2855 Β,
1425 2833 1456 2869 5.
1485 2822 1710 2867 θεωρήσωμεν
1729 2823 1769 2857 Β.
1831 2823 1955 2858 Statim

371 2867 486 2911 ·δέχου
504 2867 543 2901 δέ
561 2867 600 2901 Β.
620 2867 659 2910 δὴ
679 2867 745 2901 Ed.
917 2879 969 2902 12.
996 2868 1048 2902 καὶ
1066 2874 1288 2913 assumptum
1307 2882 1347 2903 ex
1369 2870 1410 2904 B.
1584 2882 1636 2913 14.
1662 2871 1714 2904 καὶ
1733 2876 1954 2916 assumptum

369 2924 410 2946 ex
432 2913 472 2948 Β.
621 2914 672 2948 16.
700 2914 840 2958 φύσεως
858 2915 961 2949 αὐτοῦ
979 2915 1044 2949 hoc
1063 2914 1183 2949 ordine
1204 2915 1295 2949 B.D.
1442 2928 1496 2950 21.
1525 2916 1563 2959 δὴ
1582 2929 1645 2961 pro
1661 2931 1718 2960 μοι
1739 2917 1778 2951 Β.
