2084 3317
1750 606 1769 627 a

370 699 502 742 ΤΟΥ
552 698 645 743 EN
694 699 925 743 ΑΓΙΟΙΣ
976 698 1256 743 ΠΑΤΡΟΣ
1308 698 1504 743 ΗΜΩΝ

604 869 1268 938 ΚΥΡΙΛΛΟὙ

449 1061 931 1090 ΑΡΧΙΕΠΙΣΚΟΠΟΥ
974 1062 1421 1092 ΑΛΕΞΑΝΔΡΕΙΑΣ

235 1207 344 1254 ΕΙΣ
397 1207 491 1255 ΤΟ
546 1208 732 1256 ΚΑΤΑ
790 1208 1118 1257 ΙΩΑΝΝΙ-ΙΝ
1173 1210 1629 1258 ΕΥΑΓΓΕΛΙΟΝ,

93 1412 115 1449 5
763 1404 1007 1450 BIBA'ION
1063 1415 1105 1451 r'.

137 1587 303 1640 Ζήτησις
330 1588 490 1641 ἀκριβὴς
520 1590 622 1629 διατί
647 1589 699 1640 μὴ
725 1590 849 1639 μόνον
870 1592 890 1630 ὁ
911 1591 1070 1643 λύχνος,
1094 1591 1201 1631 ἀλλὰ
1228 1590 1430 1640 καιόμενος
1454 1589 1515 1629 καὶ
1538 1589 1690 1640 φαίνων
1714 1589 1733 1628 ὁ

478 1662 662 1714 μακάριος
681 1664 902 1714 βαπτιστὴς
924 1666 1071 1716 εἴρηται
1085 1666 1188 1716 παρὰ
1202 1665 1386 1714 Χριστοῦ.

200 1768 220 1787 2!
470 1772 482 1786 N
570 1769 580 1784 Ι
728 1770 740 1784 x
818 1774 826 1787 ἱ
863 1774 876 1789 X
963 1775 980 1784 ἢ
1141 1771 1153 1788 Ι
1388 1772 1399 1788 Ι
1550 1769 1561 1785 l

225 1773 380 1821 ΑΡΤΙ
409 1793 484 1821 και
519 1778 658 1833 μολις
695 1794 777 1822 τον
804 1795 878 1822 επι
918 1795 984 1841 τῳ
1017 1775 1218 1841 δευτερερ
1253 1776 1433 1840 βιβλιῳ
1469 1792 1736 1834 στησαντες

134 1851 369 1916 κάλαμον,
418 1855 491 1902 καὶ
542 1856 637 1903 τῶν
690 1854 826 1905 θείων
874 1854 1194 1921 θεωρημάτων
1246 1854 1300 1905 τὸ
1350 1853 1511 1904 πλατύ
1562 1875 1611 1903 τε
1662 1854 1736 1903 καὶ

67 1955 113 1980 10
132 1933 259 1995 βαθὺ
291 1933 616 2003 διανηξάμενοι
652 1934 878 2001 πέλαγος,
918 1937 1153 2001 καταίρειν
1189 1959 1238 1987 τε
1275 1937 1398 1986 οὕτω
1435 1937 1733 1998 νομίσαντες,

135 2017 197 2070 ὡς
223 2020 284 2070 εἰς
312 2016 479 2080 λιμένα
504 2015 558 2067 τὸ
590 2016 741 2080 τέλος,
771 2020 844 2068 καὶ
885 2021 1139 2086 μονονουχὶ
1172 2021 1255 2082 τῆς
1293 2018 1485 2085 ἠπείρου
1520 2017 1574 2069 τὸ
1609 2019 1734 2069 σκοί-

135 2103 226 2166 φος
271 2097 565 2167 ἐξάπτοντες,
606 2099 846 2164 θαλάττης
893 2101 1074 2167 ὁρῶμεν
1115 2100 1274 2167 ἑτέρας
1322 2099 1492 2168 ἀρχὴν,
1535 2100 1618 2151 τὸν
1664 2103 1737 2151 ἐπὶ

134 2185 230 2234 τοῖς
274 2181 446 2249 ἐφεξῆς
491 2180 712 2245 δηλονότι
758 2181 948 2249 δρόμον,
995 2181 1049 2234 ὃν
1095 2185 1174 2234 καὶ
1220 2183 1291 2234 ὅτι
1337 2183 1574 2249 προσήκοι
1618 2182 1781 2246 μετάὶ)

133 2264 295 2329 πάσης
345 2265 465 2330 ἡμᾶς
516 2265 725 2334 ἐξανύειν
776 2269 1005 2330 σπουδῆς,
1060 2269 1137 2318 καὶ
1197 2266 1337 2321 αὐτὸς
1390 2269 1605 2318 δυσωπεῖ
1652 2273 1736 2318 τοῦ

68 2364 114 2401 15
133 2347 413 2414 πράγματος
465 2349 490 2398 ὁ
542 2346 737 2412 σκοπὸς,
788 2349 1026 2400 ἀναπείθει
1079 2348 1127 2400 δὲ
1179 2349 1314 2400 οὐδὲν
1366 2350 1507 2414 ἧττον
1557 2352 1633 2400 καὶ
1682 2348 1735 2400 τὸ

136 2428 226 2481 ὑπό
256 2453 339 2480 του
374 2430 631 2495 λεγόμενον
659 2437 685 2460 “
704 2431 928 2497 Ἀγαθῶν
966 2430 1061 2498 γὰρ
1092 2430 1253 2483 πόνων
1288 2430 1466 2497 καρπὸς
1501 2430 1733 2495 εὐκλεής.”

135 2513 249 2579 φέρε
288 2511 345 2576 δὴ
379 2512 461 2563 οὖν
493 2515 554 2566 εἰς
593 2513 825 2575 εὔτολμον
856 2512 1006 2565 πάλιν
1036 2514 1370 2575 ἀναβαίνοντες
1406 2514 1642 2581 φρόνημα,
1668 2518 1735 2583 τῷ

135 2594 220 2658 μὲν
246 2596 411 2664 ἀγαθῷ
448 2596 522 2645 καὶ
559 2596 887 2666 φιλανθρώπῳ
916 2599 1026 2665 Θεῷ
1065 2595 1124 2647 τὰ
1161 2597 1269 2647 καθ’
1299 2595 1421 2659 ἡμᾶς
1453 2599 1732 2663 οἰακοστρο-

187 2739 261 2770 1-4.
287 2728 340 2762 tit.
359 2727 487 2762 retinui
508 2740 549 2762 ex
569 2728 636 2763 Ed.
654 2727 821 2774 κυρίλλου
844 2732 1059 2776 πατριάρχου
1082 2730 1322 2775 ἀλεξανδρείας
1347 2730 1393 2765 εἷς
1417 2731 1456 2763 τὸ
1482 2731 1565 2764 κατὰ
1581 2730 1737 2775 Ἰωάννην

137 2774 340 2820 εὐαγγέλιον
359 2774 401 2808 Β.
421 2774 467 2810 εἷς
484 2775 523 2808 τὸ
541 2777 625 2809 κατὰ
642 2775 798 2820 Ἰωάννην
815 2777 1016 2822 εὐαγγέλιον
1033 2777 1169 2822 Migne.
1329 2786 1361 2821 5.
1390 2776 1448 2811 Sic
1468 2777 1561 2811 B.D.
1583 2776 1739 2822 [βιβλίον

137 2823 252 2866 τρίτον
272 2820 337 2866 D.]
356 2822 460 2865 λόγος
477 2822 591 2866 τρίτος
611 2822 677 2857 Ed.
822 2823 855 2859 6.
883 2824 1053 2868 κυρίλλου
1072 2824 1262 2858 ἐπισκόπου
1279 2823 1520 2868 ἀλεξανδρείας
1537 2824 1674 2868 ζήτησις
1691 2825 1738 2859 D.

139 2868 280 2912 ζήτησις
297 2868 439 2913 ἀκριβὴς
457 2880 526 2902 om.
550 2869 592 2903 B.
668 2871 686 2903 ὁ
705 2870 800 2914 prius
819 2877 1041 2915 assumptum
1061 2882 1103 2904 ex
1122 2870 1165 2904 B.
1314 2881 1345 2915 7.
1370 2870 1540 2916 Χριστοῦ]
1562 2872 1676 2924 κυρίου
1695 2872 1737 2906 B.

143 2926 198 2949 12.
218 2917 349 2960 ὁρῶμεν
368 2927 438 2949 om.
460 2915 501 2950 Β.
604 2915 656 2950 16.
675 2916 752 2961 του]
771 2919 832 2951 τοῦ
852 2917 895 2952 Β.
913 2923 946 2951 et
964 2917 1045 2951 add.
1063 2917 1245 2962 προφήτου
1264 2917 1293 2951 Β
1308 2929 1381 2962 mg.
1476 2926 1528 2963 17.
1546 2922 1604 2952 οὐν
1621 2931 1691 2953 om.
1707 2926 1738 2953 et

141 2963 246 2997 πάλιν
264 2962 310 2998 εἷς
329 2963 494 3006 εὔτολμον
512 2969 554 2996 tr.
577 2961 617 2996 Β.
719 2964 772 2998 18.
793 2966 867 3010 Θεῷ
887 2975 958 2999 om.
980 2964 1021 2998 Β.
1073 2963 1352 3010 οἷακοστροφεῖν]
1372 2965 1483 3000 οἴακος
1500 2965 1676 3011 ἐκτρέφειν
1695 2965 1737 3000 Β.

1807 594 1889 628 247
1904 593 1956 627 A.

1796 2447 1872 2486 Sap.
1893 2445 1935 2477 iii.

1799 2497 1849 2529 15.
