2084 3317
110 156 180 198 vii.
204 171 267 210 14.
348 158 423 200 IN
466 159 507 200 S.
542 159 876 200 JOANNEM.
940 158 1066 199 LIB.
1099 158 1178 199 IV.
1241 158 1374 199 CAP.
1398 159 1450 199 V.
1613 159 1697 198 599

110 264 228 317 ὅσον
265 265 315 317 δὲ
358 270 420 320 εἷς
467 267 586 318 ἰδίαν
624 268 787 335 φύσιν,
826 271 1073 321 παντελῶς
1115 271 1212 321 τοῖς
1255 267 1392 317 οῦσιν
1430 266 1692 334 ἀχώρητος”

108 348 497 414 πρεπωδέστερόν
524 372 624 402 πως
663 350 833 416 χώροις
871 347 1014 400 αὑτὸν
1046 353 1142 402 τοῖς
1181 349 1332 413 ἁγίοις
1367 349 1557 398 ἐνοικεῖν
1584 348 1699 397 ὑπο-

109 427 394 493 τοπήσομεν,
427 431 502 480 καὶ
541 430 594 481 τὸ
635 433 802 482 δοκοῦν
833 432 892 499 τῇ
927 430 1027 499 θείᾳ
1062 430 1207 498 φύσει
1242 427 1479 480 ἀκουστὸν
1509 429 1620 492 ἡμῖν
1651 429 1699 478 ἐν

108 513 243 575 ἱεροῖς
268 509 486 574 μάλιστα
510 511 671 566 τόποις
706 512 905 564 ἔσεσθαι
940 517 1189 576 νομιοῦμεν
1216 511 1537 578 εὐλογώτατα·
1584 509 1699 576 ὅπερ

65 590 158 642 5δὲ
200 592 349 644 πάλιν
392 595 441 644 ἐν
482 593 614 664 τύπῳ
661 597 737 645 καὶ
781 598 896 664 σκιᾷ
940 599 1037 648 τοῖς
1082 593 1298 660 ἀνωτέρω
1345 591 1693 661 κατεγράφετο,

105 679 244 725 τοῦτο
286 680 368 726 νῦν
408 679 471 730 εἰς
512 675 738 740 ἀλήθειαν
778 674 1111 742 μετασκευάζει
1150 673 1383 741 Χριστός·
1437 675 1561 744 φησὶ
1602 672 1697 740 γὰρ

1673 753 1687 769 Χ

105 754 225 821 πρὸς
271 757 488 807 Μωυσεά
532 757 615 808 τὸν
660 757 942 825 ἱεροφάντην
988 756 1110 812 Θεός
1155 764 1182 787 “
1206 759 1299 808 Καὶ
1350 756 1588 821 ἐπιθήσεις
1639 778 1734 811 τοο

107 842 134 865 “
161 837 440 904 ἱλαστήριον
473 839 548 889 ἐπὶ
585 838 671 902 τὴν
700 839 905 901 κιβωτὸν
939 839 1131 901 ἄνωθεν,
1158 840 1233 890 καὶ
1272 842 1335 893 εἷς
1372 838 1459 903 τὴν
1489 836 1694 898 κιβωτὸν

105 923 134 947 “
158 920 382 982 ἐμβαλεῖς
419 919 479 970 τὰ
515 921 749 986 μαρτύρια
786 919 818 971 ἃ
854 920 935 972 ἐὰν
974 923 1039 970 δῶ
1079 937 1174 971 σοι·
1229 923 1305 972 καὶ
1343 919 1698 986 γνωσθήσομαί

39 1005 133 1042 10⁶⁶
158 1022 239 1051 σοι
274 1002 458 1064 ἐκεῖθεν,
484 1004 558 1052 καὶ
594 1001 802 1067 λαλήσω
838 1026 919 1053 σοι
954 1002 1134 1054 ἄνωθεν
1163 1009 1247 1054 τοῦ
1284 1003 1568 1069 ἱλαστηρίου
1606 1001 1695 1052 ἀνὰ

105 1088 132 1111 “
157 1082 307 1144 με’σον
331 1087 426 1133 τῶν
452 1083 535 1134 δύο
566 1086 812 1150 Χερουβὶμ
846 1089 942 1136 τῶν
969 1084 1119 1136 ὄντων
1144 1086 1219 1136 ἐπὶ
1253 1087 1337 1149 τῆς
1373 1089 1578 1145 κιβωτοῦ
1610 1089 1695 1135 τοῦ

104 1169 131 1192 “
156 1165 427 1231 μαρτυρίου,
454 1164 574 1216 κατὰ
598 1165 754 1217 πάντα
780 1165 874 1217 ὅσα
901 1165 982 1218 ἐὰν
1007 1166 1289 1230 ἐντείλωμαί
1316 1189 1396 1218 σοι
1431 1165 1551 1233 πρὸς
1586 1166 1694 1220 τοὺς

104 1251 132 1275 “
158 1244 280 1300 υἱοὺς
317 1247 564 1313 Ἰσραήλ.”
619 1249 644 1299 ὁ
690 1248 738 1299 δὲ
782 1247 957 1315 Κύριος
994 1249 1127 1313 ἡμῶν
1164 1249 1352 1314 Ἰησοῦς
1391 1250 1416 1300 ὁ
1454 1247 1690 1316 Χριστὸς,

101 1327 320 1395 μεσούσης
345 1327 419 1390 ἤδη
444 1328 520 1389 τ’ἦς
546 1329 698 1399 ἑορτῆς,
724 1330 846 1381 καθὰ
873 1331 1150 1398 γέγραπται,
1175 1332 1224 1381 ἐν
1250 1336 1346 1385 τοῖς
1373 1335 1508 1397 ἱεροῖς
1539 1354 1588 1382 τε
1616 1332 1693 1382 καὶ

37 1423 84 1461 15
103 1411 415 1474 ἀνακειμένοις
451 1416 518 1481 τῷ
556 1415 666 1481 Θεῷ
704 1411 866 1467 τόποις
904 1413 1159 1479 παρελθὼν
1195 1415 1255 1467 ὡς
1296 1412 1431 1476 Θεὸς,
1467 1415 1562 1464 ἐκεῖ
1594 1417 1691 1466 τοῖς

101 1491 267 1559 ὄχλοις
306 1498 594 1560 προσλαλεῖ,
638 1493 788 1546 καίτοι
839 1494 1113 1560 λεληθότως
1158 1495 1480 1561 ἀναβεβηκὼς,
1524 1495 1735 1562 ὥσπερᾶ

103 1575 185 1625 οῦν
222 1576 298 1626 καὶ
336 1577 411 1627 ἐπὶ
448 1582 532 1627 τοῦ
574 1575 694 1627 κατὰ
738 1576 824 1641 τὴν
862 1576 1045 1642 σκηνὴν
1084 1577 1378 1644 ἱλαστηρίου,
1418 1578 1691 1643 λεληθότως

101 1655 188 1719 μὲν
224 1655 282 1722 ἦν
321 1658 348 1722 ἡ
391 1661 516 1709 Θεοῦ
555 1657 769 1717 κάθοδος,
806 1659 1031 1723 νοουμένη
1070 1659 1119 1710 δὲ
1157 1658 1261 1711 τότε
1300 1658 1452 1723 μόλις,
1494 1659 1571 1711 ὅτε
1609 1666 1693 1711 τοῦ

103 1743 270 1789 λαλεῖν
321 1739 573 1804 ἐνειστήκει
623 1739 796 1808 καιρός·
865 1743 930 1792 ἑνὶ
979 1741 1027 1792 δὲ
1079 1743 1154 1792 καὶ
1207 1741 1312 1792 τότε
1363 1746 1430 1812 τῷ
1478 1742 1693 1812 μακαρίῳ

34 1835 84 1861 20
106 1824 313 1872 Μωυσεῖ
334 1822 568 1888 διελέγετο
597 1821 733 1885 Θεὸς,
761 1823 901 1893 ἑτέρῳ
936 1822 1001 1887 μὴ
1036 1828 1356 1889 προσλαλῶν·
1398 1825 1520 1875 οὕτω
1556 1826 1630 1875 καὶ
1667 1825 1693 1874 ὁ

102 1902 330 1968 Χριστὸς,
358 1902 407 1954 ’ἓν
433 1903 498 1954 ε”τι
522 1901 576 1954 τὸ
604 1908 698 1955 τῶν
724 1904 964 1955 Ἰουδαίων
990 1906 1197 1956 ἐπαίδευε
1229 1904 1378 1971 γένος,
1405 1906 1476 1957 ἑνί
1505 1928 1555 1956 τε
1590 1908 1695 1974 λαῷ

101 1984 513 2051 προσδιαλέγεται,
558 1984 716 2050 κοινὴν
763 1987 894 2037 οὔπω
945 1992 1043 2040 τοῖς
1094 1987 1279 2038 ε”θνεσιν
1324 1987 1561 2041 ἁπλώσας
1605 1986 1693 2051 τὴν

101 2065 255 2133 χάριν.
298 2067 348 2118 εὖ
383 2066 431 2118 δὲ
467 2065 524 2131 δὴ
551 2068 661 2118 λίαν
688 2068 713 2118 ὁ
739 2066 967 2135 μακάριος
995 2068 1382 2134 Εὐαγγελιστὴς,
1411 2071 1498 2137 οὐχ
1524 2071 1691 2123 ἁπλῶς
1708 2087 1730 2113 Θ

103 2151 358 2212 Εἰσῆλθεν,
397 2150 507 2199 ἀλλ’
549 2148 680 2210 ἀνέβη
720 2153 874 2218 φησὶν
914 2156 973 2205 εἷς
1013 2150 1058 2202 τὸ
1100 2152 1215 2220 ἱερόν·
1279 2150 1474 2220 ὑψηλὸν
1513 2152 1607 2218 γάρ
1645 2174 1689 2202 τι

32 2247 80 2286 25
100 2233 260 2297 χρῆμα
301 2232 377 2281 καὶ
420 2233 504 2295 τῆς
548 2229 840 2298 χαμαιζήλου
883 2232 1186 2301 φαυλότητος
1227 2232 1354 2284 πολὺ
1395 2235 1504 2284 λίαν
1543 2234 1684 2300 ὑπερ-

100 2317 263 2377 τεροῦν
292 2311 346 2363 τὸ
374 2316 436 2367 εἷς
463 2318 586 2363 θεῖον
612 2312 908 2380 εἷσέρχεσθαι
935 2314 1278 2381 παιδευτήριον,
1307 2317 1382 2365 καὶ
1415 2320 1511 2369 τοῖς
1541 2316 1691 2381 ἁγίοις

100 2395 418 2445 ἐνδιαιτᾶσθαι
443 2393 617 2448 τόποις·
661 2396 686 2446 ὁ
715 2395 761 2446 δὲ
787 2402 868 2447 τοῦ
902 2396 1185 2463 πράγματος
1220 2397 1366 2451 τύπος
1401 2396 1584 2462 ἀληθὴς
1615 2399 1688 2466 ἐφ’

99 2475 247 2539 ἡμῶν.
305 2475 518 2543 Χριστὸς
557 2476 648 2544 γὰρ
687 2476 745 2543 ἧν
781 2479 805 2529 ὁ
843 2477 1047 2544 ἁγιάζων
1081 2476 1136 2529 τὸ
1170 2476 1306 2544 ἱερὸν,
1334 2480 1408 2529 καὶ
1448 2479 1593 2533 τύπος
1631 2478 1689 2544 ἧν

151 2639 181 2662 1.
206 2627 421 2672 ἀναχώρητος
440 2627 481 2662 Β.
614 2639 645 2662 2.
673 2643 744 2665 πως
760 2631 885 2675 χώροις
903 2630 945 2664 Β.
965 2630 993 2664 δ’
1012 2629 1103 2665 ὅπως·
1120 2631 1235 2675 χώραν
1253 2629 1320 2664 Ed.
1458 2629 1490 2664 6.
1518 2630 1686 2677 Χριστός]

100 2676 186 2709 Θεός
205 2674 246 2708 Β.
405 2686 438 2719 9.
464 2675 510 2708 δῶ
530 2674 604 2720 σοι]
625 2676 726 2710 δώσω
746 2676 785 2710 B.
809 2677 854 2711 cf.
874 2677 947 2722 (53,
966 2677 1023 2721 56,
1044 2676 1118 2722 76.)
1282 2687 1335 2710 10.
1364 2691 1421 2710 σοι
1439 2677 1535 2721 prius
1554 2689 1624 2711 om.
1646 2678 1688 2713 B.

98 2721 257 2764 ἀναμέσω
277 2720 319 2755 Β.
468 2732 520 2756 12.
548 2722 605 2756 ἐὰν
621 2722 834 2768 ἐντείλωμαι]
855 2723 1056 2767 ἐντέλλομαι
1078 2724 1118 2758 Β.
1136 2723 1180 2758 cf.
1201 2722 1274 2767 (72.
1295 2722 1376 2766 Co.)
1513 2735 1566 2768 13.
1593 2726 1609 2757 ὁ
1628 2725 1686 2758 alt.

99 2779 170 2802 om.
190 2767 232 2802 B.
380 2777 433 2811 14.
458 2768 519 2812 ἤδη
538 2780 608 2804 om.
629 2768 672 2803 B.
818 2781 871 2812 15.
895 2769 1093 2815 παρελθὼν]
1118 2774 1154 2810 —l—
1177 2771 1195 2803 ὁ
1214 2769 1336 2814 Κύριος
1355 2769 1397 2803 Β.
1480 2772 1550 2807 τοῖς
1568 2770 1688 2815 ὄχλοις

1080 2826 1129 2842 7¹01!

99 2848 168 2881 ἐκεῖ
184 2848 324 2882 inverso
342 2847 464 2881 ordine
484 2847 526 2882 B.
673 2858 726 2893 17.
754 2850 806 2883 καὶ
825 2861 895 2883 orn.
918 2849 958 2883 B.
1033 2850 1087 2884 ἐπὶ
1105 2852 1144 2893 τῇ
1165 2849 1246 2894 (sic)
1267 2849 1309 2883 B.
1458 2861 1511 2894 19.
1538 2852 1615 2885 τότε
1634 2852 1687 2885 καὶ

99 2895 238 2928 inverso
256 2894 377 2928 ordine
399 2894 438 2928 B.
641 2906 695 2930 21.
723 2895 756 2929 ἓν
773 2895 840 2941 ἔτι]
861 2896 895 2930 ἐν
912 2897 959 2930 ἑνὶ
977 2898 1069 2943 τόπῳ
1091 2896 1130 2930 B.
1324 2907 1379 2941 23.
1406 2896 1442 2931 εὖ
1462 2897 1503 2931 Β.
1522 2898 1601 2932 εὐθὺ
1619 2897 1686 2932 Ed.

101 2968 156 3000 24.
182 2958 295 3003 χρῆμά
313 2972 344 2992 τι
363 2958 500 2991 inverso
518 2957 640 2992 ordine
660 2958 701 2993 B.
846 2968 901 3004 27.
928 2959 1056 3003 ἀληθὴς
1074 2958 1147 3005 ἐφ’]
1167 2950 1303 3003 ἀληθεὺῖξ
1319 2958 1379 3005 ἀφ’
1400 2959 1442 2994 Β.

1755 747 1861 779 Exod.

1754 803 1831 823 xxv.
1852 800 1902 828 20,

1757 844 1807 866 21.
