2084 3317
99 182 170 224 vii.
193 192 257 236 15.
350 182 424 223 IN
466 183 509 223 S.
542 182 879 223 JOANNEM.
942 182 1067 222 LIB.
1101 182 1179 222 IV.
1242 182 1375 222 CAP.
1400 183 1452 222 V.
1606 184 1686 223 601

97 290 270 353 πόνων,
295 293 371 342 καὶ
405 291 722 356 γυμνάσμασι
756 297 851 345 τοῖς
887 290 962 342 διὰ
996 290 1158 357 λόγων
1184 293 1435 358 ἐντρυφᾶν,
1463 290 1686 356 λαμπρόν
1706 301 1733 341 d

98 394 147 422 τε
186 374 295 423 λίαν
329 374 447 435 ἐστὶ,
480 377 555 423 καὶ
593 376 656 426 εἷς
695 376 842 440 νῆψιν
876 373 1061 436 ἕτοιμον
1096 371 1296 437 ἀγαθὴν,
1330 372 1491 437 λόγων
1525 371 1573 422 δὲ
1612 375 1688 422 καὶ

98 457 270 522 σοφῶν
310 453 585 519 εὑρημάτων
624 453 892 520 παράθεσιν
931 455 983 504 οὐ
1025 454 1217 521 μετρίαν
1255 453 1364 521 ε”χον
1405 454 1684 520 εὑρίσκεται.

99 534 509 599 καταπλήττονται
551 541 803 602 τοιγαροῦν
843 539 883 586 οἱ
923 536 1155 597 Ἰουδαῖοι,
1197 535 1517 602 προσέχοντες
1558 536 1688 586 οὔπω

56 615 184 681 5μέν
226 619 288 671 ὡς
333 620 443 686 Θεῷ
483 616 603 668 κατὰ
648 617 811 682 φύσιν,
854 618 919 668 ε”τι
962 616 1010 668 δὲ
1052 619 1113 671 ὡς
1160 617 1396 686 ἀνθρώπῳ
1441 620 1577 685 ψιλῷ
1622 620 1689 685 τῷ

100 702 286 765 Σωτῆρι
312 703 526 768 Χριστῷ,
553 701 628 749 καὶ
665 698 734 750 ὅτι
769 704 970 750 πλουτεῖ
1000 701 1074 749 καὶ
1111 701 1158 750 ἐν
1183 699 1337 767 σοφίᾳ
1372 696 1684 763 θαυμάζουσι,

97 779 184 844 τὴν
225 781 391 832 τούτου
435 779 668 849 πρόξενον
711 780 942 845 μάλιστα,
983 779 1070 844 τὴν
1110 782 1157 831 ἐν
1199 785 1294 835 τοῖς
1340 779 1689 845 ἀναγνώσμασι

98 864 381 926 γυμνασίαν,
408 863 491 913 οὐκ
527 861 660 930 ἔχων,
694 861 770 912 διὰ
807 861 861 913 τὸ
902 861 1161 915 ἀδιδάκτως
1199 860 1363 912 εἰδέναι
1401 862 1683 929 γράμματα.

98 944 265 994 οὐκοῦν
305 944 463 997 ἀνοίας
506 944 762 1006 Ἰουδαϊκῆς
814 945 890 994 καὶ
933 949 1072 993 τοῦτο
1117 942 1236 1005 μετὰ
1280 947 1375 992 τῶν
1421 943 1588 992 ἄλλων
1632 941 1727 992 τὸθ

30 1042 79 1069 10
98 1024 420 1090 κατηγόρημα·
464 1023 492 1089 ἢ
525 1025 619 1091 γὰρ
649 1024 710 1075 ἂν
735 1024 866 1075 οὐδὲν
891 1025 1046 1079 αὐτοῖς
1073 1024 1217 1075 ἐδόκει
1244 1023 1517 1092 παράδοξον
1541 1022 1596 1074 τὸ
1623 1022 1687 1087 μὴ

98 1107 282 1157 δεῖσθαι
316 1105 609 1172 γραμμάτων
635 1106 720 1171 τὴν
746 1106 968 1158 ἁπάντων
995 1111 1197 1174 τεχνῖτιν
1224 1105 1419 1174 σοφίαν,
1447 1105 1684 1167 τουτέστι,

97 1186 180 1238 τὸν
208 1191 461 1253 Μονογενῆ
489 1195 571 1239 τοῦ
597 1192 721 1239 Θεοῦ
743 1189 920 1254 Λόγον,
948 1187 998 1242 ὃς
1024 1186 1082 1252 ἧν
1106 1190 1154 1238 ἐν
1182 1188 1336 1241 αὐτοῖς
1364 1189 1412 1238 ἐν
1438 1186 1690 1253 ἀνθρώπου

98 1269 425 1321 διαλανθάνων
451 1270 677 1338 σχήματι.

171 1352 508 1418 Ἐπιτηρητεόν
547 1351 595 1404 δὲ
631 1352 780 1404 πάλιν
817 1354 961 1404 ἐκεῖνο
1001 1352 1261 1420 χρησίμως.
1325 1351 1566 1418 ζητοῦντες·
1603 1349 1690 1415 μὲν

1751 1430 1858 1470 Supra

30 1448 77 1487 15
99 1432 193 1499 γὰρ
241 1432 326 1485 τὸν
371 1435 563 1499 Ἰησοῦν
606 1437 654 1486 ἐν
698 1440 794 1488 τοῖς
845 1434 1061 1501 ἀνωτέρω
1113 1434 1311 1500 λέγουσι
1352 1441 1379 1463 “
1402 1437 1507 1484 Ποῦ
1559 1435 1690 1484 ἐστιν
1751 1481 1884 1505 ver.11.

98 1521 126 1544 ‘⁶
152 1517 321 1569 ἐκεῖνος
337 1517 380 1578 ;”
422 1518 483 1569 ὡς
521 1518 571 1568 ἐκ
611 1516 767 1580 μόνων
799 1517 968 1571 εἰδότες
1006 1515 1149 1567 αὐτὸν
1183 1520 1277 1566 τῶν
1309 1514 1578 1579 θαυμάτων·
1621 1516 1690 1569 τίς

98 1596 147 1647 δὲ
181 1597 455 1664 ἀκριβῶς,ἢ
491 1599 628 1661 τίνος,
655 1598 684 1663 ἢ
721 1598 865 1651 πόθεν
891 1600 1020 1650 οὔπω
1057 1602 1231 1667 σαφῶς
1265 1597 1584 1661 ἐπιστάμενοι·
1640 1598 1689 1647 ἐν

98 1678 147 1729 δὲ
172 1679 352 1734 τούτοις
379 1682 466 1748 οὐχ
501 1681 628 1736 ὅπως
663 1681 944 1747 ἠγνοηκότες
978 1704 1022 1731 τι
1056 1685 1150 1731 τῶν
1174 1681 1273 1731 κατ’
1302 1678 1458 1741 αὐτὸν,
1486 1679 1596 1728 ἀλλ’
1627 1681 1726 1733 &sa
1773 1692 1846 1726 411
1860 1691 1911 1726 A.

97 1758 254 1811 πάντα
277 1766 450 1831 σαφῶς
475 1763 792 1826 ἐπιστάμενοι,
821 1762 1060 1829 λέγουσιν,
1089 1761 1159 1813 ὅτι
1194 1764 1268 1812 καὶ
1303 1759 1388 1813 οἶδε
1422 1763 1690 1830 ’γράμματα

31 1864 79 1889 20
97 1841 159 1911 μὴ
197 1843 486 1912 μεμαθηκώς.
546 1846 713 1896 οὐκοῦν
754 1846 781 1908 ἡ
820 1846 888 1896 ἐπ’
930 1844 1072 1895 αὐτόν
1110 1867 1158 1895 τε
1198 1843 1389 1909 ζήτησις
1428 1842 1559 1909 παρὰ
1597 1847 1692 1893 τῶν

98 1925 334 1990 ἀγελαίων
384 1927 671 1993 ἀσημοτέρα,
724 1929 800 1977 καὶ
850 1925 982 1993 παρὰ
1031 1930 1126 1976 τῶν
1175 1927 1258 1976 οὐκ
1309 1925 1499 1976 εἰδότων
1549 1923 1692 1975 αὐτὸν

98 2007 315 2073 ἀκριβῶς,
355 2006 409 2059 τό
449 2016 476 2039 “
505 2013 610 2060 Ποῦ
649 2010 781 2059 ἐστιν
821 2008 1024 2062 ἐκεῖνος”
1061 2009 1346 2075 ἀνεφωνεῖτο
1384 2010 1686 2075 καταφρονη-

97 2093 252 2144 τικῶς·
307 2089 438 2156 παρὰ
479 2091 526 2142 δὲ
569 2095 664 2141 τῶν
703 2089 906 2152 εἰδότων,
946 2089 1000 2140 τὸ
1043 2090 1214 2156 ἕτερον.
1281 2088 1571 2155 ἀγριωτέραν
1611 2090 1693 2140 οῦν

98 2170 190 2237 ἄρα
229 2176 324 2223 τῶν
364 2175 413 2223 ἐν
451 2173 659 2239 ἀγνοίαις
700 2176 742 2223 οἱ
783 2170 848 2236 μὴ
890 2173 1169 2237 ἀγνοοῦντες
1209 2171 1498 2222 ἀποτίσουσι
1538 2172 1686 2235 δίκην·

31 2268 78 2307 25
97 2257 194 2306 τοῖς
232 2277 316 2315 μεν
348 2254 440 2320 γὰρ
479 2278 532 2305 το
570 2254 636 2319 μὴ
675 2254 836 2305 εἰδέναι
875 2253 1175 2320 παραίτησις,
1209 2258 1305 2306 τοῖς
1344 2253 1392 2303 δὲ
1431 2251 1484 2303 τὸ
1525 2252 1690 2303 εἰδέναι

98 2332 375 2401 κατάκριμα.
432 2335 507 2386 διὰ
533 2342 672 2387 τοῦτο
699 2338 773 2386 καὶ
802 2340 1008 2402 κρεῖττον
1035 2332 1150 2385 εἶναι
1177 2334 1370 2400 λεγεταί
1399 2357 1498 2384 τισι
1534 2332 1588 2384 τὸ
1623 2333 1688 2398 μὴ
1705 2347 1756 2388 b.
1752 2334 1814 2364 ²3
1829 2334 1900 2364 set·

1747 2388 1781 2408 11.
1803 2388 1853 2408 2.1

98 2418 349 2482 ἐπιγνῶναι
386 2416 472 2482 τὴν
497 2417 607 2469 ὁδὸν
632 2420 714 2481 τῆς
740 2419 979 2481 ἀληθειΗας
1025 2418 1074 2467 ἐν
1100 2438 1194 2482 γαρ
1228 2419 1294 2485 τῷ
1331 2414 1497 2465 ειδεναι
1523 2415 1690 2481 μείζων

98 2498 127 2562 ἦ
161 2498 374 2563 κόλασις,
403 2498 472 2551 ὅτι
499 2507 526 2528 ‘⁶
544 2498 792 2568 φιλήδονοι
830 2504 1021 2562 μᾶλλον
1052 2496 1081 2562 ὴ
1121 2495 1380 2566 φιλόθεοι.”
1433 2498 1457 2547 ὁ
1492 2495 1577 2560 μὲν
1609 2496 1690 2546 οῦν
1749 2491 1866 2572 {suff

98 2580 301 2645 Ἰησοῦς,
329 2580 448 2632 κατὰ
474 2580 559 2644 τὴν
585 2586 680 2632 τῶν
703 2580 941 2632 Ἰουδαίων
967 2578 1279 2646 ἐπαπόρησιν,
1299 2577 1399 2647 ᾔδει
1425 2578 1691 2649 ’γράμματα

147 2739 181 2769 4.
206 2728 387 2785 τοιγαροῦν
404 2724 452 2771 οἱ]
472 2741 507 2760 τε
525 2728 706 2772 τοιγαροῦν
725 2726 768 2760 Β.
1069 2724 1102 2760 6.
1129 2726 1270 2770 Χριστῷ
1289 2726 1514 2768 assumptum
1532 2734 1574 2756 ex
1594 2722 1636 2756 B.
1642 2722 1689 2756 D.

100 2774 133 2808 8.
161 2773 216 2807 διὰ
235 2773 277 2807 Β.
296 2772 314 2816 ἢ
333 2773 388 2807 διὰ
406 2772 473 2807 Ed.
622 2785 655 2819 9.
681 2774 720 2808 τὸ
737 2778 960 2818 assumptum
978 2784 1020 2806 ex
1039 2772 1082 2806 B.
1241 2782 1294 2805 ΙΙ.
1320 2785 1401 2815 τεχι
1402 2772 1467 2804 ἷτιν
1485 2770 1531 2804 D.
1552 2769 1686 2814 λΙὶἕΠθ.

99 2838 256 2881 τεχνῖτην
275 2835 317 2870 Β.
335 2850 491 2881 τεχνιτην
508 2835 603 2870 Aub.
796 2847 850 2878 1.4
876 2835 937 2879 μὲν
954 2847 1024 2869 om.
1046 2835 1086 2869 Β.
1293 2844 1348 2867 20.
1375 2831 1426 2866 ἐπ’
1445 2832 1548 2866 αὐτόν
1563 2830 1655 2876 τε]’
1638 2846 1681 2866 επ

99 2883 220 2918 ἀπόντι
238 2882 281 2917 Β.
403 2893 458 2916 21.
484 2882 528 2926 ἀγ
530 2880 652 2916 ελαίων
671 2882 712 2916 Β.
719 2883 764 2916 D.
784 2883 975 2916 Γαλιλαιων
994 2881 1060 2916 Ed.
1126 2879 1244 2925 αίτὸν]
1265 2883 1372 2914 αυτῶς
1392 2879 1433 2913 Β.
1556 2879 1611 2912 28.
1638 2877 1690 2912 ὅτι

102 2929 183 2964 Β.”
164 2944 220 2964 οτε
239 2928 306 2963 Ed.
370 2928 521 3009 μᾶΒλλον]
545 2933 582 2970 ἦ-
604 2929 708 2973 ἐσμεν
724 2929 792 2964 Ed.
809 2929 918 2963 invito
938 2928 980 2962 B.
1126 2938 1181 2972 2.9
1208 2927 1421 2971 ἐπαπόρησιν
1438 2928 1504 2960 τῶν
1519 2924 1691 2960 Ἰουδαίων

99 2977 240 3011 inverso
257 2974 429 3010 ordineB
435 3002 442 3010 .

157 3041 252 3072 VQL.
275 3043 305 3072 1.
892 3041 920 3080 4
942 3041 970 3068 H
