2084 3317
145 181 183 207 v.
201 167 268 218 46.
385 167 460 208 IN
502 168 544 208 S.
576 165 911 208 JOANNEM.
974 165 1099 206 LIB.
1133 165 1219 205 III.
1282 165 1415 206 CAP.
1438 165 1498 207 II.
1657 165 1741 205 389

147 279 393 342 γορεῖσθαι
426 282 648 340 πεσοῦσι,
676 276 763 328 κᾶν
790 277 818 340 ἡ·
843 281 926 327 τοῦ
961 274 1197 342 κρίνοντος
1231 273 1424 343 ἀργήσῃ
1450 273 1600 344 φωνὴ,
1627 296 1737 325 του·

149 359 281 409 τέστι
307 362 538 425 Χριστοῦ.

1763 472 1784 496 a
1817 463 1905 500 264
1919 463 1970 498 A.

230 509 275 553 Εἰ
314 512 391 569 scip
428 512 673 555 ἐπιστεύετε
709 509 901 564 Μωυσεῖ,
939 512 1185 555 ἐπιστεύετε
1223 511 1274 553 ἂν
1311 510 1417 560 ἐμοί·
1460 510 1558 568 Περὶ
1596 511 1673 567 Γὰρ
1765 515 1812 560 46

670 596 774 645 ἐμοῦ
812 593 976 637 ἐκεῖνος
1013 595 1212 654 ἒΓροιψεν.

107 719 128 758 5
221 703 346 755 ‘Yvrb
390 710 474 755 τοῦ
517 703 776 774 πανσόφου
817 703 1066 758 Μωυσέως
1111 702 1590 770 κατηγορηθήσεσθαι
1635 702 1744 757 τοὺς

150 788 399 841 Ἰουδαίους
435 786 591 849 εἰπὼν,
620 790 695 837 καὶ
720 786 807 851 τὴν
832 788 905 838 ἐπὶ
939 791 1040 840 ταῖς
1074 789 1137 840 εἰς
1173 785 1314 837 αὐτὸν
1340 787 1591 840 ἀπειθειάις
1623 786 1739 837 ὑπο-

150 873 300 931 μεῖναι
339 868 545 936 γραφὴν,
572 867 780 937 ἐπιφέρει
819 870 894 919 καὶ
931 873 1080 919 ταῦτα
1117 868 1365 935 χρησίμως
1403 868 1458 918 τὸ
1496 867 1561 931 μὴ
1592 866 1746 932 μάτην

151 951 305 1004 αὐτοῖς
343 951 610 1018 ἐπισκῆψαι
649 949 907 1012 διδάσκων,
944 949 974 1015 ἢ
1014 952 1090 1001 καὶ
1130 952 1192 1003 ὡς
1233 949 1399 1004 ἄλλως
1442 948 1530 1013 τὴν
1568 952 1642 1001 ἐπὶ
1680 949 1748 1019 τῷ

151 1035 471 1098 λοιδορεῖσθαι
511 1037 668 1100 φιλεῖν
708 1031 954 1100 ὑπόληψιν
988 1031 1372 1099 παραιτούμενος·
1412 1036 1612 1099 πρᾶγμα
1651 1030 1746 1098 γὰρ

84 1136 132 1162 10
154 1112 307 1180 λέγων
347 1115 401 1165 οὐ
442 1114 782 1183 διεψευσμένον
824 1115 1003 1181 ὁρᾶται·
1037 1112 1210 1165 ’Έστω
1251 1114 1421 1175 τοίνυν,
1462 1115 1600 1183 φησὶ,
1639 1112 1746 1168 τοὺς
1768 1126 1793 1167 b

153 1195 289 1259 ἐμοὺς
327 1196 398 1247 ὅτι
435 1196 795 1263 παρακρούεσθε
834 1195 1024 1262 λόγους,
1052 1194 1330 1263 καρτερήσω
1362 1197 1439 1247 καὶ
1471 1195 1748 1260 ἀπειθούμε-

154 1296 244 1332 νος·
284 1278 609 1347 καταδέξασθε
639 1278 855 1330 Μωυσέα
891 1278 974 1330 τὸν
1001 1281 1193 1330 ἑαυτῶν·
1239 1278 1344 1330 δότε
1378 1283 1446 1348 τῷ
1480 1279 1590 1345 παρ’
1619 1279 1749 1339 ὑμῶν

154 1360 489 1431 θαυμαζομένῳ
541 1359 627 1425 τὴν
671 1360 849 1424 πίστιν,
895 1362 972 1412 καὶ
1022 1361 1271 1426 γνώσεσθε
1322 1359 1523 1423 πάντως,
1569 1359 1623 1411 ὃν
1667 1361 1750 1411 οὐκ

155 1441 324 1496 εἰδότες
365 1442 618 1510 ἀτιμάζετε·
660 1441 955 1512 ἀναῤῥήξατε
995 1442 1103 1496 τοῦς
1149 1442 1325 1497 τύπους
1366 1443 1617 1496 ὠδίνοντας
1664 1441 1751 1506 τὴν

89 1546 135 1585 15
156 1524 397 1589 ἀλήθειαν.
454 1524 546 1591 ἐγὼ
572 1524 664 1592 γὰρ
691 1526 739 1576 ἐν
764 1529 860 1578 τοῖς
895 1525 1068 1576 ἐκείνου
1094 1529 1486 1593 σκιαγραφοῦμαι
1521 1526 1746 1586 βιβλίοις.

158 1607 324 1658 οὐκοῦν
350 1609 424 1658 καὶ
454 1607 593 1660 αὐτὸς
617 1608 746 1671 ὑμῶν
772 1605 1102 1673 κατηγορήσει,
1130 1609 1296 1675 φησὶν,
1325 1608 1349 1657 ὁ
1378 1609 1610 1670 Μωυσῆς,
1637 1606 1751 1658 ὅταν

158 1691 467 1743 ἀπειθοῦντας
493 1689 568 1757 ἴδῃ
595 1693 690 1742 τοῖς
715 1691 820 1755 περὶ
846 1691 958 1751 ἐμοῦ
984 1688 1380 1754 συγγράμμασιν.
1775 1708 1797 1735 0

223 1770 358 1823 ’Έδει
399 1771 485 1834 μὲν
523 1772 604 1822 οὖν
642 1770 758 1825 ’ίσως
803 1771 923 1835 ἡμᾶς
969 1774 1044 1821 καὶ
1091 1770 1174 1822 τὸν
1213 1772 1261 1822 ἐν
1295 1776 1392 1824 τοῖς
1435 1770 1754 1836 προκειμένοις

161 1853 585 1920 διερμηνεύσαντας
630 1859 752 1916 νοῦν,
789 1853 901 1904 ἱέναι
939 1853 1087 1905 πάλιν
1125 1855 1199 1905 ἐπὶ
1244 1852 1303 1904 τὰ
1344 1853 1531 1922 ἐφεξῆς,
1567 1852 1748 1919 ἐπιτρέ-

91 1962 139 1987 20
160 1940 348 2005 ψαντας
386 1940 480 1989 τοῖς
520 1934 666 1990 ὅντως
705 1935 1027 2004 φιλομαθέσιν
1061 1934 1300 2001 ἀναζητεῖν
1332 1934 1416 1989 τὰς
1451 1936 1527 1986 ἐπὶ
1554 1937 1754 2003 Χριστῷ

160 2017 237 2069 διὰ
272 2017 522 2072 Μωυσέως
565 2016 760 2072 εἰκόνας.
815 2017 978 2084 πλήρη
1016 2017 1102 2081 μὲν
1140 2016 1235 2084 γὰρ
1273 2021 1368 2068 τῶν
1407 2016 1660 2084 εἰρημένων
1696 2015 1756 2068 τὰ

160 2102 332 2153 ἐκείνου
377 2099 752 2167 συγγράμματα,
800 2102 876 2151 καὶ
926 2100 1078 2154 πολὺς
1123 2101 1148 2151 ὃ
1196 2098 1340 2165 λόγος
1386 2101 1410 2151 ὃ
1454 2098 1564 2166 παρ’
1613 2100 1752 2168 αὐτῷ·

162 2183 434 2250 δυσχερείας
469 2182 512 2234 δ’
542 2183 624 2233 οὖν
655 2181 780 2246 ὅμως
814 2185 896 2247 τῆς
930 2186 993 2236 εἷς
1027 2180 1081 2233 τὸ
1108 2183 1317 2233 συνιέναι
1349 2180 1540 2246 μεστὸς,
1568 2185 1756 2233 λεπτῶν

163 2265 212 2317 δὲ
246 2264 441 2333 σφόδρα
475 2266 550 2315 καὶ
587 2264 909 2330 κεκρυμμένων
936 2263 1250 2332 θεωρημάτων
1277 2263 1540 2319 ἀνάπλεως.
1597 2264 1672 2314 ἵνα
1708 2263 1756 2314 δὲ

94 2371 142 2410 25
163 2346 227 2412 μὴ
255 2349 463 2410 δοκῶμεν
489 2345 609 2416 ὄκνῳ
636 2344 721 2410 μὲν
747 2346 801 2398 τὸ
833 2352 1018 2414 κρατεῖν
1046 2346 1313 2416 ἐπιτρέψαι,
1342 2349 1514 2413 ἱδρῶτα
1550 2345 1599 2396 δὲ
1633 2347 1754 2396 οὕτω
1775 2358 1802 2399 (1

163 2429 245 2481 τὸν
272 2429 568 2498 ἀξιάγαστον
592 2430 674 2480 οὐκ
694 2428 902 2495 εὐλόγως
929 2429 1230 2492 ἀναδύεσθαι,
1252 2428 1561 2495 περιτιθέντες
1587 2429 1754 2482 ἁπλῶς

163 2516 259 2566 τοῖς
287 2515 596 2564 Μωυσαϊκοῖς
629 2509 980 2578 συγγράμμασι
1018 2511 1104 2575 τὴν
1134 2512 1423 2579 δυσχέρειαν,
1452 2507 1640 2564 ἑαυτοὺς
1678 2512 1754 2561 καὶ

164 2593 282 2660 πρὸς
327 2598 465 2644 τοῦτο
510 2591 793 2658 καθήσομεν,
841 2591 895 2645 τὸ
946 2594 1272 2661 γεγραμμένον
1317 2591 1486 2645 εἰδότες
1527 2598 1554 2620 “
1579 2591 1753 2658 Κύριος
1816 2603 1870 2678 ᾖ
1884 2603 1974 2634 lxvii.

1483 2708 1490 2722 ί

217 2743 246 2766 Ι.
272 2730 445 2776 τουτέστι]
470 2735 505 2772 -†-
528 2733 587 2766 τοῦ
607 2731 649 2767 Β.
792 2733 824 2767 8.
851 2733 895 2768 ὡς
913 2739 1136 2778 assumptum
1155 2744 1195 2766 ex
1216 2732 1256 2766 Β.
1397 2743 1429 2776 9.
1456 2731 1691 2775 λοιδορεῖσθαι
1711 2731 1753 2765 Β.

170 2790 223 2814 11.
251 2778 304 2812 καὶ
321 2790 392 2812 om.
408 2778 449 2812 B.
691 2789 743 2823 13.
768 2780 900 2816 πάντως
920 2780 960 2813 Β.
979 2781 1101 2815 πάντες
1115 2779 1181 2813 Ed.
1434 2789 1487 2820 14.
1514 2778 1688 2813 ὠδίνοντες
1706 2778 1754 2813 D.

171 2837 224 2868 15.
252 2825 531 2870 σκιαγραφοῦμαι
551 2824 592 2859 Β.
612 2825 928 2870 σκιαγραφουμενος
945 2826 1012 2860 Ed.
1161 2826 1212 2859 18.
1240 2824 1297 2859 οὖν
1311 2836 1380 2858 om.
1397 2824 1438 2858 B.
1585 2836 1636 2870 19.
1664 2824 1755 2869 διερ-

167 2871 392 2917 μηνεύσαντες
411 2872 455 2905 D.
523 2871 779 2917 επιγρυψαντας
797 2873 843 2907 D.
962 2884 1017 2907 21.
1043 2874 1112 2908 τοῖς
1130 2872 1313 2916 εἰρημένοις
1335 2871 1375 2906 Β.
1427 2871 1554 2906 Statim
1571 2872 1612 2905 τὰ
1630 2871 1756 2906 ἐκείνου

168 2931 239 2953 0111.
257 2919 297 2953 B.
396 2929 449 2952 22.
475 2918 552 2962 παρ’
571 2919 659 2965 αὐτῷ
679 2919 724 2954 D.
742 2920 819 2963 περὶ
837 2920 1079 2965 cu‘rrc‘vamg.
1099 2920 1271 2954 etv.l.1n
1291 2917 1357 2953 Ed.
1376 2930 1448 2963 mg.
1468 2917 1546 2963 παρ’
1564 2918 1673 2954 αὐτῶν
1688 2917 1755 2953 Ed.

170 2976 225 3012 25.
252 2966 289 3000 τὸ
308 2965 401 3000 Β.Ι).
419 2967 464 3011 τῷ
484 2965 551 3000 Ed.
