2084 3317
145 178 199 219 vi.
221 181 287 221 26.
354 182 430 223 IN
472 183 515 224 S.
549 185 887 228 JOANNEM.
950 188 1075 230 LIB.
1109 191 1196 233 III.
1259 194 1393 236 CAP.
1428 196 1505 237 IV.
1651 201 1731 239 435

141 291 238 341 τοῖς
273 290 421 340 ἐκεῖνα
455 293 801 358 διερωτήσασιν
827 298 1035 365 ἐπιφερει
1070 299 1153 350 τὸν
1182 299 1428 371 ’ἔλεγχον
1409 327 1433 355 ο
1462 305 1644 372 Σωτὴρ,
1672 309 1734 361 ὡς

141 375 380 422 λαλοῦσιν
415 374 715 438 ἀπαιδεύτως,
743 380 818 428 καὶ
857 380 1095 434 ἀσυνέτως
1134 384 1497 449 διεσκεμμενοις,
1535 389 1622 455 οὐχ
1663 389 1734 439 ὅτι

139 451 374 516 προσήκοι
400 453 548 520 ζητεῖν
573 455 633 507 τὰ
658 457 731 527 ἐφ’
759 458 827 513 οἱς
862 459 919 511 ἂν
942 462 1152 526 γε’νοιντο
1183 467 1326 517 καλοί
1359 490 1407 518 τε
1442 492 1516 519 και
1548 470 1732 535 ἀγαθοὶ,

139 531 250 582 ἀλλ’
290 535 364 584 ε’πι
405 540 566 607 μισθῶ
604 545 861 610 σωματικῶ
910 566 985 594 και
1029 545 1180 596 τούτω
1220 548 1542 600 εὐτελεστάτω
1581 574 1727 602 κατα-

94 622 116 660 5
139 618 382 666 κολουθεῖν
417 619 558 669 αὐτῶ.
613 620 663 670 τί
696 644 788 688 γαρ
827 622 885 673 ἂν
918 647 1100 689 γενοιτο
1139 633 1321 698 τροφῆς
1359 633 1442 694 τῆς
1479 601 1771 701 ἐφημέρου,ει
1801 647 1886 680 296
1902 647 1951 680 A·

136 695 212 744 καὶ
254 697 338 747 οὐκ
375 698 423 749 ἐν
463 707 729 764 πολυτελεῖ,
759 703 813 755 τὸ
853 703 1084 770 ἐ’λαττον,
1127 710 1446 774 επιτηδευτεον
1481 721 1732 781 τοιγαροῦν

135 773 222 838 τὴν
245 781 306 831 εἰς
332 781 550 846 Χριστὸν
577 786 651 834 καὶ
684 784 936 846 εὐλάβειαν
961 811 1036 839 και
1063 791 1324 856 ἀγάπησιν,
1352 795 1440 862 οὐχ
1465 796 1541 846 ἵνα
1566 820 1610 847 τι
1637 802 1733 849 τῶν

133 865 420 920 σωματικῶν
459 863 764 929 εὑρισκωμεν,
808 868 1038 920 ἀλλ’ἵνα
1080 870 1166 935 τὴν
1207 874 1262 923 δι’
1305 876 1448 926 αὐτοῦ
1489 900 1731 944 σωτηριαν

133 939 553 1007 ἀποκερδαίνωμεν,
595 948 671 996 καὶ
714 947 780 1012 μὴ
823 950 1036 1015 λεγωμεν
1078 976 1163 1015 μεν
1207 956 1365 1019 ἀγαθὰ
1409 956 1527 1024 πρὸς
1574 959 1729 1024 αὐτὸν,

64 1038 112 1064 10
133 1019 296 1088 ωσπερ
330 1025 412 1075 οὖν
444 1026 605 1077 ἐκεῖνοι
643 1028 696 1079 τό
731 1030 970 1094 Ῥαββι,’
947 1056 1170 1099 εμποριας
1209 1035 1258 1086 δε
1296 1037 1461 1094 ἄλλως
1500 1040 1728 1093 ὑπόθεσιν

131 1125 208 1153 και
263 1104 518 1170 ἀπλήστου
576 1132 835 1210 χρηματων
886 1119 1180 1181 συγκομιδῆς
1232 1118 1317 1183 τὴν
1366 1126 1726 1219 χρηστολογιάν

131 1185 392 1251 άρτύωμεν·
433 1189 580 1257 ἠγουν
606 1193 631 1242 6
658 1194 883 1249 τοιούτοις
913 1198 1170 1265 ἐπιχειρῶν,
1196 1201 1278 1251 οὐκ
1305 1202 1530 1268 ἀγνοήσει
1557 1205 1728 1258 λοιπὸν

131 1265 202 1317 ὅτι
227 1274 404 1367 πικρῶς
429 1273 675 1341 ἐλεγχοντι
700 1283 980 1342 προσβαλεῖ
1000 1284 1067 1330 τῶ
1089 1284 1305 1353 Χριστῶ,
1328 1286 1403 1335 καὶ
1423 1309 1509 1350 την
1532 1309 1728 1354 κεκρυμ-

129 1349 275 1414 μένην
300 1354 348 1402 ἐν
375 1354 499 1405 αὐτῶ
526 1378 691 1408 κακιαν
717 1360 1119 1414 ἀποκαλύπτοντι.

62 1451 107 1489 15
204 1433 466 1497 Θαυμασαι
492 1436 540 1488 δε
566 1438 716 1490 παλιν
742 1440 1006 1493 ἀκόλουθον
1027 1467 1102 1495 και
1129 1445 1215 1510 τὴν
1242 1448 1317 1498 ἐπὶ
1343 1449 1524 1505 τούτοις
1549 1454 1728 1504 οἰκονο-

128 1514 256 1576 μιάν.
312 1517 469 1582 ἐπειδὴ
504 1518 597 1586 γὰρ
632 1521 762 1592 νόσῳ
798 1526 1197 1589 κατειλημμενους
1229 1530 1389 1582 ἐθεᾶτο
1421 1537 1478 1600 τῇ
1510 1556 1727 1632 προειρη-

128 1617 259 1664 μενῃ,
311 1599 525 1667 καθαπερ
575 1626 645 1658 τις
695 1606 1034 1674 ἁριστοτεχνας
1094 1632 1169 1660 και
1220 1612 1496 1676 επιστήμων
1548 1616 1722 1682 ἰατρὸς,

125 1680 326 1730 διπλοῦν
365 1682 520 1736 αὐτοις
557 1685 783 1750 ἐπενόησε
823 1688 1090 1756 φαρμακον,
1130 1693 1160 1741 ἀ
1163 1692 1503 1764 ξιολογωτατω
1542 1699 1725 1768 σημείω

124 1759 207 1810 τὸν
251 1763 478 1831 ἐπωφελη
523 1769 838 1837 παραπλεξας
882 1768 1101 1839 ἐ’λεγχον.
1176 1773 1230 1824 τὸ
1275 1799 1361 1838 μεν
1400 1778 1481 1828 οὐν
1526 1785 1725 1843 σημεῖον

56 1866 106 1891 20
125 1841 386 1908 εὑρήσομεν
421 1849 469 1897 ἐν
504 1853 571 1897 τῶ
605 1850 769 1901 εὶδεναι
807 1874 866 1902 τα
904 1854 953 1903 ἐν
979 1856 1149 1918 αὐτοῖς,
1176 1857 1224 1907 ἐν
1261 1857 1309 1908 δε
1348 1863 1414 1909 τῶ
1454 1883 1619 1927 κυριως
1657 1863 1723 1927 μὴ

123 1924 180 1974 δι’
221 1925 465 1987 εῦσεβειαν
503 1899 652 1995 ζήτεῖν
693 1934 963 1998 ἐπειγεσθαι
1004 1936 1161 2002 λεγειν
1203 1939 1370 1994 αὐτους
1410 1941 1493 1993 τὸν
1534 1948 1762 2007 θαῦμα-ο

122 2006 338 2072 τουργὸν,
365 2010 619 2076 θεωρήσεις
650 2012 732 2064 τὸν
759 2013 975 2083 ἐ’λεγχον·
1017 2021 1196 2086 ὠφελεῖ
1226 2020 1274 2072 δὲ
1309 2024 1490 2077 διττῶς.
1546 2029 1613 2075 τῶ
1638 2026 1722 2088 μὲν

122 2086 216 2154 γὰρ
258 2090 603 2159 ἐξεπίστασθαι
646 2100 821 2164 σαφῶς
867 2097 927 2148 τὰ
979 2101 1028 2150 ἐν
1080 2102 1237 2156 αὐτοῖς
1288 2105 1596 2168 βουλεύματα
1647 2111 1722 2159 καὶ

122 2171 361 2237 γνωριζειν
386 2175 609 2240 ἀκριβῶς,
638 2177 894 2233 ἀσυνετους
933 2179 1071 2236 ὄντας
1111 2185 1450 2249 ἐπιδεικνύει,”’
1426 2212 1496 2238 οτι
1537 2187 1593 2253 δη
1630 2190 1719 2254 λη-

55 2271 104 2311 25
122 2274 290 2304 σονται
323 2253 406 2306 τὸν
433 2260 556 2307 θεῖον
582 2259 840 2326 ὀφθαλμὸν
871 2263 1120 2326 οἷομενους,
1149 2268 1517 2335 καταχώσαντες
1553 2295 1638 2335 μεν
1673 2274 1721 2322 ἐν

121 2335 286 2403 καρδια
311 2335 397 2400 τὴν
420 2361 663 2404 πονηριαν,
690 2342 1036 2407 ἐπιτηδεύοντες
1078 2346 1127 2397 δε
1159 2347 1214 2399 τὸ
1245 2351 1294 2400 ἐν
1320 2351 1514 2420 γλώττῃ
1546 2354 1714 2418 γλυκυ.

120 2421 259 2466 τοῦτο
298 2417 346 2468 δε
384 2417 442 2482 ἧν
480 2422 817 2479 ἀναπείθοντος
858 2425 947 2491 ἤδη
987 2430 1134 2480 νόσου
1179 2430 1265 2493 μὲν
1304 2436 1386 2496 τῆς
1425 2435 1499 2484 ἐπὶ
1539 2436 1719 2489 τούτοις

120 2499 402 2567 άποφοιτᾶν,
448 2503 677 2569 ἁμαρτίας
723 2505 773 2556 δὲ
818 2509 1106 2607 καταλήγειν
1149 2514 1203 2563 οὐ
1247 2519 1431 2580 μικρᾶς·
1489 2517 1718 2582 ὑβριστὴς

120 2578 214 2645 γὰρ
241 2580 386 2636 ὅντως
422 2587 497 2635 καὶ
532 2586 819 2652 παράνομος,
847 2590 872 2640 6
907 2591 1083 2687 ταύτην
1111 2594 1232 2661 ἔχων
1258 2597 1331 2646 ἐπὶ
1359 2600 1466 2647 Θεῶ
1501 2597 1587 2662 τὴν
1614 2598 1713 2649 δια-

1789 1060 1895 1100 Supra

1786 1114 1855 1135 ver.
1870 1112 1918 1144 25.

1747 1304 1772 1345 b

52 2680 101 2716 30
120 2665 292 2730 ληψιν·
333 2668 400 2714 τῶ
431 2664 480 2715 δε
512 2669 759 2733 χρησίμως
786 2672 1000 2740 ἐλεγχειν
1028 2675 1368 2740 ἡμαρτηκότας,
1396 2679 1714 2747 ἀνασειράζων
1733 2690 1761 2731 d

119 2742 298 2810 ΤρόπΟν
325 2768 428 2797 'rma
467 2770 550 2799 ΤΟυ
588 2773 732 2802 ΚαΚΟυ
770 2775 854 2803 7·ον
887 2777 1097 2806 ΕπΕΚΕιΠα
1129 2758 1318 2824 δρΟμΟν
1359 2783 1486 2826 ΕρπΕί
1511 2784 1596 2824 fleu
1622 2762 1715 2829 γὰρ

167 2851 199 2885 5.
219 2857 253 2876 τε
273 2855 336 2888 pro
353 2844 412 2887 τῆς
431 2844 473 2879 Β.
563 2846 595 2880 6.
613 2850 797 2884 πολυτελεῖ
815 2850 857 2885 Β.
874 2852 1079 2897 πολυτελείᾳ
1099 2854 1166 2888 Ed.
1252 2866 1283 2900 7.
1302 2870 1354 2889 και
1374 2857 1472 2901 prius
1489 2867 1713 2904 assumptum

119 2900 160 2923 ex
178 2889 220 2923 Β.
305 2900 358 2924 12.
375 2893 420 2934 μὴ
434 2891 607 2936 ἅρτὺωμεν
619 2894 754 2940 Migne.
839 2909 892 2943 13.
910 2901 1108 2942 προσβαλεῖ
1122 2900 1163 2934 Β.
1181 2903 1401 2944 προσβάλλει
1415 2903 1483 2938 Ed.
1569 2915 1621 2951 17.
1639 2907 1713 2951 ἀρι-

119 2935 306 2981 στοτέχνης
323 2938 473 2972 correxit
492 2938 615 2984 Migne
634 2942 694 2975 sed
715 2942 873 2978 dativum
891 2945 1117 2991 ἀριστοτέχνᾳ
1135 2947 1302 2981 exhibent
1320 2948 1456 2984 codices
1476 2962 1582 2996 supxa
1603 2953 1667 2987 186
1683 2965 1712 2989 e.

123 2993 176 3027 19.
195 2984 232 3017 τὸ
250 2995 313 3028 pro
331 2984 388 3018 τὸν
408 2984 449 3019 Β.
515 2987 739 3031 παραπλὴξας
757 2989 799 3024 Β.
946 3003 999 3026 22.
1027 2993 1157 3037 ὠφελεῖ
1175 2993 1227 3039 δέ]
1248 2995 1418 3040 ὁφίλημεν
1437 2996 1480 3032 B.

860 3060 982 3102 3142
