2084 3317
155 192 194 217 v.
215 191 281 233 30.
388 178 462 219 IN
505 178 547 218 S.
582 175 916 218 JOANNEM.
980 175 1105 215 LIB.
1140 175 1199 215 II.
1262 176 1395 216 CAP.
1429 175 1508 216 IX.
1661 176 1744 214 353

220 284 335 337 “Orc
374 286 422 337 δὲ
461 287 542 337 οὐκ
581 285 789 336 ἐλάττων
828 286 930 335 ἐστὶ
969 289 1052 334 τοῦ
1094 281 1285 350 Πατρὸς
1325 284 1349 333 ὁ
1388 282 1516 344 Υἱὸς,
1555 280 1583 346 ἢ
1624 281 1743 332 κατὰ
1805 284 1920 333 δυΡΜ.

1805 337 1842 356 CR.
1869 351 1874 357 .
1892 337 1934 358 Vl.

154 368 351 430 δύναμιν
389 366 418 432 ἢ
458 366 557 418 κατ’
594 368 827 434 ἐνέργειαν
865 366 950 431 τὴν
988 367 1068 417 ἐπί
1101 388 1242 427 τισιν,
1277 366 1388 416 ἀλλ’
1427 364 1584 428 ὅμοιος
1624 362 1743 413 κατὰ
1805 337 1938 453 {gn-1214

153 448 309 501 πάντα
360 451 435 500 καὶ
488 448 754 513 ἶσοσθενὴς,
800 451 874 500 καὶ
927 449 980 500 δι’
1029 447 1197 514 ἑτέρων
1241 447 1351 511 ἡμῖν
1402 445 1739 507 ἀποδέδεικται,
1823 425 1843 453 q

152 531 459 596 προκειμένου
496 534 640 599 ῥητοῦ
666 532 791 583 αΟὐ
830 531 1022 582 δύναται
1061 531 1086 580 ὁ
1124 529 1240 583 Υιος·
1279 533 1428 581 ποιεῖν
1463 529 1544 625 ἀφ’
1579 528 1743 577 ἑαυτοῦ
1805 521 1945 607 ³32²?ss-

111 619 182 659 5⁶⁶
208 611 406 675 οὐδεν,’
385 613 464 664 εὰν
498 613 562 678 μή
598 637 640 665 τι
679 614 838 680 βλεπῃ
873 612 955 664 τὸν
985 612 1178 678 Πατερα
1211 616 1450 673 ποιοῦντα,
1485 608 1516 660 ἃ
1553 608 1646 675 γὰρ
1685 607 1744 659 ἂν

153 701 182 724 “
206 696 375 750 ἐκεῖνος
413 700 541 764 ποιῇ,
573 701 721 746 ταῦτα
760 699 833 746 καὶ
871 697 895 746 ὁ
928 694 1044 748 Υἱὸς
1080 695 1248 757 ὁμοίως
1283 693 1446 745 ποιεῖ.”
1503 690 1659 755 ἐπειδὴ
1696 690 1744 741 δὲ

152 775 239 841 τὴν
264 779 312 828 ἐν
338 783 433 832 τοῖς·
469 778 607 831 θείοις
639 777 878 843 δόγμασιν
909 775 1313 845 ἀξιεραστοτάτην
1344 773 1577 839 σπουδὴν,
1606 773 1745 824 ὄκνου

153 858 331 914 παντὸς
356 861 704 928 ἀναφαίνεσθαι
731 859 986 925 κρείττονα,
1014 857 1192 909 δίκαιόν
1218 880 1267 908 τε
1304 860 1379 908 καὶ
1414 857 1596 924 πρέπον
1623 857 1738 907 ὑπο-
1764 866 1790 906 b

154 940 405 1006 λαμβάνω·
452 942 564 1009 φερε
604 938 660 1004 δὴ
699 940 848 991 πάλιν
884 945 980 994 τοῖς
1021 941 1069 991 ἐν
1104 938 1319 1007 θαλάττῃ
1360 940 1595 992 ναυτίλοις·
1635 960 1741 989 ποι-

87 1043 135 1068 10
153 1028 309 1076 οῦντες
344 1022 403 1074 τὰ
436 1022 769 1088 παραπλήσια,
802 1023 1016 1090 σχοινίου
1050 1021 1174 1076 τινὸς
1209 1021 1354 1086 δίκην,
1388 1019 1503 1071 ὅλον
1538 1023 1747 1072 εἰσαῦθις

152 1103 236 1156 τὸν
262 1109 346 1156 τοῦ
372 1105 635 1173 κεφαλαίου
667 1105 817 1170 λόγον
844 1103 1273 1171 ἀναμηρυσώμεθα.
1332 1102 1435 1153 ἔστι
1469 1101 1561 1168 γὰρ
1601 1102 1747 1155 οὕτως

154 1188 278 1249 ἰδεῖν,
323 1188 378 1238 οὐ
423 1190 504 1250 τῆς
549 1189 714 1239 ἑαυτοῦ
760 1188 951 1254 φύσεως
996 1191 1353 1253 κατηγοροῦντα
1397 1184 1480 1236 τὸν
1522 1183 1641 1236 Υὶὸν
1689 1184 1745 1234 δι’

154 1270 298 1320 αὐτοῦ
335 1275 418 1321 τοῦ
456 1270 612 1336 λέγειν
646 1267 711 1333 μὴ
748 1269 985 1320 δύνασθαί
1019 1292 1063 1320 τι
1101 1273 1249 1320 ποιεῖν
1284 1269 1365 1334 ἀφ’
1404 1268 1585 1330 ἑαυτοῦ,
1617 1264 1750 1316 ἀλλὰ

153 1356 347 1414 μᾶλλον
372 1351 458 1416 τὴν
484 1356 578 1403 τῶν
603 1353 842 1403 Ἰουδαίων
873 1350 1101 1402 ἀπόνοιαν
1134 1349 1464 1419 ἐξελέγχοντα,
1493 1351 1568 1400 καὶ
1604 1347 1748 1399 αὑτὸν

88 1450 134 1487 15
155 1432 204 1484 δὲ
241 1433 324 1485 τὸν
359 1432 435 1485 διὰ
473 1434 720 1488 Μωυσέως
760 1432 1070 1498 πατήσαντας
1111 1432 1255 1496 νόμον
1288 1431 1541 1499 διαῤῥήδην
1573 1432 1741 1482 ἐπιδει-
1766 1454 1788 1481 c

154 1514 368 1568 κνύοντα.
435 1515 490 1569 τὸ
528 1517 622 1582 γὰρ
661 1515 795 1570 εὐθὺς·
833 1514 1173 1581 ἐπεισάγεσθαι
1212 1519 1278 1584 τῷ
1316 1519 1386 1566 Οὐ
1426 1512 1618 1582 δύναμαι
1659 1511 1748 1579 ἐγῶ

154 1601 289 1649 ποιεῖν
314 1602 396 1650 ἀπ’
424 1599 613 1667 ἐμαυτοῦ
641 1595 764 1662 οὐδὲν,
792 1596 847 1649 τό
876 1595 1031 1652 Καθῶς
1059 1597 1206 1649 ἀκούω
1236 1600 1368 1664 κρίνω,
1397 1596 1633 1662 λοιδορίας
1663 1593 1749 1659 μὲν

155 1679 348 1745 ἁπάσης·
374 1684 456 1745 τῆς
482 1683 556 1732 ἐπὶ
583 1684 649 1750 τῷ
672 1680 736 1744 μή
763 1703 807 1731 τι
835 1679 1067 1730 δύνασθαι
1096 1681 1212 1745 δρᾶν
1238 1679 1295 1748 ἐξ
1319 1679 1485 1732 οἰκείας
1511 1676 1751 1740 δυνάμεως

154 1764 396 1829 ἐλευθεροῖ
415 1761 498 1814 τὸν
525 1762 658 1814 Υὶόν·
702 1760 1008 1831 φιλοπάτορα
1034 1761 1083 1812 δὲ
1108 1765 1300 1825 μᾶλλον
1327 1762 1402 1811 καὶ
1428 1758 1751 1823 συνεθελητὴν

86 1866 135 1890 20
154 1849 221 1914 τῷ
256 1845 539 1910 γεννήσαντι
576 1844 696 1895 κατὰ
730 1844 886 1895 πάντα
921 1847 1094 1913 σαφῶς
1133 1843 1397 1912 ἀποφαίνει.
1450 1847 1487 1893 εὶ
1517 1841 1611 1908 γὰρ
1645 1843 1746 1891 ὡσ-

154 1930 283 1994 περεὶ
310 1926 454 1994 τυχὸν
481 1925 719 1990 ἀτονήσας
747 1926 833 1990 τὴν
859 1928 908 1976 ἐκ
937 1924 1129 1991 Πατρὸς
1165 1925 1417 1991 ἐδανείζετο
1452 1925 1661 1988 δύναμιν,
1690 1925 1752 1978 ὡς

155 2010 239 2061 οὐκ
281 2009 579 2078 ἐξαρκοῦσαν
624 2008 744 2076 ε”χων
788 2008 871 2077 ἀφ’
915 2009 1098 2070 ἑαυτοῦ,
1140 2011 1242 2061 πῶς
1287 2008 1371 2058 οὐκ
1422 2007 1510 2058 ε’δει
1561 2010 1752 2068 μᾶλλον

156 2095 299 2143 εἰπεῖν
325 2092 402 2143 Οὐ
437 2090 637 2155 δύναμαι
672 2090 764 2157 ἐγὼ
799 2091 877 2142 ἀπ’
911 2091 1113 2153 ἐμαυτοῦ
1149 2094 1298 2141 ποιεῖν
1334 2089 1480 2152 οὐδεν,
1514 2087 1750 2152 λαμβανω

156 2173 206 2225 δὲ
238 2174 292 2226 τὸ
330 2175 564 2226 δύνασθαι
602 2174 733 2240 παρὰ
772 2178 856 2224 τοῦ
894 2171 1115 2239 Πατρός;
1160 2174 1257 2223 νυνὶ
1295 2171 1343 2223 δὲ
1376 2177 1517 2222 τοῦτο
1550 2194 1634 2233 μεν
1667 2193 1748 2221 ουκ
1765 2181 1792 2221 d

88 2270 136 2310 25
156 2255 314 2319 εἰπὼν,
340 2255 602 2322 ἐπενεγκὼν
637 2255 685 2306 δὲ
723 2260 915 2319 μᾶλλον
950 2258 1016 2324 τῷ
1055 2253 1120 2319 μή
1160 2277 1204 2305 τι
1243 2254 1476 2305 δύνασθαι
1516 2255 1632 2319 δρᾶν
1664 2251 1748 2321 ἀφ’

155 2339 335 2401 ἑαυτοῦ,
366 2336 421 2389 τό
460 2338 629 2404 κρίνειν
664 2338 810 2391 οὕτως
848 2335 1012 2403 ὥσπερ
1051 2336 1108 2387 ἂν
1144 2339 1218 2387 καὶ
1258 2337 1473 2398 ἀκοῦσαι,
1510 2337 1654 2398 δῆλος
1694 2333 1750 2384 ἂν

156 2419 223 2484 ε’ίη
259 2418 442 2483 λοιπὸν,
471 2421 553 2470 οὐκ
591 2418 661 2470 ἐπ’
691 2420 908 2488 ἀσθενείᾳ
945 2420 1003 2485 τῇ
1040 2420 1138 2469 κατ’
1167 2419 1402 2484 ἐνέργειαν
1431 2416 1515 2480 τὴν
1543 2416 1620 2466 ἐπί
1650 2437 1748 2465 τισι

155 2501 210 2552 τὸ
236 2500 300 2566 μὴ
327 2501 560 2553 δύνασθαι
585 2500 812 2562 τεθεικὼς,
839 2502 950 2551 ἀλλ’
980 2502 1054 2551 ἐπὶ
1088 2505 1154 2569 τῷ
1190 2500 1254 2564 μὴ
1291 2500 1562 2565 ἐνδέχεσθαι
1587 2520 1745 2564 παρα-

155 2584 334 2644 βαίνειν
368 2582 510 2635 αὐτὸν
546 2581 667 2634 κατά
704 2606 748 2634 τι
786 2588 902 2648 γοῦν
933 2581 987 2633 τὸ
1025 2581 1214 2647 θέλημα
1252 2587 1334 2632 τοῦ
1373 2578 1579 2646 Πατρός.
1641 2583 1749 2641 μιᾶς·

207 2754 239 2790 7.
265 2743 381 2790 ὄκνου]
400 2745 518 2780 ὀκνοῦν
535 2745 634 2780 ὄκνου
654 2745 697 2780 Β.
841 2757 873 2789 9.
900 2743 952 2790 εν]
980 2749 1014 2785 ’1-
1035 2746 1074 2788 τῇ
1096 2743 1164 2778 Ed.
1183 2744 1243 2777 inv
1245 2744 1293 2776 ito
1315 2742 1356 2777 B
1505 2751 1557 2774 12.
1585 2739 1626 2774 δι’
1646 2740 1749 2774 αὐτοῦ

157 2792 235 2838 τοῦ]
255 2793 310 2826 διὰ
326 2791 447 2826 τούτου
466 2792 508 2826 Β.
608 2803 660 2838 13.
687 2806 718 2826 τι
736 2803 806 2827 0111.
826 2791 868 2826 Β.
970 2801 1022 2836 15.
1047 2790 1247 2835 πατήσαντα
1268 2789 1309 2823 Β.
1410 2788 1536 2833 18.τῴ
1558 2787 1605 2821 D.
1622 2788 1660 2820 τὸ
1681 2787 1748 2821 Ed.

159 2854 191 2875 τι
211 2844 435 2883 assumptum
453 2849 493 2872 ex
513 2838 555 2872 Β.
812 2850 864 2883 19.
890 2839 1024 2881 μᾶλλον
1041 2843 1263 2881 assumptum
1283 2847 1323 2869 ex
1344 2834 1385 2868 B.
1475 2834 1686 2877 συνθελητὴν
1706 2833 1748 2867 Β.

161 2897 217 2921 20.
243 2885 393 2929 ὡσπερεὶ
410 2883 569 2929 τυχὸν]”
551 2899 599 2918 ετι
617 2886 734 2931 ὥσπερ
753 2886 865 2930 τυχὼν
883 2885 925 2919 Β.
1060 2895 1114 2918 22.
1141 2898 1228 2928 εχων
1245 2883 1417 2926 ι’ίρκουσαν
1436 2881 1477 2914 Β.
1611 2891 1666 2924 23.
1691 2879 1747 2914 ἀπ’

161 2933 306 2976 ἐμαυτου
322 2933 430 2967 ποιεῖν
449 2931 491 2965 Β.
510 2931 554 2965 cf.
574 2942 680 2976 Supra
700 2943 713 2965 I
725 2943 763 2965 12
777 2932 811 2966 b.
830 2934 938 2966 ποιεῖν
956 2930 1010 2965 ἀπ’
1030 2931 1174 2974 ἐμαυτοῦ
1192 2929 1259 2963 Ed.
1452 2938 1507 2972 25.
1534 2942 1565 2960 τι
1583 2926 1748 2962 δύνασθαι

161 2979 228 3013 hoc
245 2978 366 3012 ordine
387 2978 427 3012 Β.
493 2976 591 3023 δρᾶν]
617 2982 652 3018 -f-
673 2979 806 3021 μᾶλλον
826 2978 867 3013 Β.
1014 2978 1068 3011 28.
1095 2976 1249 3011 τεθεικὼς
1269 2974 1310 3008 Β.
1331 2974 1550 3009 συντεθεικὼς
1570 2973 1634 3008 Ed.

219 3045 310 3073 ῩΟΪ,1
335 3045 363 3073 I.
951 3045 970 3070 Ζ
993 3047 1013 3071 Ζ
