2073 3296
316 131 372 171 82
721 131 770 170 Β.
803 130 1081 171 CYRILLI
1119 130 1501 173 ALEXANDR.
1819 128 1844 168 i.
1862 140 1902 179 4.

317 237 531 309 ὁμοφυὴς
569 239 660 306 ἄρα
697 241 801 290 ἐστὶ
838 244 934 293 τοῖς
971 240 1310 304 πεποιημένοις,
1350 242 1426 292 καὶ
1464 239 1518 291 τὸ
1557 236 1671 290 εἶναι
1708 233 1905 303 γενητὸς

317 320 578 385 οὐδαμόθεν
599 320 924 390 διαφεύξεται,
966 325 1067 375 πῶς
1092 319 1241 385 οὖν,ω
1267 320 1429 387 πάσης
1454 322 1631 387 μωρίας
1657 317 1901 386 ἀνάπλεω,

280 402 506 472 θφωτίζει
541 402 625 467 μὲν
660 403 813 465 αὐτος,
839 402 899 453 τὰ
933 402 982 453 δε
1019 403 1265 454 ὑπἀὐτοῦ
1297 402 1576 473 φωτίζεται;
1626 400 1656 466 ἢ
1691 400 1784 466 γὰρ
1819 400 1907 466 οὐχ

318 484 476 551 ἕτερον
517 508 602 548 μεν
641 483 695 535 τὸ
742 483 945 552 φωτίζον
984 485 1129 548 ἐστὶν,
1168 483 1325 551 έτερον
1365 484 1413 536 δὲ
1457 507 1511 536 το
1556 481 1901 553 φωτιζόμενον,

319 566 429 616 ἀλλ’
457 564 560 616 ἔστι
594 567 742 629 δῆλον
773 565 850 616 καὶ
887 565 1034 616 παντί
1064 589 1129 635 τῳ
1169 566 1338 634 σαφές.
1395 570 1432 617 εἶ
1469 565 1562 632 γὰρ
1597 562 1768 616 ταύτὸν
1793 560 1906 613 εἶναι
1926 573 1949 612 5

318 647 518 712 δοίημεν,
558 647 677 698 ὅσον
714 651 776 700 εἰς
815 646 979 700 οὐσίας
1016 647 1257 712 ποιότητα,
1297 650 1373 698 καὶ
1413 646 1496 698 τὸν
1534 652 1616 698 τοῦ
1654 650 1755 698 πῶς
1792 642 1907 694 εἶναι

317 728 482 795 λόγον,
528 730 576 780 τί
623 728 678 780 τὸ
725 730 873 780 πλεόν
917 730 966 779 ἐν
1010 732 1077 798 τῷ
1126 728 1341 798 φωτίζειν
1387 729 1614 797 ἰσχύοντι,
1659 728 1708 779 τί
1755 725 1803 777 δὲ
1852 723 1908 776 τό

318 808 520 862 ἐ’λαττον
545 811 676 866 αὖθις
701 813 750 862 ἐν
775 814 842 880 τῷ
874 809 1032 879 φωτὸς
1064 811 1296 881 δεομένῳς
1337 810 1443 880 ἥξει
1477 809 1571 877 γὰρ
1608 810 1677 861 ἐπ’
1706 810 1904 875 ἀμφοῖν,

318 892 434 959 ὅπερ
470 892 528 944 ἀν
552 893 624 955 ἴοι,
653 895 728 943 καὶ
761 891 851 942 ἀνὰ
884 892 1024 958 μέρος
1057 893 1129 960 ἐφ’
1158 891 1375 962 ἑκατέρῳ,
1408 894 1484 943 καὶ
1520 895 1623 961 φῶς
1657 889 1742 954 μὲν
1773 889 1909 940 ε”σται

319 974 374 1025 τὸ
413 976 461 1026 ἐν
499 976 633 1044 χρεία
670 973 843 1044 φωτὸς,
881 973 935 1025 τὸ
978 973 1027 1025 δὲ
1072 978 1175 1043 φῶς
1216 972 1527 1043 ἀδιαφορήσει
1573 970 1905 1041 φωτιζόμενον.
1931 992 1981 1017 10

95 1073 152 1108 55
173 1072 224 1108 A.
281 1055 454 1107 ειάλλά
502 1057 666 1122 πολλή
717 1079 787 1110 τις
838 1058 886 1108 ἐν
930 1056 1110 1110 τούτοις
1162 1056 1189 1120 ἡ
1241 1060 1336 1107 τῶν
1387 1053 1702 1122 θεωρημάτων
1746 1053 1909 1119 ὁρᾶται

319 1137 572 1206 σύγχυσις,
601 1141 675 1190 καὶ
710 1141 961 1204 ἀναγκαῖος
996 1138 1107 1202 ἡμῖν
1138 1137 1386 1202 ἀποτέμνει
1420 1135 1565 1203 λόγος
1602 1140 1697 1187 τῶν
1731 1136 1905 1198 ὀνομα-

319 1219 534 1272 σθέντων
569 1221 801 1287 ἑκάτερον,
839 1222 886 1271 ἐν
917 1220 1010 1289 ἰδία
1044 1243 1094 1270 τε
1128 1219 1290 1284 τίθησι
1325 1219 1468 1288 φύσει
1503 1218 1557 1270 τὸ
1591 1223 1829 1285 χορηγοῦν
1861 1218 1911 1267 ἐν

318 1303 499 1356 τούτοις
549 1302 681 1370 παρὰ
731 1302 785 1353 τὸ
836 1302 1201 1369 χορηγούμενον.
1279 1302 1362 1353 οὐκ
1412 1301 1504 1368 ἄρα
1553 1298 1766 1369 ὁμοφυὴς
1815 1303 1911 1352 τοῖς

318 1385 643 1449 πεποιημένοις
670 1385 695 1435 ὁ
721 1383 851 1446 Υἱὸς,
877 1385 988 1434 ἀλλ’
1013 1385 1062 1434 ἐν
1087 1387 1146 1452 τῇ
1174 1390 1256 1435 τοῦ
1285 1382 1478 1450 Πατρὸς
1512 1383 1653 1450 οὐσίᾳ
1683 1382 1906 1444 κείσεται,
1934 1393 1981 1432 15

320 1471 423 1536 φῶς
449 1466 676 1531 ἀληθινὸν
701 1468 751 1518 ἐκ
778 1464 937 1534 φωτὸς
965 1464 1190 1533 ὑπάρχων
1216 1467 1457 1529 ἀληθινοῦ.

392 1547 624 1600 Χαλεπὸν
650 1547 699 1600 δὲ
734 1546 867 1599 οὐδὲν
898 1546 981 1599 τὸν
1010 1548 1086 1599 ἐπὶ
1121 1552 1217 1601 τοῖς
1251 1552 1558 1614 προλαβοῦσι
1591 1545 1906 1613 μεταρῥυθμί-

321 1629 486 1696 ζοντας
512 1629 675 1697 λόγον,
702 1629 755 1681 ὃν
781 1631 855 1681 ἐπὶ
881 1634 947 1699 τῷ
974 1628 1095 1680 κατὰ
1121 1629 1273 1697 φύσιν
1300 1627 1526 1696 ὑπάρχειν
1551 1627 1670 1695 ζωὴν
1694 1626 1777 1679 τὸν
1795 1625 1913 1679 Υὶὸν

275 1713 633 1777 ὒπεποιήμεθα,
673 1710 828 1778 ἕτερόν
861 1734 910 1762 τε
949 1710 1062 1762 ὄντα
1096 1711 1227 1777 παρὰ
1265 1710 1325 1762 τὰ
1362 1713 1410 1761 ἐν
1444 1709 1511 1764 οἷς
1545 1712 1676 1761 ἐστιν
1706 1708 1909 1760 ἐδεικνύ-

320 1817 446 1860 ομεν,
474 1818 549 1845 και
576 1793 661 1858 τὴν
686 1795 734 1844 ἐν
758 1797 876 1844 τωδε
902 1797 968 1844 τῶ
996 1794 1241 1862 κεφαλαίω
1268 1791 1685 1860 διευκρινήσασθαι
1711 1796 1908 1858 γνῶσιν·
1934 1810 1984 1835 20

318 1877 394 1928 ἐπὶ
433 1875 481 1927 δε
518 1882 601 1926 τοῦ
639 1874 703 1940 μὴ
742 1875 912 1941 ἑτέροις
956 1898 1038 1926 τον
1077 1876 1150 1926 ἐπὶ
1191 1875 1370 1928 τούτοις
1412 1879 1699 1943 καταλεῖψαι
1740 1871 1909 1936 πόνον,

318 1957 344 2023 ἢ
375 1982 450 2010 και
478 1958 599 2027 ὄκνῳ
626 1960 943 2024 κεκρατῆσθαι
971 1959 1135 2020 δοκεῖν,
1163 1956 1302 2011 αὐτος
1335 1956 1426 2023 ἐγὼ
1461 1954 1609 2007 πάλιν
1635 1979 1718 2006 τον
1744 1957 1792 2006 ἐν
1817 1960 1913 2009 τοῖς

318 2045 625 2107 προλαβοῦσι
665 2043 1021 2105 συλλογισμοῖς
1059 2043 1487 2107 μεταστοιχειῶσαι
1527 2038 1611 2089 τὸν
1649 2037 1811 2101 τύπον,
1850 2039 1912 2091 ὡς

319 2120 378 2173 ἀν
419 2120 513 2175 οἶός
557 2145 607 2172 τε
649 2118 700 2182 ὦ,
739 2119 1041 2187 πειράσομαι.
1107 2123 1168 2174 ὡς
1209 2120 1302 2187 γὰρ
1343 2123 1391 2171 ἐν
1430 2121 1614 2174 ἐκείνοις
1657 2117 1747 2185 ζωὴ
1792 2118 1912 2170 κατὰ

321 2203 471 2273 φύσιν
507 2202 745 2270 ὑπάρχων,
780 2203 934 2268 ἕτερος
965 2201 1029 2254 ὧν
1061 2202 1191 2269 παρὰ
1229 2201 1288 2254 τὰ
1327 2204 1375 2253 ἐν
1407 2201 1577 2269 οἷσπερ
1614 2201 1673 2266 ἧν
1702 2201 1905 2270 ἀναφαί-
1933 2218 1982 2256 25

321 2307 459 2348 νεται,
499 2285 621 2335 οὕτω
665 2285 752 2335 κάν
790 2284 941 2353 τούτῳ
986 2284 1032 2336 τὶ
1079 2285 1177 2353 φῶς
1222 2284 1301 2336 τῶν
1338 2283 1564 2353 ἀνθρώπων
1613 2281 1727 2334 εἶναι
1767 2281 1909 2349 λεγό-

283 2389 305 2416 ο
321 2366 459 2430 μενός
489 2389 540 2418 τε
575 2368 650 2418 καὶ
677 2366 775 2417 κατ’
805 2365 1032 2430 ἀλήθειαν
1058 2367 1135 2429 ὢν,
1163 2366 1317 2433 ἕτερος
1351 2365 1652 2432 εὑρεθήσεται
1688 2363 1819 2431 παρὰ
1852 2363 1911 2415 τὰ

321 2447 481 2517 φωτὸς
519 2449 715 2512 δεόμενα
754 2449 831 2498 καὶ
868 2447 1125 2516 μετέχοντα
1165 2448 1321 2499 αὐτοῦ·
1383 2446 1477 2499 ἀπὸ
1517 2446 1566 2498 δὲ
1604 2451 1699 2498 τῶν
1738 2446 1910 2516 ἐφεξῆς

320 2530 659 2598 ἀκριβέστερον
692 2529 928 2593 εἰσόμεθα.

370 2692 401 2716 2.
427 2681 452 2716 ὦ
472 2682 562 2716 D.E.
583 2681 649 2715 Ed.
669 2694 740 2726 mg.
759 2683 776 2715 ὁ
796 2681 862 2716 Ed.
1072 2694 1104 2726 9.
1132 2680 1192 2716 εἵοι
1214 2682 1254 2716 Β.
1468 2692 1523 2715 21.
1552 2680 1605 2715 ε’πὶ
1624 2679 1739 2726 prius]
1760 2680 1844 2725 ὑπὲρ
1864 2679 1906 2714 Β.

324 2737 379 2774 25.
405 2727 527 2773 οἷσπερ
546 2728 685 2763 Β.Ι),Ε.
704 2727 753 2764 οἷς
772 2728 837 2762 Ed.
