2084 3317
353 165 433 203 490
754 161 802 200 B.
835 156 1113 199 CYRILLI
1154 154 1536 197 ALEXANDR.
1707 152 1936 207 v1.38‚39.

350 269 746 338 ἐφησυχάζοντες,
793 267 848 319 τὸ
892 268 998 333 περὶ
1045 265 1130 330 τὴν
1175 264 1307 333 λέξιν
1351 263 1612 332 ἀδιάφορον
1656 262 1710 313 οὐ
1753 259 1942 312 πάντως

351 351 709 418 ἐβασανίζομεν.
763 347 919 412 ἐπειδὴ
949 348 997 399 δὲ
1023 346 1142 410 μετὰ
1171 348 1361 410 πολλῆς
1394 368 1520 399 τινος
1553 346 1637 408 τῆς
1668 341 1942 406 κακοηθείας

351 431 790 500 προκεκομισμένην
825 430 1020 495 ὁρῶμεν,
1051 428 1318 493 ἀναγκαίως
1356 424 1725 494 ἀντιταξώμεθα,
1759 427 1817 491 τῇ
1856 426 1940 474 δυ-

353 513 487 579 νάμει
537 519 621 564 τοῦ
671 512 838 577 Ἀγίου
891 510 1184 573 Πνεύματος,
1229 509 1305 558 καὶ
1357 508 1411 558 οὐ
1461 513 1557 561 τοῖς
1603 508 1789 558 ε’νοῦσιν
1833 505 1944 569 ἡμῖν

314 613 335 640 e
355 595 687 663 θαρσήσαντες
714 591 890 658 λόγοις.
944 590 1162 656 μάλιστα
1188 589 1272 653 μὲν
1299 588 1393 656 γὰρ
1428 590 1512 640 οὑκ
1547 588 1812 650 ἀπολύτως,
1838 585 1944 638 οὐδὲ

353 681 416 732 εἷς
441 681 607 729 πᾶσαν
631 677 799 729 ἁπλῶς
827 673 1068 736 ὑπόθεσιν,
1086 672 1197 723 ἀλλ’
1220 671 1323 722 οὐδὲ
1351 673 1425 723 ἐπὶ
1450 670 1628 725 παντὸς
1652 669 1944 736 πράγματος,

352 758 418 823 μὴ
454 757 609 822 πάντη
643 779 693 807 τε
730 757 805 807 καὶ
840 753 1030 808 πάντως
1065 758 1159 805 τῶν
1185 754 1363 804 οἰκείων
1391 752 1585 820 ε”χεσθαι
1612 750 1893 816 θελημάτων
1919 752 1945 802 ὃ

353 839 469 895 Υἱὸς
513 839 859 906 διισχυρίσατο,
900 834 1117 906 φυλάξαι
1162 834 1313 900 γεμὴν
1353 832 1408 886 τὸ
1451 840 1534 885 τοῦ
1581 832 1772 900 Πατρὸς
1816 832 1945 898 λέγει

355 921 475 974 κατὰ
499 919 780 988 πράγματος
812 917 1092 986 ὡρισμένου,
1119 916 1196 968 διὰ
1232 915 1315 970 τὰς
1351 914 1457 978 σὰς,
1485 913 1545 969 ὥς
1583 938 1636 981 γε
1671 938 1751 978 μοι
1782 915 1943 981 πρόσ-

355 1026 459 1055 εστι
486 1008 619 1065 νοεῖν,
641 1001 981 1069 εὑρεσιλογίας,
1000 999 1275 1066 προνοήσας
1300 1001 1384 1063 τῆς
1408 997 1635 1064 ἡμετερας
1659 997 1944 1066 ἀσφαλείας,

356 1088 418 1139 ὡς
452 1083 589 1140 Θεός.
648 1082 863 1147 ὑπομένει
902 1082 951 1133 δὲ
991 1081 1045 1133 τὸ
1085 1080 1371 1146 ἀβούλητον,
1398 1082 1473 1131 καὶ
1511 1084 1708 1131 ποιεῖται
1746 1076 1948 1142 θελητὸν

355 1168 410 1218 δι’
458 1167 595 1231 ἡμᾶς·
657 1165 808 1219 πάθος
861 1163 915 1214 δέ
961 1168 1083 1233 φημι
1127 1161 1181 1214 τὸ
1233 1163 1308 1213 ἐπὶ
1359 1163 1426 1231 τῷ
1474 1165 1682 1230 σταυρῷ,
1727 1159 1947 1224 δηλονότι

354 1247 630 1314 συναρέσαν
675 1248 796 1298 οὕτω
847 1248 923 1297 καὶ
972 1249 1039 1315 τῷ
1089 1243 1389 1310 γεννήσαντι,
1436 1242 1648 1309 καθάπερ
1698 1242 1808 1306 ἡμῖν
1857 1241 1947 1306 ἤδη

134 1347 283 1385 334Α.
314 1357 336 1382 a
354 1331 642 1397 προείρηται.
697 1330 773 1380 καὶ
808 1333 926 1394 γοῦν
953 1327 1141 1396 ε”ξεστιν
1168 1328 1283 1393 ὁρᾶν
1313 1329 1662 1392 παρατεθεῖσαν
1695 1323 1828 1378 εὐθὺς
1862 1323 1948 1387 τὴν

138 1906 245 1947 Supra

140 1958 212 1990 331·
225 1958 299 1989 332·

354 1411 610 1481 ἀπόδειξιν,
643 1413 718 1463 καὶ
757 1408 1100 1477 παρακειμένην
1136 1410 1344 1475 ἐναργῶς
1379 1406 1465 1471 τὴν
1501 1406 1743 1469 ὑπόθεσιν,
1769 1406 1843 1474 ἐφ’
1870 1404 1944 1470 ἣν,

356 1493 569 1561 καθάπερ
608 1493 748 1547 αὐτός
786 1497 926 1561 φησι,
960 1496 1055 1542 τῶν
1088 1489 1174 1554 μὲν
1210 1490 1388 1541 οἰκείων
1420 1488 1605 1552 ἀπέστη
1645 1487 1944 1553 θελημάτων,

356 1577 635 1643 ἀποπληροῖ
657 1574 705 1626 δὲ
732 1572 786 1626 τὸ
812 1579 896 1625 τοῦ
925 1571 1130 1639 Πατρός.
1171 1573 1291 1623 τοῦτο
1317 1570 1411 1638 γάρ
1437 1572 1528 1623 ἐστι
1556 1571 1681 1639 φησὶ
1706 1568 1753 1622 Tc)
1778 1568 1950 1638 θέλημα

356 1659 428 1709 τοῧ
455 1657 632 1729 Πατρὶς
654 1658 727 1709 ‘lm
759 1657 897 1708 πῖινῧ
934 1652 1099 1707 δέδωκέ
1131 1678 1207 1723 μοι
1243 1652 1304 1723 μὴ
1342 1652 1556 1704 ἀπολέσω
1592 1653 1638 1721 ἐξ
1673 1653 1803 1704 αὐτοῦ
1837 1655 1949 1703 ἀλλ’

357 1741 594 1800 ἀναστήσω
627 1741 731 1791 αὐτὸ
765 1739 816 1810 τῇ
848 1735 1021 1812 ἐσχάτῃ
1055 1735 1206 1807 ἡμέρᾳ.
1260 1736 1337 1786 καὶ
1377 1734 1447 1786 ὅτι
1486 1733 1571 1799 μὲν
1602 1734 1748 1788 ὅντως
1787 1734 1946 1786 ἀνεθέ-

359 1820 508 1885 λητόν
533 1844 582 1872 τε
609 1822 727 1884 ὁμοῦ
753 1821 829 1870 καὶ
856 1818 1058 1883 θελητὸν
1084 1822 1150 1887 τῷ
1180 1821 1450 1883 Μονογενεῖ
1471 1815 1524 1867 τὸ
1552 1817 1626 1868 ε’πὶ
1658 1819 1725 1884 τῷ
1758 1818 1952 1884 σταυρῷ

359 1901 511 1956 πάθος
562 1903 740 1968 ὁρᾶται,
784 1901 1057 1967 προείρηται
1101 1898 1188 1963 μὲν
1233 1898 1323 1963 ἤδη
1374 1903 1568 1966 σαφῶς,
1616 1896 1953 1965 διαληψόμεθα

362 1983 410 2035 δὲ
455 1985 532 2035 καὶ
576 1985 768 2037 ἐσαῦθις
812 1981 1171 2048 ἀκριβεστέραις
1215 1979 1432 2046 ἐρεύναις,
1471 1984 1566 2033 τοῖς
1611 1979 1953 2048 ἐντευξομένοις

361 2068 623 2119 ἀπλοῦντες
644 2064 730 2129 τὴν
756 2063 996 2129 ἀλήθειαν.
1047 2065 1302 2126 βαδιοῦμαι
1329 2061 1377 2112 δὲ
1402 2060 1631 2128 πρότερον
1657 2062 1732 2112 ἐπὶ
1758 2060 1954 2127 ζήτησιν

359 2151 443 2212 τῆς
469 2147 727 2214 λεγομένης
751 2145 862 2212 παρ’
887 2146 1016 2209 ὑμῶν
1036 2145 1291 2208 ὑποταγῆς,
1306 2142 1705 2210 προϋποκειμένου
1733 2143 1953 2207 δηλονότι

362 2231 438 2281 καὶ
476 2227 821 2281 ἀνενδοιάστως
860 2225 1245 2291 ὁμολογουμένου
1283 2224 1392 2292 παρ’
1426 2226 1569 2289 ὑμῶν,
1604 2224 1675 2276 ὅτι
1709 2224 1953 2293 συντρέχει

361 2314 445 2376 τῆς
483 2311 621 2378 ἁγίας
655 2309 861 2377 Τριάδος
900 2312 962 2362 εἰς
999 2308 1111 2372 μίαν
1142 2305 1327 2372 βουλήν
1360 2330 1409 2358 τε
1448 2308 1524 2358 καὶ
1564 2306 1758 2373 γνώμην
1791 2308 1860 2358 ἀεὶ
1895 2305 1954 2359 τὰ

363 2392 627 2458 θελήματα·
670 2391 948 2458 λεγέτωσαν
973 2390 1128 2441 τοίνυν
1153 2390 1265 2454 ἡμῖν
1292 2393 1334 2440 οἱ
1368 2391 1507 2440 δεινοὶ
1531 2391 1783 2458 σοφισταὶ,
1808 2388 1949 2442 πότε-

363 2475 447 2540 ρόν
473 2498 589 2526 ποτε
623 2476 672 2525 ἐν
699 2476 766 2543 τῷ
799 2475 883 2538 τῆς
919 2473 1161 2537 ὑποταγῆς
1195 2471 1394 2536 ὀνόματί
1424 2494 1475 2523 τε
1509 2473 1586 2522 καὶ
1620 2470 1866 2538 πράγματι
1900 2471 1954 2524 τὸ

416 2611 446 2633 1.
472 2599 531 2632 τὸν
548 2609 611 2643 pro
628 2598 667 2632 τὸ
688 2597 729 2631 Β.
896 2607 929 2641 3.
954 2595 1304 2641 προσκεκοσμημένην
1323 2595 1365 2629 Β.
1445 2594 1698 2638 ἆντιταξώμεθα
1716 2594 1759 2629 Β.
1777 2594 1954 2640 ἀντιταξό-

363 2645 450 2690 μεθα
468 2643 536 2679 Ed.
633 2656 666 2687 4.
693 2642 787 2689 ἡμῖν]
807 2643 842 2677 ἐν
859 2642 937 2687 ἡμῖν
957 2643 999 2677 Β.
1105 2652 1208 2687 5-23.
1238 2642 1335 2676 Haec
1354 2642 1436 2676 citat
1455 2641 1565 2676 Cone.
1580 2642 1627 2675 iii.
1648 2641 1773 2676 Const.
1791 2647 1831 2675 ut
1848 2653 1956 2686 supra

365 2692 432 2726 col.
452 2692 532 2736 833.
551 2690 606 2726 ed.
627 2691 752 2731 coleti,
770 2696 804 2724 et
823 2689 912 2724 Cod.
928 2689 1056 2724 Vienn.
1076 2700 1183 2734 supra
1200 2689 1257 2723 cit.
1276 2689 1337 2723 fol.
1354 2700 1431 2731 104.
1546 2696 1577 2733 7.
1607 2688 1705 2722 Haec
1721 2688 1828 2732 πάντη
1846 2703 1883 2722 τε
1900 2689 1954 2722 καὶ

365 2744 548 2782 assumpta
565 2749 607 2772 ex
627 2737 737 2771 Cone.
756 2749 863 2781 supra
880 2736 938 2771 eit.
1154 2747 1187 2780 9.
1213 2737 1386 2779 πρόσεστι
1405 2735 1515 2770 Cone.
1534 2735 1681 2779 πάρεστι
1699 2735 1791 2768 δοκεῖ
1809 2735 1850 2768 Β.
1868 2749 1955 2778 παρ-

364 2784 447 2829 έστη
468 2784 535 2819 Ed.
682 2795 736 2819 10.
762 2783 958 2829 ἀσφαλείας
977 2782 1086 2817 Cone.
1106 2782 1148 2816 B.
1167 2783 1286 2827 φιλίας
1306 2782 1371 2816 Ed.
1517 2791 1569 2825 15.
1596 2780 1635 2825 ἣν
1654 2781 1764 2816 Cone.
1783 2781 1826 2815 B.
1844 2779 1866 2824 ᾗ
1885 2781 1953 2816 Ed.

565 2840 604 2855 ων

368 2863 421 2899 16.
445 2863 529 2910 τῶν]
548 2865 586 2898 τὸ
615 2863 656 2898 Β.
721 2862 853 2906 ἀπέστη
873 2862 1072 2906 θελημάτων
1091 2861 1200 2896 Cone.
1222 2862 1287 2895 Ed.
1307 2861 1432 2896 ἅπέστι
1448 2861 1572 2896 λοιπὸν
1592 2859 1633 2895 Β.
1772 2870 1826 2903 19.
1852 2857 1952 2904 αὐτὸ]

368 2915 405 2948 -1-
427 2910 462 2944 ἐν
482 2911 522 2945 Β.
543 2910 782 2944 Conciliorum
802 2909 869 2949 ed„
889 2909 951 2943 sed
969 2909 1004 2943 ἐν
1021 2920 1093 2943 non
1110 2908 1215 2943 habet
1234 2908 1322 2943 Cod.
1338 2908 1468 2942 vienn.
1590 2918 1645 2941 22.
1672 2905 1824 2942 εἷσαυθις
1843 2905 1954 2940 Cone.

367 2968 421 2999 24.
449 2957 525 3000 ὑμῖν
544 2957 597 2997 Β.,
618 2956 678 2991 sed
698 2956 797 2991 hicne
815 2968 859 2990 an
879 2967 912 2991 v.
927 2959 1006 3001 sq.?

1969 1018 2016 1043 10

1973 1841 2022 1866 20
