2084 3317
92 612 186 644 Infra
203 623 234 644 x.

93 665 144 695 35.
164 656 213 694 36.

97 1355 166 1387 001.
180 1355 212 1385 ii.
226 1364 255 1396 9.

97 1432 205 1472 Supra

96 1475 116 1506 i.
136 1475 183 1506 16.

103 1996 196 2047 Ipfra

104 2051 169 2090 ΧΨ.
190 2048 228 2069 10
243 2049 249 2075 3

105 2094 160 2114 xm<
178 2093 234 2124 49.

106 2170 201 2201 Infra
216 2181 248 2211 p.

109 2223 168 2253 715
186 2224 269 2254 sqq-⁹

112 2258 148 2297 78
157 2266 182 2287 2.

310 181 395 221 250
712 185 762 226 Β.
795 184 1069 226 CYRILLI
1112 183 1490 225 ALEXANDR.
1753 179 1810 221 iii.
1830 190 1898 234 33.

312 289 382 340 ὅτι
407 290 491 346 τὰς
517 291 676 344 θεόθεν
702 295 765 348 ὡς
791 294 910 358 ἡμᾶς
937 292 1190 359 διεκόμιζον
1216 297 1257 344 οἱ
1287 295 1528 361 προφῆται
1562 288 1756 358 φωνάς;
1798 285 1898 339 εἶτα

275 387 296 413 0
313 372 362 423 τί
383 372 437 424 τὸ
464 374 700 442 ἐξαίρετον
726 377 774 426 ἐν
796 380 897 444 Υὶῷ
922 381 1061 427 τοῦτο
1087 374 1200 426 αὐτὸ
1225 380 1486 440 πληροῦντι
1511 372 1688 437 μόνους
1727 374 1828 424 πῶς
1853 369 1902 421 δὲ

313 454 470 506 ἐπάνω
506 456 698 507 πάντων
723 459 867 519 ἐστὶν,
895 460 931 507 εὶ
957 455 1224 525 προφήταις
1249 456 1314 507 ε”τι
1340 454 1660 517 συντάττεται,
1688 455 1762 504 καὶ
1789 455 1898 503 δου-

315 543 548 602 λοπρεπεῖ
566 538 908 605 περιβέβληται
941 538 1126 607 με’τρῳς
1169 542 1270 591 πῶς
1304 537 1352 588 δὲ
1387 540 1449 591 ὡς
1484 537 1678 590 ἐκείνους
1712 536 1761 586 ἐν
1787 532 1904 602 δόξῃ

314 624 610 670 πλεονεκτῶν
648 622 696 669 ἐν
735 621 1026 684 εὐαγγελίοις
1065 619 1217 687 φησίν
1256 626 1283 648 “
1305 621 1363 669 Εἰ
1401 619 1597 672 ἐκείνους
1635 616 1732 668 εἷπε
1772 613 1947 672 θεοὺς5

315 708 342 730 “
368 702 485 766 πρὸς
537 700 615 753 οὒς
667 702 691 751 ὀ
744 700 890 766 λόγος
941 706 1024 752 τοῦ
1069 704 1195 752 Θεοῦ
1242 700 1436 766 ἐγένετο,
1481 702 1557 750 καὶ
1608 700 1662 750 οὐ
1713 698 1905 748 δύναται

315 789 342 810 “
369 784 566 845 λυθῆναι
603 782 630 846 ἡ
668 782 845 852 γραφὴ,
873 781 926 833 ὃν
953 784 977 833 ὁ
1010 781 1179 849 Πατὴρ
1214 783 1385 847 ἡγίασε
1422 783 1498 832 καὶ
1535 781 1813 832 ἀπέστειλεν
1844 782 1906 832 εἷς

316 870 342 892 “
368 862 451 914 τὸν
484 864 667 927 κόσμον
701 866 826 928 ὑμεῖς
862 865 1024 930 λε’γετε
1059 864 1130 915 ὅτι
1167 868 1492 932 βλασφημεῖς,
1527 862 1598 914 ὅτι
1636 860 1767 913 εἶπον
1792 860 1908 914 Υἱός

316 951 343 974 “
370 949 459 1008 εἰμι
485 951 568 996 τοῦ
594 950 720 998 Θεοῦ
739 947 782 1009 ;''
823 946 988 998 ἑαυτὸν
1013 945 1107 1012 γὰρ
1135 947 1183 996 ἐν
1208 946 1389 1000 τούτοις
1422 944 1702 1011 ἀποδιορίζει
1735 945 1909 1011 σαφῶς

317 1029 399 1090 τῆς
437 1032 532 1078 τῶν
566 1033 829 1096 προφητῶν
863 1027 1053 1095 ἀγέλης,
1088 1030 1162 1079 καὶ
1203 1027 1334 1082 θεοὺς
1371 1027 1456 1092 μὲν
1492 1025 1658 1080 αὐτοὺς
1697 1047 1906 1076 κατωνο-
1933 1044 1983 1070 10

319 1107 501 1170 μασθαι
542 1113 679 1178 φησὶ,
720 1109 795 1161 διὰ
834 1110 888 1161 τὸ
926 1111 1147 1176 γενέσθαι
1184 1109 1304 1176 πρὸς
1342 1109 1509 1162 αὐτοὺς
1547 1107 1630 1160 τὸν
1663 1113 1746 1158 τοῦ
1785 1110 1911 1157 Θεοῦ

276 1193 302 1234 d
322 1189 495 1256 Λόγον,
522 1192 686 1242 ἑαυτὸν
712 1192 760 1243 δὲ
788 1191 905 1243 Υὶὸν
934 1194 1171 1258 ὁμολογεῖ.
1227 1196 1322 1245 τοῖς
1358 1191 1442 1255 μὲν
1473 1190 1567 1257 γὰρ
1602 1190 1751 1255 ἁγίοις
1785 1210 1907 1254 προ-

320 1272 491 1338 φήταις
516 1273 678 1339 μερικὴ
706 1274 781 1325 διὰ
807 1280 889 1325 τοῦ
921 1274 1197 1338 Πνεύματος
1224 1273 1470 1338 διενεμήθη
1498 1272 1645 1340 χάρις·
1686 1273 1734 1322 ἐν
1761 1270 1809 1321 δὲ
1845 1273 1912 1340 τῷ

321 1357 506 1420 Σωτῆρι
545 1359 746 1426 Χριστῷ
787 1361 883 1407 πᾶν
922 1355 975 1407 τὸ
1013 1355 1252 1422 πλήρωμα
1297 1358 1380 1419 τῆς
1423 1353 1642 1419 θεότητος
1687 1352 1912 1416 εὐδόκησε

319 1439 599 1500 κατοικῆσαι
625 1442 922 1501 σωματικῶς,
952 1439 1013 1493 ὡς
1040 1439 1064 1489 ὁ
1094 1436 1289 1492 Παῦλός
1317 1441 1456 1504 φησι·
1499 1436 1571 1487 διὸ
1601 1437 1676 1487 καὶ
1703 1437 1794 1486 “ε’κ
1830 1439 1913 1485 τοῦ
1937 1455 1983 1493 15

319 1524 347 1547 ‘⁶
373 1519 692 1583 πληρώματος
720 1520 862 1569 αὑτοῦ
888 1520 1060 1573 πάντες
1086 1519 1367 1583 ἐλάβομεν,”
1397 1520 1460 1572 ὡς
1484 1517 1704 1581 Ἰωάννης
1731 1518 1914 1584 διισχυ-

319 1599 504 1665 ρίσατο.
559 1605 659 1654 πῶς
687 1597 768 1652 οὖν
794 1603 841 1651 ἐν
869 1602 1106 1671 ἱσομέτρῳ
1134 1606 1230 1655 τοῖς
1262 1599 1595 1663 λαμβάνουσιν
1621 1600 1646 1650 ὃ
1682 1597 1859 1669 διδοὺς,
1883 1596 1912 1662 ἦ

320 1686 420 1736 πῶς
463 1684 510 1733 ἐν
548 1687 606 1751 τῇ
652 1689 733 1734 τοῦ
773 1687 1098 1738 διακονοῦντος
1137 1683 1501 1752 κατατετάξεται
1548 1682 1690 1751 μοίρᾳ
1732 1680 1788 1733 τὸ
1832 1683 1915 1745 τῆς

323 1763 541 1827 θεότητος
579 1764 851 1831 πλήρωμα,

402 1848 817 1913 Περιαθρείτωσαν
842 1848 997 1898 τοίνυν
1030 1849 1250 1908 ἐντεῦθεν,
1278 1852 1340 1901 εἷς
1375 1846 1497 1910 ὅσην
1529 1847 1683 1900 αὐτοῖς
1720 1847 1988 1903 ἀποκιν-ρο

327 1929 540 1980 δυνεύσει
567 1930 845 1997 δυσφημίαν
872 1930 896 1979 ὁ
924 1929 1082 1995 λόγος.
1136 1931 1208 1979 καὶ
1246 1930 1348 1980 τίνα
1375 1928 1459 1992 μὲν
1485 1927 1662 1994 τρόπον
1686 1927 1917 1994 προσήκει

329 2015 538 2064 νοεῖσθαι
579 2011 632 2062 τό
672 2020 700 2041 “
725 2011 834 2063 Ἀπ’
876 2012 1078 2074 ἐμαυτοῦ
1117 2012 1171 2062 οὐ
1211 2016 1361 2075 λαλῶ,
1402 2010 1512 2062 ἀλλ’
1553 2012 1578 2061 ὁ
1620 2011 1818 2079 πέμψας
1860 2033 1918 2073 με

331 2101 357 2122 “
385 2093 567 2159 Πατὴρ,
596 2092 734 2148 αὑτός
765 2117 842 2156 μοι
869 2092 1066 2157 ἐντολὴν
1094 2093 1262 2144 δέδωκε
1288 2095 1337 2144 τί
1359 2093 1471 2144 ε’ίπω
1499 2095 1574 2143 καὶ
1600 2094 1648 2143 τί
1669 2091 1915 2157 λαλήσω,”

330 2176 627 2242 πλατύτερον
679 2179 727 2227 ἐν
779 2179 876 2245 ἰδίῳ
937 2179 1082 2245 καιρῷ
1137 2178 1212 2227 καὶ
1272 2176 1403 2245 τόπῳ
1460 2175 1915 2240 διερμηνευθήσεται.

331 2262 499 2326 χρῆναι
536 2257 583 2309 δὲ
618 2256 745 2321 οἶμαι
781 2257 900 2324 πρὸς
936 2256 989 2308 τὸ
1030 2257 1183 2324 παρὸν
1211 2257 1436 2309 ὑπόθεσιν
1461 2257 1700 2318 εὐσεβείας
1734 2255 1792 2307 τὰ
1826 2260 1921 2306 τῶν
1942 2282 1991 2321 25

109 2359 189 2393 168
205 2358 256 2392 A.
292 2367 313 2390 a
331 2341 550 2392 ἐναντίων
575 2344 812 2391 ποιεῖσθαι
838 2338 1178 2405 προβλήματα,
1207 2342 1281 2390 καὶ
1317 2340 1373 2408 ἐξ
1400 2337 1464 2389 ὧν
1490 2340 1651 2390 ἐκεῖνοι
1676 2337 1917 2404 πρεσβεύ-

332 2445 454 2484 ουσι,
480 2427 576 2475 τοῖς
601 2424 683 2485 τῆς
709 2423 1002 2486 Ἐκκλησίας
1027 2422 1421 2486 ἐπαγωνίσασθαι
1448 2421 1700 2487 δόγμασιν.
1754 2421 1922 2472 οὐκοῦν

331 2504 524 2558 ἐντολὰς
563 2504 647 2567 μὲν
686 2504 927 2571 εἰληφέναι
972 2502 1103 2568 παρὰ
1147 2509 1231 2554 τοῦ
1272 2502 1477 2568 Πατρὸς,
1516 2505 1591 2553 καὶ
1633 2507 1799 2553 λαλεῖν
1837 2502 1919 2571 ἀφ’

331 2589 497 2638 ἑαυτοῦ
530 2585 689 2650 μηδὲν,
716 2584 1079 2652 διισχυρίζονται
1114 2584 1196 2636 τὸν
1220 2584 1352 2636 Υιόν·
1397 2584 1491 2635 ὅσα
1526 2576 1581 2635 δε(
1608 2584 1831 2649 ἤκουσεν,
1861 2587 1923 2638 ὡς

333 2666 471 2722 αὐτός
504 2691 596 2719 που
633 2669 771 2736 φησὶ,
798 2672 946 2717 ταῦτα
978 2668 1054 2716 καὶ
1086 2666 1194 2730 ἡμῖν
1221 2666 1489 2732 ἐπείγεσθαι
1515 2665 1687 2731 λέγειν.
1743 2670 1920 2729 καλῶς,
1944 2697 1996 2733 30

334 2750 475 2817 ἐχέτω
502 2752 576 2800 καὶ
604 2752 725 2817 τῇδε·
767 2746 1108 2813 συνθησόμεθα
1132 2748 1239 2815 γὰρ,
1261 2746 1391 2799 οὐδὲν
1416 2749 1698 2812 ἀδικοῦντος,
1725 2746 1845 2800 κατά
1870 2771 1924 2814 γε

387 2904 415 2927 Ι.
443 2892 502 2931 (bs-‘l
523 2893 569 2928 εἷς
589 2893 629 2927 Β.
776 2905 806 2929 2.
833 2896 932 2928 τοῦτο
953 2894 1003 2928 καὶ
1021 2894 1109 2939 αὐτῷ
1130 2893 1171 2928 Β.
1317 2903 1348 2939 7.
1375 2893 1393 2937 ἡ
1412 2905 1480 2928 om.
1502 2893 1543 2928 B.
1685 2904 1737 2929 12.
1763 2895 1926 2939 ὁμολογεῖ

339 2933 597 3019 Β.ἀ”Θεοΐέλέγει
618 2940 682 2975 Ed.
853 2952 906 2987 17.
932 2940 998 2987 ἴσῳ
1015 2940 1127 2987 μέτρῳ
1149 2941 1192 2975 D.
1353 2952 1407 2975 21.
1435 2940 1585 2976 νοεῖσθαι
1603 2940 1768 2985 προσήκει
1785 2941 1924 2975 inverso

335 2997 375 3018 οι·
403 2998 457 3019 me
512 3013 518 3020 .
