2084 3317
139 146 207 187 vii.
226 161 292 202 30.
404 150 480 191 IN
523 152 565 191 S.
597 152 933 194 JOANNEM.
996 156 1120 198 LIB.
1145 157 1198 198 V.
1260 159 1393 200 CAP.
1428 160 1461 201 I.
1640 162 1723 201 669

137 257 370 322 ἀμελλητὶ
416 261 734 321 κατανεύσειν,
780 266 854 315 καὶ
898 269 993 315 τῶν
1038 267 1188 317 ἐκεῖνα
1233 268 1537 336 φρονούντων
1579 292 1722 320 κατα-

135 339 447 406 ψηφίζεσθαι.

211 423 306 471 Καὶ
343 421 400 486 ἧν
425 422 510 486 μὲν
541 426 603 478 ὡς
639 425 783 477 ε”οικεν
814 431 910 480 τοῖς
946 428 1196 493 εἰρημένοις
1233 431 1480 496 ἀρκεῖσθαι
1514 433 1715 498 πρέπον,
1739 457 1760 483 c

133 502 244 551 ἀλλ’
297 504 371 554 ἵνα
421 504 486 569 μὴ
535 512 631 560 τοῖς
680 509 992 576 ἐνδεχομένως
1044 513 1119 561 καὶ
1171 519 1471 580 στοχασμοῖς
1523 514 1576 565 τὸ
1624 521 1721 566 πᾶν

90 594 112 633 5
132 584 388 653 ἐπιτρέψας
442 589 766 655 εὑρεσιλογίας
828 590 1076 660 πρόφασιν
1128 596 1406 663 καταλείψω
1456 600 1596 660 τισὶν,
1647 600 1720 648 ἐπὶ

130 667 427 731 πραγμάτων
466 669 695 738 ἐξήγησιν
732 673 1081 737 μεταβήσομαι,
1118 678 1192 726 καὶ
1232 678 1281 727 ἐκ
1320 681 1414 728 τῶν
1453 677 1720 744 γεγονότων

131 747 474 816 ἀναμφιλόγως
526 753 829 822 ἐπισφραγιῶ
880 754 963 806 τὸν
1008 757 1176 823 ἀρτίως
1228 759 1338 822 ἡμῖν
1389 761 1720 812 διιππευθέντα

130 829 292 896 λόγον.
350 835 516 884 οὐκοῦν
540 835 801 902 Ἀσσύριοί
822 861 936 888 ποτε
963 837 1123 909 κύκλῳ
1150 841 1440 909 περιέχοντες
1466 841 1552 907 τὴν
1579 844 1718 909 ἁγίαν

128 911 289 963 πόλιν·
333 918 455 983 φημὶ
495 915 551 980 δὴ
590 916 676 980 τὴν
716 919 856 983 ἁγίαν
886 920 1219 986 Ἰερουσαλήμ·
1264 930 1534 989 πολιορκεῖν
1573 928 1713 987 ἐβου-

61 1010 109 1036 10
128 992 339 1046 λεύοντο·
393 998 418 1047 ὁ
457 997 505 1048 δὲ
543 999 723 1049 τούτων
761 1000 1046 1067 στρατηγός·
1089 1003 1338 1072 Ῥαψάκης
1379 1004 1426 1055 δὲ
1465 1007 1597 1061 οὗτος
1636 1006 1710 1071 ἦν·
1734 1024 1761 1064 d

126 1076 239 1126 ποτε
289 1077 375 1140 μὲν
418 1081 680 1143 ἀπατηλοῖς
723 1088 1032 1149 προεπειρᾶτο
1079 1084 1242 1150 λόγοις
1286 1090 1715 1148 καταμαλθάσσειν

126 1160 221 1208 τῶν
246 1160 294 1210 ἐν
323 1162 440 1228 αὐτῇ
467 1162 686 1228 μαχίμων
716 1163 798 1214 τὸν
825 1171 946 1228 νοῦν,
975 1166 1088 1217 ποτε
1116 1167 1163 1218 δὲ
1190 1173 1290 1222 ταῖς
1325 1170 1540 1224 ἀπειλαῖς
1575 1177 1715 1222 τοῦτο

127 1246 272 1291 ποιεῖν
298 1243 567 1295 ἐσκέπτετο·
610 1248 686 1296 καὶ
713 1248 737 1297 ὁ
763 1245 847 1310 μὲν
873 1249 1099 1315 μακάριος
1124 1251 1333 1317 εΕζεκίας
1369 1252 1455 1317 τὴν
1480 1257 1715 1315 βασιλίδα

126 1320 231 1373 τότε
268 1325 499 1389 περιέπων
526 1326 676 1391 τιμὴν,
703 1330 756 1379 οὐ
782 1335 878 1384 τοῖς
905 1331 1033 1384 ἰδίοις
1058 1334 1307 1399 ἐπιθαρσεῖ
1334 1336 1710 1401 στρατεύμασιν,

60 1414 106 1451 15
126 1404 258 1455 ἀλλὰ
285 1410 393 1477 Θεῷ
419 1412 486 1477 τῷ
517 1408 709 1460 πάντων
736 1412 932 1463 ἀνετίθει
967 1418 1048 1477 τῆς
1086 1415 1211 1479 νίκης
1247 1415 1301 1466 τὸ
1337 1416 1490 1478 τέλος,
1519 1420 1594 1469 καὶ
1629 1419 1715 1482 τὴν

123 1488 233 1552 παρ’
275 1489 416 1540 αὐτοῦ
460 1488 609 1556 μόνην
651 1494 918 1559 ἐπικουρίαν
962 1495 1017 1546 δι’
1060 1497 1392 1563 ἐκτενεστάτης
1434 1499 1589 1550 ἐκάλει
1630 1504 1713 1563 τῆς

123 1573 409 1638 προσευχῆς,
437 1574 512 1622 καὶ
548 1573 788 1626 κατέκλινε
821 1576 875 1626 τὸ
912 1578 990 1631 οὖς
1025 1583 1090 1648 τῷ
1127 1581 1287 1649 δικαίῳ
1312 1585 1602 1650 παραχρῆμα
1627 1582 1714 1647 μὲν

125 1650 260 1713 Θεὸς,
288 1653 474 1717 γείτονα
513 1655 560 1705 δὲ
599 1661 699 1710 ταῖς
738 1658 894 1724 εὐχαῖς
933 1659 1018 1723 τὴν
1053 1660 1190 1728 χάριν
1215 1663 1365 1713 ἐτίθει.
1423 1671 1450 1693 “
1474 1665 1713 1733 Ἐξῆλθεν
1776 1684 1832 1715 Es.
1869 1728 1888 1735 ..

125 1738 152 1760 ‘⁶
177 1731 270 1800 γὰρ
306 1734 512 1801 ἄγγελος
541 1740 732 1803 Κυρίου,
760 1739 881 1791 καθὰ
916 1741 1193 1808 γέγραπται,
1221 1747 1294 1794 καὶ
1331 1747 1518 1796 ἀνεῖλεν
1544 1748 1593 1798 ἐκ
1628 1751 1710 1812 τῆς
1730 1763 1751 1789 θ
1773 1738 1900 1811 {cg-xva.

53 1819 151 1856 20“
175 1821 484 1881 παρεμβολῆς
535 1824 629 1870 τῶν
679 1822 978 1890 ἀλλοφύλων
1022 1825 1188 1875 ἑκατὸν
1233 1826 1525 1891 ὀγδοήκοντα
1574 1830 1711 1881 πέντε

122 1902 149 1924 “
174 1897 438 1963 χιλιάδας.”
494 1901 542 1951 τί
571 1902 666 1965 οὖν,
694 1901 730 1952 ὦ
764 1904 1003 1967 βέλτιστε,
1031 1906 1149 1972 πρὸς
1183 1914 1323 1960 τοῦτο
1357 1911 1503 1975 ε’ρεῖς;
1553 1913 1601 1962 ἐν
1627 1916 1712 1981 μιᾷ

121 1982 263 2042 νυκτὶ,
290 1983 365 2031 καὶ
392 1983 500 2032 καθ’
529 1982 655 2049 ὥραν
680 1984 766 2049 τὴν
792 1986 938 2050 αὐτὴν
965 1990 1039 2038 καὶ
1069 1989 1248 2055 καιρὸν,
1279 1993 1303 2042 ὁ
1334 1991 1417 2054 μὲν
1442 1991 1709 2060 Ἀσσύριος

119 2060 310 2112 ε”πιπτεν
335 2064 545 2128 ἀγγέλου
568 2069 685 2133 χειρὶ
713 2068 1060 2134 δαπανώμενος,
1087 2072 1331 2139 διεσώζετο
1363 2072 1411 2124 δὲ
1436 2079 1531 2125 τῶν
1557 2077 1704 2141 Ἱερο-

117 2148 394 2205 σολυμιτῶν
418 2146 445 2209 ἡ
472 2147 672 2211 πληθὺς,
700 2151 775 2199 καὶ
802 2154 844 2201 οἱ
871 2149 956 2213 μὲν
983 2151 1109 2216 ἦσαν
1135 2156 1182 2205 ἐν
1211 2160 1304 2208 τοῖς
1328 2156 1562 2224 ἐσχάτοις,
1590 2161 1632 2209 οἱ
1658 2158 1707 2209 δὲ

48 2235 97 2273 25
118 2223 166 2272 ἐν
204 2225 368 2292 τέρψει
407 2231 482 2278 καὶ
520 2233 662 2298 χαρᾷ.
730 2237 823 2282 ποῦ
862 2236 944 2296 τῆς
982 2233 1105 2300 ὥρας
1143 2237 1170 2299 ἡ
1211 2235 1438 2300 δύναμις,
1493 2243 1595 2293 πῶς
1634 2240 1704 2291 ἐπ’

117 2305 296 2372 ἀμφοῖν
327 2309 591 2371 ἀνωμάλως
627 2313 891 2380 ἐμερίζετο;
936 2320 1012 2366 καὶ
1051 2322 1146 2370 τοῖς
1185 2317 1270 2380 μὲν
1301 2317 1355 2369 τὸ
1390 2321 1582 2388 χαίρειν,
1609 2327 1706 2376 τοῖς

116 2386 164 2436 δέ
190 2386 244 2438 τὸ
271 2389 492 2452 θνήσκειν
518 2398 670 2447 κακῶς
693 2395 958 2463 εἷργάζετο;
1007 2399 1062 2448 οὐ
1087 2398 1181 2464 γὰρ
1208 2403 1353 2467 διφυᾶ
1379 2425 1428 2452 τε
1452 2405 1526 2453 καὶ
1553 2404 1705 2454 πολύ-
1723 2431 1744 2455 a
1775 2423 1860 2458 457
1874 2422 1927 2456 A.

112 2473 304 2538 μορφον
342 2473 705 2538 ἀποτολμήσαις
746 2476 804 2528 ἀν
842 2478 987 2542 αὐτὴν
1027 2480 1276 2544 ὀνομάσαι,
1318 2485 1393 2534 καὶ
1431 2488 1469 2535 εἰ
1508 2485 1704 2553 σφόδρα

113 2555 285 2617 ληρεῖς.
347 2555 372 2604 ὁ
410 2554 549 2609 αὐτὸς
588 2558 631 2607 δ’
672 2556 731 2608 ἀν
769 2559 878 2623 ἡμῖν
915 2562 1116 2629 ἰσχύσαι
1155 2562 1302 2629 λόγος
1341 2566 1422 2617 ἐπί
1454 2590 1504 2618 τε
1532 2573 1702 2620 Δαθᾶν

164 2695 194 2718 1.
221 2684 387 2729 ἀμελλητὶ
406 2688 538 2722 correxi
556 2695 636 2733 post
655 2689 789 2735 Migne.
807 2691 948 2735 ἀμελητὶ
967 2693 993 2726 Α
1003 2694 1060 2728 ub.
1253 2697 1285 2730 8.
1312 2698 1527 2743 περιέχοντες
1546 2699 1587 2733 Β.
1607 2715 1699 2744 περι-

113 2732 260 2776 σχόντες
279 2732 345 2767 Ed.
518 2735 570 2768 16.
597 2737 702 2779 μόνην
720 2737 761 2771 Β.
783 2739 901 2773 Holst.
919 2742 1022 2783 μόνον
1039 2741 1148 2781 Aub„
1168 2743 1228 2787 qui
1245 2747 1395 2778 testatur
1413 2757 1448 2778 se
1467 2758 1484 2779 e
1503 2746 1579 2780 Cat.
1601 2747 1701 2782 Harl.

114 2778 317 2813 correxisse.
480 2790 533 2825 17.
560 2783 731 2817 κατέκλινε
752 2784 792 2818 Β.
814 2785 876 2819 Ht.
895 2786 1081 2821 κατέκτεινε
1099 2788 1194 2822 Aub.
1352 2802 1407 2825 21·
1433 2792 1458 2825 ὦ
1476 2800 1700 2838 assumptum

114 2835 155 2857 ex
176 2823 218 2858 B.
395 2837 450 2871 23.
477 2827 616 2862 ἔπιπτεν
635 2829 675 2863 Β.
695 2830 876 2865 ἐπίπεπτεν
895 2833 974 2877 (Sic)
999 2833 1072 2873 Ht.,
1092 2834 1186 2868 unde
1204 2835 1386 2871 ἐπέπιπτεν
1402 2838 1496 2872 Aub.
1517 2839 1701 2874 ὑπέπιπτεν

114 2869 251 2915 hligne.
503 2874 557 2908 26.
583 2875 767 2918 ἀνωμάλως
787 2877 980 2923 [ἀνωμάλως
999 2879 1106 2925 Cod.]
1130 2881 1170 2915 B.
1188 2882 1356 2926 ἀνόμαλος
1375 2884 1438 2919 Ht.
1456 2885 1612 2928 ἀνόμοιος
1633 2887 1698 2922 Ed.

114 2926 170 2961 27.
196 2917 304 2961 διφυᾶ
324 2918 365 2953 Β.
385 2919 489 2964 διφυῆ
511 2921 574 2955 Ht.
595 2922 660 2956 Ed.
854 2926 909 2959 28.
935 2926 1179 2971 ἀποτολμήσας
1200 2928 1240 2963 Β.
1262 2930 1324 2964 Ht.
1376 2930 1586 2967 Emendavit
1603 2933 1698 2968 Aub.

113 2973 169 3007 29.
197 2963 341 3010 ἰσχύσαι
358 2967 555 3002 emendavit
576 2967 703 3014 Heyse.
721 2969 866 3015 ἰ’σχυσαι
886 2972 927 3006 Β.
946 2971 1074 3018 ’ἴσχυσε
1096 2974 1157 3008 Ht.
1177 2975 1243 3009 Ed.
