2084 3317
313 200 396 238 186
714 193 763 233 B.
797 186 1070 231 OYRILLI
1112 180 1491 225 ALEXANDR.
1697 175 1722 214 i.
1744 185 1811 228 32,
1831 184 1897 226 33.

270 313 296 354 d
316 310 433 357 Υἱοῦ
459 305 562 355 ἐστι
588 302 641 354 τὸ
670 305 864 362 Πνεῦμα
897 296 951 349 τὸ
978 296 1168 359 ’Ἀγιον
1210 292 1332 342 οὕτω
1368 290 1443 339 καὶ
1479 285 1747 350 ἀνέγνωμεν
1771 279 1903 345 παρὰ

93 396 182 426 Acta
198 393 255 425 SS·
379 393 398 401 ⁶
459 390 488 437 θ
520 387 530 403 ’
561 407 574 434 ι
736 402 752 432 (
776 385 826 431 αΑ
884 387 911 408 “
935 376 1086 428 Ἐλθό
1118 397 1165 425 τε
1269 371 1298 422 ἃ
1325 370 1331 373 ’
1403 393 1432 420 α
1463 368 1493 419 ὰ
1573 365 1584 380 “
1662 361 1902 415 Μυσάν”

93 438 242 478 [xp-xvi·
317 410 416 441 ταις
489 408 599 438 ειας
639 386 771 449 γραρ
808 404 845 434 ις
1091 399 1115 426 ν
1169 397 1191 427 ς
1235 396 1266 438 γ
1299 395 1328 437 ρ
1374 394 1400 421 κ
1433 393 1460 420 τ
1535 390 1621 431 την
1789 386 1801 413 ι
1863 401 1875 422 ,

97 488 124 521 7·
320 470 484 538 φησὶν,
511 474 537 497 “
558 463 793 531 ἐπείραζον
820 465 883 515 εἰς
913 459 999 523 τὴν
1027 456 1250 507 Βιθυνίαν
1276 455 1511 513 ἀπελθεῖν,
1539 450 1613 499 καὶ
1641 447 1723 498 οὐκ
1751 443 1908 495 ε’ίασεν

319 558 346 580 “
373 547 539 601 αὐτοὺς
563 546 617 598 τὸ
642 550 826 607 πνεῦμα
850 539 1058 605 Ἰησοῦ.”

394 634 454 682 Εἰ
488 629 543 679 δέ
571 651 637 697 τῳ
672 628 799 676 δοκεῖ
831 617 1208 691 φιλονεικότερον
1234 619 1331 668 τοῖς
1365 613 1469 678 περὶ
1506 608 1684 661 τούτων
1717 606 1906 657 ἐνίστα-
1932 620 1954 658 5

320 717 435 764 σθαι
474 708 650 775 λόγοις,
679 709 752 758 καὶ
792 700 1165 771 διισχυρίζεσθαι
1197 698 1361 757 πάλιν,
1389 694 1460 745 ὅτι
1495 690 1614 742 κατὰ
1650 686 1835 754 μέθεξιν
1865 687 1913 735 ἐν

322 798 388 863 τῷ
413 795 515 861 Υἱῲ
542 789 596 841 τὸ
624 786 820 850 Πνεῦμά
845 787 989 846 ἐστιν,
1015 781 1044 847 ἢ
1082 783 1156 832 καὶ
1191 777 1295 830 τότε
1332 776 1525 842 γε’γονεν
1551 774 1599 823 ἐν
1627 771 1767 837 αὐτῷ,
1795 765 1915 832 πρό-

323 897 458 941 τερον
502 873 584 924 οὐκ
636 868 913 935 ἐνυπάρχον,
957 864 1032 915 ὅτε
1076 867 1150 914 καὶ
1201 858 1484 921 ἐβαπτίσθη,
1530 851 1650 904 κατὰ
1701 851 1783 901 τὸν
1833 851 1917 911 τῆς

324 953 725 1022 ε’νανθρωπήσεως
763 948 948 1018 χρόνον,
987 943 1140 1012 ὁράτω
1178 941 1326 994 πάλιν
1364 938 1542 1003 ἡλίκοις
1580 957 1630 985 τε
1671 934 1746 984 καὶ
1785 930 1917 982 ὅσοις

286 1040 645 1103 θπεριπεσεῖται
689 1037 785 1086 τοῖς
827 1029 1121 1093 ἀτοπήμασι.
1189 1027 1380 1089 πρῶτον
1418 1018 1502 1082 μὲν
1540 1016 1648 1083 γὰρ,
1688 1015 1769 1064 οὐκ
1809 1014 1917 1076 ἐγη-
1941 1033 1989 1058 10

102 1125 265 1201 {iMffith-
327 1119 489 1185 γε’ρθαι
518 1119 671 1185 φησὶν
698 1115 723 1165 ὁ
750 1113 918 1178 Σωτὴρ
947 1117 975 1140 “
994 1111 1042 1160 ἐν
1069 1109 1308 1172 γεννητοῖς
1331 1104 1565 1168 γυναικῶν
1589 1094 1811 1147 Ἰωάννου
1837 1097 1920 1143 τοῦ

329 1210 355 1232 “
381 1198 682 1263 βαπτιστοῦ”
736 1195 818 1246 τὸν
869 1193 1071 1259 μείζονα·
1140 1189 1216 1239 καὶ
1266 1183 1446 1248 ἀληθὴς
1498 1183 1523 1231 ὁ
1575 1178 1736 1243 λόγος·
1806 1172 1917 1224 ἀλλ’

330 1284 510 1349 ὁρῶμεν
535 1280 617 1331 τὸν
651 1283 712 1332 εἷς
748 1276 983 1343 ἀκρότητα
1020 1270 1160 1340 δόξης
1197 1292 1246 1320 τε
1283 1268 1356 1317 καὶ
1392 1266 1556 1330 ἀρετῆς
1594 1256 1923 1320 ἀναβεβηκότα

329 1369 412 1428 τῆς
450 1365 498 1414 ἐν
534 1362 656 1426 ἡμῖν,
692 1358 995 1423 ἀσυγκρίτοις
1034 1354 1283 1419 ὑπεροχαῖς
1321 1350 1528 1409 τιμῶντα
1564 1339 1817 1407 Χριστόν,
1841 1337 1924 1386 οὐκ

106 1455 259 1539 ᾕῖΜῆΥΟ·
333 1448 423 1510 εἰμὶ
460 1444 567 1511 γὰρ,
602 1443 769 1511 φησὶν,
808 1437 977 1499 ἱκανὸς,
1012 1436 1089 1486 ἵνα
1128 1433 1287 1500 κύψας
1325 1429 1463 1480 λύσω
1502 1423 1585 1477 τὸν
1623 1422 1792 1485 ἱμάντα
1829 1422 1923 1470 τῶν
1948 1437 1994 1476 15

171 1524 177 1530 ι
334 1525 648 1591 ὑποδημάτων
683 1524 842 1574 αὑτοῦ.
905 1517 1004 1570 εἶτα
1041 1520 1143 1569 πῶς
1182 1514 1265 1565 οὐκ
1303 1511 1495 1570 ἄτοπον,
1528 1510 1719 1569 μᾶλλον
1750 1500 1797 1552 δὲ
1835 1499 1925 1564 ἤδη

110 1611 240 1694 ¹8113u0.
334 1612 410 1661 καὶ
449 1607 633 1670 ἀσεβὲς,
672 1603 895 1667 Ἰωάννην
934 1599 1018 1663 μὲν
1056 1605 1084 1627 ‘⁶
1104 1599 1153 1648 ἐκ
1192 1594 1372 1646 κοιλίας
1410 1590 1476 1641 ε”τι
1514 1584 1690 1652 μητρὸς
1737 1580 1924 1644 αὐτοῦ,”

111 1704 190 1737 125
208 1702 260 1736 A·
295 1711 317 1734 a
339 1691 613 1754 Πνεύματος
640 1686 1010 1748 ἀναπεπλῆσθαι
1036 1685 1120 1731 τοῦ
1145 1677 1313 1742 Ἀγίου
1337 1670 1592 1732 πιστεύειν,
1620 1666 1696 1718 διὰ
1719 1664 1774 1717 τὸ
1807 1665 1928 1715 οὕτω

335 1772 607 1840 γεγράφθαι
641 1770 746 1834 περὶ
783 1769 941 1817 αὑτοῦ·
985 1761 1068 1814 τὸν
1095 1761 1143 1811 δὲ
1177 1757 1359 1818 τούτου,
1383 1758 1574 1818 μᾶλλον
1603 1748 1652 1800 δὲ
1683 1746 1927 1807 ἁπάντων,

338 1852 596 1916 Δεσπότην
647 1852 724 1902 καὶ
777 1846 953 1913 Κύριον
1004 1843 1108 1895 τότε
1159 1844 1349 1907 πρῶτον
1401 1835 1583 1886 οἴεσθαι
1633 1829 1687 1881 τὸ
1735 1832 1932 1890 Πνεῦμα
1953 1847 2003 1874 20

339 1940 523 1996 λαβεῖν,
576 1933 652 1984 ὅτε
703 1932 779 1982 καὶ
831 1926 1124 1992 ἐβαπτίζετο,
1181 1922 1331 1972 καίτοι
1381 1921 1464 1968 τοῦ
1521 1914 1658 1979 ἁγίου
1711 1909 1937 1975 λέγοντος

116 2033 168 2065 lb·
188 2042 239 2073 35·
342 2016 562 2084 Γαβριὴλ
587 2013 706 2080 πρὸς
731 2011 816 2075 τὴν
843 2010 982 2076 ἁγίαν
1008 2004 1242 2072 παρθένον
1269 2010 1296 2032 “
1321 2004 1518 2060 Πνεῦμα
1535 1994 1709 2060 ”Αγιον
1736 1988 1932 2042 ἐπελεύ-

341 2107 369 2130 “
395 2121 531 2150 σεται
570 2099 643 2148 ἐπὶ
682 2093 754 2156 σὲ,
794 2094 870 2144 καὶ
908 2089 1100 2152 δύναμις
1138 2085 1383 2154 ’Υψίστου
1421 2076 1688 2131 ἐπισκιάσει
1727 2095 1825 2132 σοι,
1867 2069 1937 2122 διὸ

344 2189 371 2213 “
398 2183 473 2232 καὶ
518 2180 571 2231 τὸ
617 2177 910 2244 γεννώμενον
954 2171 1088 2237 ἅγιον
1133 2166 1424 2232 κληθήσεται
1463 2159 1579 2213 Υἱὸς
1624 2153 1796 2208 Θεοῦ.”
1863 2153 1939 2203 καὶ

347 2262 501 2331 ὁράτω
539 2284 618 2325 μοι
655 2257 802 2311 πάλιν
840 2257 866 2306 ὁ
907 2250 1192 2321 φιλομαθὴς,
1235 2248 1357 2311 ὅσην
1396 2245 1421 2295 ὁ
1469 2241 1615 2307 λόγος
1660 2237 1811 2289 ὠδίνει
1854 2232 1940 2298 τὴν
1960 2250 2010 2290 25

123 2363 242 2399 Ib-15-
348 2346 545 2397 ἔννοιαν.
617 2342 722 2406 περὶ
769 2337 853 2400 μὲν
890 2335 983 2402 γὰρ
1020 2330 1258 2388 Ἰωάννου,
1299 2328 1465 2396 φησὶν,
1504 2323 1575 2374 ὅτι
1613 2328 1640 2350 “
1665 2316 1942 2380 Πνεύματος

303 2435 377 2476 b“
402 2426 569 2492 Ἀγίου
613 2416 999 2486 πλησθήσεται·”
1060 2411 1199 2465 δοτὸν
1239 2410 1333 2476 γὰρ
1379 2406 1438 2472 ἦν
1478 2408 1526 2457 ἐν
1566 2404 1692 2471 αὐτῷ
1736 2401 1811 2451 καὶ
1858 2397 1942 2448 οὐκ

350 2509 571 2559 οὐσιῶδες
609 2504 663 2555 τὸ
694 2502 868 2567 ”Αγιον
903 2503 1114 2560 Πνεῦμα·
1169 2496 1275 2559 περὶ
1314 2489 1362 2541 δὲ
1401 2493 1484 2539 τοῦ
1524 2487 1758 2548 Σωτῆρος,
1792 2477 1944 2530 οὐκέτι

350 2589 405 2641 τό
433 2585 783 2652 Πλησθήσεται
809 2582 951 2647 λέγει·
991 2581 1149 2630 καλῶς
1178 2598 1232 2640 γε
1259 2572 1454 2641 σφόδρα
1481 2571 1613 2619 νοῶν·
1653 2564 1763 2615 ἀλλ’
1794 2562 1866 2612 ὅτι
1889 2558 1946 2610 τὸ

352 2671 642 2738 γεννώμενον
669 2666 817 2732 ἅγιον,
843 2662 946 2713 οὐδὲ
976 2659 1031 2711 τό
1061 2657 1246 2709 ’Έσται
1278 2647 1639 2720 προστεθεικὼς,
1666 2645 1724 2710 ἦν
1749 2643 1843 2710 γὰρ
1879 2642 1943 2692 ἀεὶ
1965 2660 2016 2696 30

354 2758 494 2804 τοῦτο
520 2748 637 2801 κατὰ
665 2746 814 2816 φύσιν
841 2746 901 2798 ὡς
930 2742 1066 2795 Θεός.

407 2913 436 2935 1.
455 2901 492 2934 τὸ
511 2897 608 2942 prius
627 2909 696 2932 om.
720 2896 762 2930 B.
780 2893 885 2928 habet
903 2891 1052 2924 Veccus.
1139 2899 1172 2929 4.
1191 2886 1229 2919 τὸ
1247 2896 1317 2918 om.
1338 2883 1474 2925 Migne.
1557 2877 1590 2911 6.
1609 2847 1881 2920 διισχυρίζεσθαι
1904 2869 1946 2905 Β.

359 2959 389 2993 7.
416 2946 468 2991 ἐν]
488 2945 537 2980 ἰἐν
558 2944 598 2978 Β.
710 2955 764 2985 14.
790 2940 1041 2984 ὑπερτιμῶντας
1063 2935 1102 2969 Β.
1207 2943 1262 2974 24.
1288 2925 1511 2976 γεννώμενον]
1532 2925 1567 2959 ἐκ
1586 2925 1650 2957 σοῦ
1667 2934 1684 2955 e
1702 2919 1853 2955 traduct.
1872 2917 1948 2950 Lat.

357 2994 452 3029 addit
473 2992 606 3035 Migne.
704 2990 758 3023 26.
785 2984 930 3030 ἔννοιαν]
951 2983 1148 3027 ἀσφάλειαν
1168 2979 1208 3014 Β.
1305 2987 1361 3022 30.
1387 2977 1488 3009 τοῦτο
1506 2972 1556 3006 ἀεὶ
1575 2971 1713 3004 inverso
1731 2965 1852 3000 ordine
1874 2963 1915 2998 B.
