2084 3317
364 152 448 191 660
767 152 818 192 Β.
852 151 1126 192 CYRILLI
1167 151 1549 192 ALEXANDR.
1705 152 1777 193 vii.
1798 151 1865 202 28,
1885 163 1951 206 29.

364 281 467 309 τινα
494 261 568 310 καὶ
597 259 749 328 ξένην,
777 259 805 324 ἢ
833 262 910 310 καὶ
937 261 1063 327 αὐτῷ
1090 259 1370 325 πρέπουσαν
1395 259 1526 328 μόνῳ
1553 259 1638 322 τὴν
1665 260 1738 310 ἐπὶ
1775 257 1954 311 τούτοις

364 339 546 404 εἴδησιν
580 341 716 409 ἔχων.
772 342 826 392 οὐ
865 339 959 406 γὰρ
998 338 1162 406 ὥσπερ
1200 340 1330 404 ἡμεῖς
1368 340 1680 407 γινώσκομεν,
1715 339 1834 390 κατὰ
1872 339 1956 390 τὸν

366 420 507 473 αὐτὸν
541 420 669 486 οἶμαι
707 420 886 489 τρόπον
920 420 1041 471 οἶδεν
1077 423 1102 472 ὀ
1141 420 1257 475 Υἱὸς
1294 420 1377 472 τὸν
1410 421 1620 488 Πατέρα.
1688 421 1825 488 μέχρι
1862 420 1957 486 γὰρ

366 504 542 557 ἐννοίας
584 502 730 568 μόνης
781 504 856 554 ἐπὶ
906 503 992 566 τὴν
1036 504 1259 553 θεοπτίαν
1303 502 1331 566 ἡ
1381 506 1476 553 τῶν
1521 507 1731 567 γενητῶν
1775 502 1957 570 ἔρχεται

367 585 529 653 φύσις,
559 587 636 636 καὶ
665 583 774 639 τοὺς
813 585 931 651 αὐτῇ
969 583 1238 650 πρέποντας
1276 583 1411 650 ὅρους
1450 585 1539 651 οὐχ
1578 584 1952 651 ὑπερτρέχουσα,
1978 603 2000 641 5

365 665 419 719 τὸ
454 669 502 718 ἐν
533 665 750 734 ἀρῥήτοις
785 664 1076 732 κρύπτεσθαι
1111 664 1275 731 λόγοις
1310 667 1385 716 καὶ
1423 667 1510 733 οὐχ
1548 667 1724 717 ἑκοῦσα
1761 669 1820 733 τῇ
1857 664 1958 734 θεία

367 748 512 817 φύσει
536 753 822 817 παραχωρεῖ.
863 749 888 799 ὃ
912 747 961 798 δὲ
987 749 1036 798 ἐκ
1063 751 1188 799 Θεοῦ
1217 746 1407 814 Πατρός
1432 746 1654 813 πεφηνὼς
1681 745 1958 812 Μονογενὴς

369 829 484 881 ὅλον
509 832 558 881 ἐν
585 831 734 900 ἑαυτῷ
772 834 938 896 θεωρεῖ
967 828 1050 880 τὸν
1079 828 1391 894 γεννήσαντα,
1418 831 1493 880 καὶ
1523 828 1610 893 τὴν
1635 835 1718 880 τοῦ
1743 827 1958 882 τεκόντος

329 934 351 960 e
369 913 537 964 οὐσίαν
562 914 610 964 ἐν
639 915 698 980 τῇ
732 912 875 980 οἰκείᾳ
911 910 1054 979 φύσει
1089 912 1354 979 ζωγραφῶν
1381 908 1502 962 οἶδεν
1526 912 1673 964 οὕτως
1709 910 1866 973 αὐτὸν,
1894 912 1958 965 ὡς

369 995 454 1046 οὐκ
479 995 611 1046 ἔστιν
637 998 797 1046 εἰπεῖν·
843 994 1157 1062 ἀνέκφραστα
1182 992 1277 1060 γὰρ
1303 992 1363 1045 τὰ
1387 995 1494 1060 περὶ
1521 997 1662 1045 Θεοῦ.
1983 1020 2032 1046 ιο

417 1153 451 1184 4.
476 1144 623 1186 γενητῶν
640 1140 785 1175 correxi.
802 1143 970 1185 γεννητῶν
988 1139 1055 1174 Ed.
1220 1139 1252 1173 6.
1278 1140 1317 1174 τὸ
1336 1139 1372 1174 ἐν
1389 1139 1493 1174 edidi.
1512 1140 1570 1173 τὸν
1589 1139 1623 1173 ἐν
1641 1139 1684 1173 Β.
1704 1139 1740 1172 ἐν
1758 1137 1877 1172 Holst.
1895 1138 1960 1172 Ed.

372 1196 402 1233 7.
429 1189 589 1232 πεφηνὼς
607 1187 683 1222 B-a.
700 1188 861 1233 πεφυκὼς
878 1186 1077 1221 emendavit
1096 1186 1160 1220 Ht.
1454 1186 1488 1221 8.
1513 1186 1548 1220 ἐν
1565 1187 1672 1233 ἑαυτῷ
1690 1197 1720 1221 a.
1740 1185 1844 1231 ἑαυτῷ
1865 1184 1907 1219 Β.
1927 1185 1962 1219 ἐν

370 1235 459 1281 αὑτῷ
479 1235 543 1270 Ht.
562 1234 630 1269 Ed.
