2084 3317
120 2169 132 2191 1
149 2160 223 2191 Cor.

116 2215 181 2235 x1v.
203 2214 253 2244 29,

120 2255 169 2286 27.

920 720 1239 769 ΚΕΦΑΛΗ
1304 724 1362 771 Δε

338 905 432 944 ’Ότι
465 905 584 948 τύπος
616 905 663 956 ἣν
699 909 767 947 τοῦ
802 909 977 960 Χριστοῦ
1015 909 1288 962 προηγουμένη
1320 912 1388 950 τοῦ
1423 912 1526 950 λαοῦ
1563 911 1658 950 κατὰ
1690 909 1760 960 τὴν
1792 908 1937 960 ἔρημον

459 985 481 1036 ἡ
513 987 606 1038 ἁγία
638 986 775 1037 σκηνὴ,
802 988 864 1028 καὶ
895 988 917 1038 ἡ
949 989 1117 1039 κιβωτὸς
1149 991 1190 1030 δὲ
1220 989 1243 1041 ἡ
1275 990 1318 1030 ἐν
1349 989 1442 1045 αὐτῇ
1475 990 1535 1029 καὶ
1566 990 1589 1041 ἡ
1619 989 1765 1042 λυχνία
1796 989 1858 1028 καὶ
1887 989 1936 1028 τὰ

458 1064 718 1117 θυσιαστήρια
754 1067 810 1116 δὲ,
843 1068 887 1107 τό
923 1084 965 1108 τε
999 1070 1067 1107 τοῦ
1102 1067 1340 1120 θυμιάματος
1373 1069 1434 1109 καὶ
1464 1069 1507 1109 τὸ
1543 1073 1618 1110 τῶν
1654 1067 1935 1121 καρπωμάτων,

458 1143 574 1184 αὐτὸν
604 1144 793 1198 ἐσήμαινε
824 1146 892 1186 τὸν
923 1148 1112 1198 Χριστόν.

273 1283 570 1344 68ἈΠεκρίθΗ
610 1289 727 1343 αὐτῷ
762 1290 907 1339 Σίμων
938 1292 1102 1348 Πέτρος
1139 1292 1275 1350 Κύριε,
1306 1294 1414 1351 Πρὸς
1452 1293 1543 1335 τίνα
1579 1293 1933 1344 ἀπελευσόμεθα;

792 1385 962 1441 ῥήματα
1000 1390 1110 1444 <offic
1149 1386 1326 1430 αἰωνίου
1362 1389 1486 1445 ἔχεις,

413 1513 503 1564 ΔΓ
532 1513 633 1568 ἑνὸς
672 1519 714 1566 οἱ
753 1515 924 1570 πάντες
959 1524 1288 1573 λαλοῦσιτοῦ
1319 1521 1625 1588 προῦχοντος,
1661 1517 1747 1582 τὴν
1785 1518 1933 1584 ἁγίοις

340 1594 486 1650 ὅντως
513 1598 919 1663 πρεπωδεστάτην
946 1601 1273 1668 ἀποσώζοντες
1299 1601 1578 1666 ἐπιστήμην,
1603 1601 1679 1652 ἵνα
1706 1598 1762 1664 δὴ
1789 1600 1934 1654 τύπος

295 1684 321 1724 d
340 1682 436 1731 τοῖς
469 1678 566 1740 μετ’
595 1679 763 1734 αὐτοὺς
798 1682 885 1731 κάν
912 1682 1063 1752 τούτῳ
1098 1682 1247 1734 πάλιν
1273 1685 1562 1750 εὑρίσκοιντο
1597 1682 1852 1751 σώφρονός
1885 1704 1933 1732 τε

341 1760 417 1808 καὶ
443 1759 743 1828 ἁξιαγάστου
768 1769 1028 1827 λογισμοῦ·
1073 1767 1194 1832 χρῆν
1221 1765 1315 1832 γὰρ
1349 1769 1412 1819 εἰς
1448 1765 1740 1816 διδασκάλου
1766 1768 1933 1815 λαλεῖν

339 1839 496 1903 ἀκοὰς,
543 1843 646 1909 οὐχὶ
690 1843 872 1897 πάντας
916 1848 1193 1912 ἀδιακρίτως
1238 1851 1581 1913 προπηδῶντας·
1626 1851 1720 1898 τῶν
1764 1845 1933 1897 ἄλλων

339 1922 709 1989 προαλέστερον,
737 1928 812 1976 καὶ
840 1927 893 1977 τὸ
923 1928 1162 1994 ἀγορεύειν
1190 1929 1273 1980 οὐκ
1299 1930 1455 1983 αὐτοῖς
1479 1927 1754 1995 πρεπόντως
1780 1927 1932 1994 ἁρπά-

339 2001 514 2067 ζοντας,
539 2012 840 2073 παραχωρεῖν
869 2007 916 2058 δὲ
941 2013 1135 2072 μᾶλλον
1159 2011 1431 2076 ἐπείγεσθαι
1465 2015 1634 2078 σοφῶς
1668 2014 1765 2063 τοῖς
1799 2010 1933 2076 οἵπερ

339 2083 397 2134 ἂν
425 2083 512 2136 εἶεν
540 2089 614 2137 καὶ
641 2093 798 2155 βουλῇ
824 2091 899 2139 καὶ
925 2089 1057 2158 τάξει
1083 2093 1465 2158 προτεταγμένοι.
1518 2091 1593 2143 διὰ
1623 2097 1763 2142 τοῦτο
1797 2093 1873 2142 καὶ
1905 2092 1931 2142 ὁ

342 2169 539 2220 Παῦλος
567 2175 593 2197 “
616 2172 889 2237 Προφῆται,
918 2174 1055 2239 φησὶ,
1083 2173 1166 2224 δύο
1191 2172 1220 2239 ἦ
1245 2179 1366 2240 τρεῖς
1391 2175 1708 2236 λαλείτωσαν,
1735 2174 1811 2224 καὶ
1841 2172 1932 2224 ἀνὰ

341 2254 368 2277 “
392 2248 575 2314 μέρος.”
610 2252 663 2301 οὐ
701 2251 794 2318 γὰρ
833 2253 1081 2320 ἐπειδήπερ
1119 2259 1177 2322 τῇ
1216 2259 1299 2320 τῆς
1336 2258 1625 2324 προφητείας
1663 2255 1932 2320 τετίμηνται

300 2330 508 2397 θχάριτι,
537 2331 612 2383 διὰ
646 2339 785 2384 τοῦτο
817 2338 984 2401 χρῆναι
1022 2336 1188 2391 αὐτοὺς
1223 2340 1298 2388 καὶ
1333 2336 1545 2392 ἀτάκτως
1578 2341 1814 2389 ποιεῖσθαι
1848 2336 1932 2389 τὸν

388 2411 398 2426 ¹
528 2415 538 2429 s
726 2416 737 2432 ι
909 2418 920 2432 ³
996 2418 1006 2432 s
1048 2420 1057 2433 ‚
1126 2419 1136 2435 s
1268 2418 1287 2440 ς
1433 2419 1453 2435 er
1646 2419 1657 2433 x
1762 2425 1782 2434 Α
1912 2417 1925 2434 x

339 2419 489 2478 λογον
515 2414 852 2483 επεψηφιζετο·
894 2423 995 2467 αλλ
1035 2441 1221 2485 επειπερ
1260 2442 1387 2484 ησαν
1424 2443 1562 2486 αγιοι,
1590 2422 1664 2471 δια
1699 2441 1839 2470 τουτο
1873 2422 1930 2483 δη

337 2499 531 2556 μᾶλλον
573 2496 902 2561 ἐπιστημόνως
946 2503 1042 2553 τοῖς
1087 2501 1397 2566 ἀκροωμένοις
1442 2506 1742 2568 προσλαλεῖν
1785 2504 1928 2552 διεκε-

337 2577 516 2630 λεύετο.
583 2581 750 2632 οὐκοῦν
789 2581 1053 2647 ἐπιστήμης
1091 2582 1148 2648 ἧν
1187 2584 1325 2650 ἔργον
1363 2586 1679 2652 ἀγιοπρεποῦς
1720 2584 1774 2636 τὸ
1816 2583 1931 2651 ὑπὲρ

336 2658 530 2711 πάντων
557 2663 905 2728 ἀπολογεῖσθαι
931 2662 1078 2728 μόνον
1100 2666 1179 2716 ε’ἇν
1204 2667 1286 2717 τὸν
1313 2665 1441 2737 ᾧπερ
1473 2669 1652 2736 ὑπῆρχε
1686 2666 1740 2718 τὸ
1776 2666 1931 2732 μεῖζον

385 2810 417 2832 2.
443 2802 503 2834 τοῦ
528 2802 614 2834 λαοῦ
639 2807 720 2846 post
745 2802 870 2846 ἔρημον
894 2804 1092 2849 transponit
1118 2805 1162 2840 B.
1184 2806 1240 2850 (ut
1266 2818 1374 2852 supra
1396 2818 1464 2852 329
1484 2809 1529 2851 c.)
1605 2807 1730 2842 Statim
1753 2808 1772 2851 ἡ
1796 2819 1865 2842 orn.
1886 2807 1928 2842 B.

338 2857 370 2885 4.
398 2846 434 2879 δέ
453 2853 678 2892 assumptum
695 2860 735 2883 ex
756 2849 799 2883 B.
871 2864 908 2884 τε
926 2862 997 2884 om.
1020 2850 1062 2885 B.
1195 2853 1227 2887 8.
1255 2853 1363 2899 ἁγίοις
1383 2854 1425 2888 Β.
1443 2854 1543 2899 ἁγίαν
1562 2854 1628 2888 Ed.
1763 2865 1816 2888 11.
1842 2855 1929 2899 χρῆν

339 2891 380 2925 Β.
400 2894 466 2936 χρὴ
487 2893 553 2927 Ed.
749 2906 802 2930 12.
827 2897 1099 2940 προσπηδῶντᾱς
1118 2898 1159 2933 Β.
1364 2913 1415 2943 14.
1443 2900 1593 2947 μᾶλλον]
1613 2902 1718 2936 πάλιν
1733 2902 1867 2944 μᾶλλον
1886 2900 1928 2934 Β.

342 2938 394 2977 18,
421 2950 473 2982 19.
501 2939 555 2973 διὰ
573 2942 812 2986 τοῦτο-ἅγιοι
831 2950 1012 2988 assumpta
1030 2955 1072 2978 ex
1092 2944 1134 2978 B.
1259 2958 1311 2990 19.
1340 2947 1375 2981 δέ
1394 2959 1457 2992 pro
1476 2948 1515 2992 δὴ
1538 2948 1577 2982 Β.
1704 2958 1759 2985 20.
1787 2947 1928 2991 ἐπιστη-

336 2985 445 3028 μόνως
464 2996 533 3021 Om.
556 2987 595 3021 B.
743 3000 798 3023 22.
826 2988 899 3035 ἐᾶν]
920 2990 975 3023 ἕνα
997 2990 1037 3025 Β.

1955 1152 1978 1189 5

1957 1708 2005 1732 10

1955 2113 2002 2152 15

1952 2525 2001 2551 20
