2073 3296
340 127 393 166 72
740 128 790 169 B.
825 128 1102 170 CYRILLI
1144 130 1524 171 ALEXANDR.
1845 129 1871 169 i.
1891 142 1929 184 3.

338 233 694 299 ἀπαυγάσματι,
726 235 780 287 τὸ
819 237 876 306 ἐξ
910 238 1053 305 οὗπερ
1091 239 1113 289 ε’
1146 238 1404 304 ηστράφθη
1444 242 1562 306 φῶς·
1617 240 1665 289 ἐν
1704 237 1797 304 γὰρ
1836 242 1930 292 τοῖς·

337 315 562 370 τοιούτοις
596 316 876 384 χωρίζεσθαι
909 320 994 382 μέν
1027 343 1128 373 πως
1166 321 1344 387 ἐπινοίᾳ
1384 322 1510 371 δοκεῖ
1542 318 1597 371 τὸ
1636 324 1812 385 γεννῶν
1846 325 1929 370 τοῦ

338 398 629 461 γεννωμένου
668 401 743 450 καὶ
782 399 1188 466 προεκκύπτοντος
1227 402 1510 467 ἀμερίστως·
1559 401 1606 452 ἓν
1634 401 1688 451 δέ
1716 403 1819 452 ἐστι
1855 403 1929 457 καὶ

338 478 509 530 ταύτὸν
539 484 597 546 τῇ
634 481 776 549 φύσει
811 481 865 532 τὸ
901 482 1279 549 συναμφότερον,
1317 485 1393 533 καὶ
1427 484 1535 550 δίχα
1568 489 1651 533 τοῦ
1686 483 1841 549 ἑτέρου
1876 482 1929 532 τὸ

337 559 495 627 ἕτερον
521 563 748 625 οὐδαμῶς·
792 562 926 614 ἔσται
953 563 1000 614 δὲ
1024 563 1172 615 πάλιν
1199 566 1275 615 καὶ
1303 564 1416 631 ὑπὲρ
1441 571 1579 615 τοῦτο
1606 564 1739 626 Θεὸς,
1766 563 1845 614 ἅτε
1873 565 1928 627 δὴ

1950 585 1971 622 Ul

337 645 414 693 καὶ
452 643 732 709 ὑπερούσιος
770 644 851 706 ὧν,
890 646 967 696 καὶ
1005 643 1060 696 τὸ
1099 646 1252 712 ἄκρως
1289 645 1568 712 προσεοικὸς
1608 646 1691 696 οὐκ
1728 644 1848 712 ε”χων
1881 647 1930 695 ἐν

337 729 561 789 γενητοῖς,
602 726 677 776 ἵνα
718 724 775 789 δὴ
818 730 893 777 καὶ
937 730 999 781 εἰς
1041 727 1194 778 εἰκόνα
1239 727 1546 792 λαμβάνηταί
1582 750 1625 778 τι
1669 730 1752 791 τῆς
1794 728 1930 792 ἁγίας

338 805 555 872 Τριάδος,
600 806 732 858 οὐδὲν
777 808 982 876 ἔχουσαν
1023 808 1077 860 τὸ
1126 808 1430 868 διαλλάττον,
1471 812 1532 862 ὡς
1577 814 1639 863 εἷς
1681 808 1930 874 δογμάτων

291 897 319 938 d
338 888 594 954 ἀκρίβειαν.
656 893 694 941 εὶ
734 890 785 941 δὲ
823 890 1063 956 νομίζουσι
1102 890 1335 942 δύνασθαι
1373 890 1428 942 τό
1460 892 1534 941 Δι’
1570 891 1637 953 οῦ,
1669 891 1930 956 λεγόμενον

337 972 409 1039 ἐφ’
438 975 568 1034 Υὶοῦ,
597 973 876 1041 καταφέρειν
902 974 1043 1024 αὑτοῦ
1069 997 1155 1037 την
1181 974 1348 1023 οὐσίαν
1374 976 1456 1037 τῆς
1482 996 1601 1039 προς
1626 972 1709 1024 τὸν
1737 973 1929 1038 Πατέρα
1954 999 2000 1022 10

338 1051 557 1117 ισότητός
607 1077 657 1105 τε
705 1078 781 1105 και
831 1058 1036 1123 φυσικῆς
1087 1053 1374 1120 ὁμοιότητος,
1420 1057 1482 1109 ὡς
1535 1054 1771 1121 ὑπουργὸν
1816 1051 1930 1105 εἰναι

336 1135 576 1198 μᾶλλον
554 1160 582 1200 η
619 1136 919 1204 δημιουργὸν,
946 1136 1402 1188 διασκεπτεσθωσαν
1439 1160 1481 1188 οι
1513 1136 1828 1206 παραφρονες,
1855 1138 1931 1187 καὶ

338 1220 401 1270 εἷς
439 1217 588 1281 μέσον
628 1218 736 1282 ἡμῖν
772 1218 981 1282 ἡκόντων
1020 1218 1452 1285 ἀπολογησόμενοι,
1490 1221 1539 1271 τί
1572 1242 1686 1270 ποτε
1726 1219 1818 1286 ἄρα
1855 1221 1932 1270 καὶ

336 1301 442 1365 περὶ
478 1300 620 1351 αὐτοῦ
653 1306 736 1351 τοῦ
763 1301 956 1367 Πατρὸς
981 1301 1279 1366 ε’ννοήσομεν,
1307 1303 1411 1352 τίνα
1447 1301 1494 1353 δὲ
1531 1300 1645 1353 εἶναι
1679 1303 1754 1352 καὶ
1791 1300 1932 1352 αὐτὸν

338 1382 704 1451 ὑποληψόμεθα,
731 1382 845 1434 ὅταν
881 1384 1103 1451 φαίνηται
1140 1382 1389 1451 δεχόμενος
1424 1384 1478 1435 τό
1507 1385 1582 1434 Δι’
1613 1384 1666 1435 οῦ
1705 1383 1834 1450 παρὰ
1873 1387 1930 1452 τῇ
1954 1407 1998 1446 15

113 1465 261 1552 ἐρωῆ-
337 1463 439 1533 θείᾳ
479 1466 675 1533 γραφῇ;
734 1472 760 1495 “
782 1463 969 1518 Πιστὸς
1013 1464 1106 1532 γάρ
1148 1467 1294 1528 ἐστιν,
1334 1469 1500 1535 φησὶν,
1541 1467 1565 1517 ὁ
1604 1464 1741 1529 Θεὸς,
1782 1467 1837 1516 δι’
1877 1467 1932 1517 οῦ

1629 1550 1643 1566 x

116 1553 260 1638 ΞΟΞΞΡΙΙῘ
297 1552 366 1595 e“
392 1545 621 1610 ἐκλήθητε
665 1551 727 1602 εἷς
771 1548 1014 1598 κοινωνίαν
1056 1553 1139 1599 τοῦ
1178 1550 1296 1599 Υἱοῦ
1343 1547 1525 1611 αὐτοῦ,”
1569 1571 1646 1599 και
1687 1555 1713 1577 “
1737 1552 1932 1602 Παῦλος

111 1641 179 1672 i·1·
341 1634 368 1658 ‘⁶
394 1627 667 1684 ἀπόστολος
704 1629 867 1693 Ἰησοῦ
911 1634 1129 1697 Χριστοῦ
1178 1629 1254 1682 διὰ
1302 1630 1568 1694 θελήματος
1614 1631 1787 1681 Θεοῦ·”
1857 1632 1932 1681 καὶ

1465 1710 1531 1741 cad

112 1717 138 1748 (¹
165 1718 177 1748 l
207 1717 213 1723 “
394 1709 407 1724 Ι
605 1712 615 1726 '
860 1713 870 1727 ‘
1005 1717 1025 1726 ⁶
1164 1714 1175 1728 ’
1311 1712 1322 1728 ²
1745 1713 1755 1727 ’
1805 1712 1818 1729 '
1917 1710 1936 1732 ς

129 1727 250 1750 ¹²²·1V·
337 1716 486 1778 παλιν
523 1735 642 1778 προς
680 1735 808 1766 τινας
851 1736 876 1763 ο
916 1716 1112 1767 Παυλος
1153 1719 1425 1764 επιστελλει
1533 1716 1666 1763 Ωστε
1706 1734 1856 1763 ουκετι
1895 1736 1932 1763 ει

116 1767 146 1802 7⁸
337 1799 367 1822 “
393 1795 583 1856 δοῦλος,
613 1794 745 1845 ἀλλὰ
781 1793 892 1849 υἱός·
935 1798 972 1845 εἰ
1007 1792 1055 1844 δὲ
1092 1794 1202 1858 υἱὸς,
1229 1797 1304 1845 καὶ
1337 1793 1629 1861 κληρονόμος
1656 1793 1731 1846 διὰ
1758 1796 1928 1845 Θεοῦ.”
1953 1823 2001 1848 20

336 1880 486 1927 ταῦτα
530 1875 587 1941 δὴ
633 1876 891 1939 σύμπαντα
934 1876 1021 1942 τὴν
1067 1876 1313 1945 ἀναφορὰν
1354 1881 1416 1930 εἰς
1460 1875 1515 1928 τὸ
1559 1882 1643 1928 τοῦ
1686 1880 1812 1928 Θεοῦ
1856 1880 1930 1928 καὶ

341 1956 535 2024 Πατρός
573 1958 666 2026 ἔχει
703 1957 980 2025 πρόσωπον,
1019 1960 1095 2010 καὶ
1136 1959 1190 2010 οὐ
1229 1957 1382 2023 δήπου
1423 1958 1542 2025 πρὸς
1584 1964 1723 2009 τοῦτο
1763 1959 1930 2022 μανίας

338 2039 529 2090 ἐλάσειέ
549 2063 632 2103 τις,
659 2044 696 2091 εἰ
730 2039 797 2105 μὴ
832 2040 965 2108 τύχοι
999 2046 1096 2095 τοῖς
1129 2041 1478 2108 προειρημένοις
1510 2040 1570 2092 τὰ
1602 2040 1688 2092 ’ίσα
1714 2045 1926 2109 φρονῶν,

115 2135 174 2169 49
192 2133 242 2168 Α.
300 2122 401 2176 πώς
426 2120 480 2173 τὸ
508 2125 590 2186 τῆς
617 2123 873 2190 ὑπουργίας
899 2122 1048 2187 ὄνομά
1073 2147 1122 2175 τε
1157 2126 1232 2174 καὶ
1263 2128 1463 2190 πρᾶγμα
1496 2125 1571 2174 καὶ
1607 2124 1750 2187 αὐτῆς
1783 2146 1925 2187 κατη-

337 2208 583 2270 γορεῖσθαι
627 2207 708 2268 τῆς
754 2211 838 2256 τοῦ
880 2204 1072 2272 Πατρὸς
1111 2205 1252 2275 δόξης
1298 2206 1506 2272 εὐλόγως
1547 2209 1704 2269 εἰπεῖν,
1743 2204 1930 2272 ἐπείπερ
1952 2226 1999 2265 25

337 2286 513 2354 ἠνέχθη
553 2288 627 2337 καὶ
667 2288 735 2338 ἐπ’
777 2288 920 2339 αὑτοῦ
958 2288 1012 2339 τό
1049 2288 1125 2339 Δι’
1159 2289 1228 2339 οῦ.
1292 2290 1541 2356 ἀδιαφορεῖ
1573 2286 1666 2353 γὰρ
1706 2286 1812 2338 ἔσθ’
1854 2286 1930 2338 ὅτε

337 2369 443 2435 περὶ
477 2368 561 2422 τὰς
596 2368 745 2438 λέξεις
782 2369 810 2433 ἡ
850 2369 950 2421 θεία
988 2368 1166 2437 γραφὴ,
1200 2369 1344 2434 μηδὲν
1380 2371 1610 2420 ἀδικοῦσα
1648 2368 1702 2419 τὸ
1742 2370 1928 2420 ὑποκεί-

337 2473 493 2515 μενον,
521 2451 1021 2518 καταχρηστικώτερον
1047 2452 1103 2503 δέ
1120 2475 1220 2505 πως
1247 2450 1538 2519 ἐπιφέρουσα
1564 2455 1659 2505 τοῖς
1691 2473 1925 2515 σημαινο-

339 2533 492 2597 μένοις
518 2531 577 2584 ‘rei
602 2556 651 2584 τε
677 2532 864 2601 ῥήματα
899 2536 974 2584 καὶ
1005 2533 1064 2584 τὰ
1098 2535 1151 2584 δι’
1181 2531 1246 2584 ὧν
1274 2532 1332 2584 ἂν
1358 2533 1507 2597 οἴηται
1542 2536 1930 2597 καταδηλοῦσθαι

117 2628 214 2658 Prov.
338 2612 512 2670 ‘xaA039.
562 2615 693 2680 πλὴν
720 2617 862 2667 ἐκεῖνο
888 2615 1136 2683 συμφέρον
1164 2617 1237 2667 ἐπὶ
1263 2615 1444 2669 τούτοις
1470 2620 1626 2679 εἰπεῖν,
1650 2615 1720 2666 ὅτι
1748 2622 1774 2644 “
1792 2612 1930 2683 Δόξα
1950 2632 2001 2667 30

116 2681 195 2702 xxv.
215 2678 245 2702 ²'
342 2705 369 2728 ⁶⁶
396 2699 573 2766 Κυρίου
599 2698 790 2765 κρύπτει
815 2697 1003 2765 λόγον·”
1053 2699 1194 2764 ὀλίγη
1221 2697 1314 2765 γὰρ
1339 2702 1476 2749 πᾶσα
1507 2696 1668 2765 λόγων
1693 2695 1844 2764 ἶσχὺς5
1870 2697 1931 2751 ὡς

390 2843 423 2878 6.
449 2844 550 2888 ἄκρος
568 2845 611 2880 Ε.
675 2846 886 2889 προσεοικὼς
904 2845 950 2880 D.
1103 2852 1134 2890 7.
1103 2842 1208 2890 7τι]
1228 2859 1276 2880 τις
1297 2843 1339 2878 Β.
1499 2855 1551 2889 13.
1578 2843 1867 2900 ἅπολογισάμενοι
1887 2842 1929 2876 Β.

347 2902 400 2933 14.
425 2891 636 2935 ἐννοήσωμεν
654 2892 778 2927 Const.
799 2893 912 2927 Melit.
1093 2891 1143 2925 16.
1170 2892 1265 2926 ἐστιν
1282 2897 1504 2935 assumptum
1524 2903 1565 2925 ex
1585 2891 1627 2925 B.
1646 2891 1768 2924 deesiz'
1761 2901 1796 2924 m
1814 2889 1847 2921 V
1850 2901 1931 2924 ecco

343 2937 386 2972 ad
403 2937 538 2973 Theod.
559 2938 672 2985 Sugd.
690 2939 750 2975 lib.
766 2939 788 2975 i.
809 2939 932 2975 Const.
953 2938 1066 2974 Melit.
1088 2938 1150 2974 Or.
1165 2938 1200 2973 ii.
1297 2949 1352 2983 29.
1379 2938 1568 2981 δηλοῦσθαι
1589 2938 1632 2973 Β.
1651 2937 1761 2972 invito
1779 2936 1810 2970 V
1814 2947 1906 2971 ecco.
