2084 3317
150 151 204 194 vi.
223 153 292 195 68.
381 153 457 194 IN
499 154 540 197 S.
574 153 910 195 JOANNEM.
971 152 1095 193 LIB.
1129 151 1207 193 IV.
1269 152 1404 192 CAP.
1439 151 1517 192 IV.
1654 152 1733 191 571

149 267 284 323 βεται
328 266 423 313 τῶν
460 263 679 313 ἐναντίων
717 263 745 326 ἡ
788 263 994 326 δύναμις·
1051 260 1174 311 “Tol
1213 259 1306 325 γὰρ
1345 260 1474 310 ὅπλα
1513 259 1644 322 ἡμῶν
1683 259 1737 308 οὐ
1800 262 1958 344 ³0⁰¹*-

152 349 180 373 ‘⁶
205 343 423 410 σαρκικὰ,
458 343 577 395 κατὰ
615 342 697 395 τὸν
726 348 939 406 Παῦλον,
972 342 1104 394 ἀλλὰ
1143 342 1320 393 δυνατὰ
1357 346 1424 411 τῷ
1457 342 1612 409 Θεῷ.”
1668 340 1738 391 ὅτι

151 424 201 476 δὲ
227 430 322 480 τοῖς
354 425 504 491 ἁγίοις
537 427 773 494 ἐποχεῖται
806 426 984 492 τρόπον
1009 424 1114 476 τινὰ
1149 426 1224 475 καὶ
1259 424 1480 475 ἐπίκειται
1506 422 1737 488 Χριστὸς,
1759 432 1786 473 d

1376 505 1386 521 '
1451 504 1611 556 “⁸072
1643 506 1742 555 ἐπι..
1804 512 1957 585 ξωηῑῑ.

150 511 381 575 σαφηνιεῖ
406 531 490 571 μεν
517 507 673 573 λεγων
700 532 775 559 και
802 510 826 559 ὁ
859 506 1111 576 προφήτης
1136 508 1423 570 Ἀμβακουμ

109 606 131 644 5
152 595 181 618 “
206 589 340 657 βήσῃ
368 591 441 641 ἐπὶ
467 589 573 643 τοὺς
598 591 770 644 ι’ππους
796 613 905 652 σου,
936 613 1010 640 και
1045 591 1073 653 ἡ
1110 590 1318 640 ιππασία
1352 610 1444 638 σου
1479 587 1709 653 σωτηρία·
1715 585 1739 601 ”

154 670 332 740 διδάξει
358 671 406 723 δὲ
432 672 616 722 οὐδὲν
589 680 730 736 ἡττον
757 695 833 723 και
859 672 997 726 αὐτὸς
1024 674 1049 722 ὁ
1079 674 1246 737 Σωτῆρ
1273 694 1391 738 προς
1418 669 1500 721 τὸν
1518 669 1745 720 Ἀνανίαν

153 755 259 820 περὶ
285 759 369 804 τοῦ
398 753 597 804 Παύλου
632 754 787 820 λέγων
811 761 837 784 “
861 753 1085 820 Πορεύου,
1114 753 1183 804 ὅτι
1213 758 1383 807 σκεῦος
1419 754 1620 817 ἐκλογῆς
1654 773 1746 815 μου
1807 753 1965 838 23³5?

154 841 183 865 “
208 837 339 886 ἐστὶν
366 835 501 888 οὗτος
531 840 614 885 τοῦ
649 834 900 896 βαστάσαι
934 833 989 886 τὸ
1024 833 1173 898 ὄνομά
1206 857 1297 898 μου
1332 833 1528 886 ἐνώπιον
1553 831 1747 885 πάντων
1812 850 1861 881 15·

155 923 183 946 ‘⁴
207 920 303 967 τῶν
328 917 512 968 ἐθνῶν.”

87 1022 136 1048 10
229 996 391 1048 Ἀλλὰ
416 1005 443 1027 “
459 1000 535 1049 καὶ
562 999 783 1052 εἰσοίσεις
808 997 894 1063 τὴν
920 996 1168 1065 τράπεζαν,
1194 999 1269 1049 ἐπὶ
1295 997 1477 1052 τούτοις
1505 999 1643 1065 φησὶ,
1671 998 1748 1047 καὶ
1810 999 1914 1082 ξΧΟᾶ·
1930 999 1974 1029 ³¹*

157 1086 184 1110 ‘⁶
210 1079 468 1145 προθήσεις
501 1078 589 1144 τὴν
622 1080 852 1146 πρόθεσιν
887 1081 1043 1144 αὐτῆς,
1070 1082 1145 1131 καὶ
1182 1081 1404 1134 εἰσοίσεις
1438 1079 1522 1144 τὴν
1551 1079 1749 1147 λυχνίαν

158 1169 185 1192 “
211 1164 287 1213 καὶ
314 1161 553 1226 ἐπιθήσεις
578 1161 686 1217 τοὺς
713 1162 916 1230 λύχνους
949 1163 1137 1226 αὐτῆς.”
1180 1161 1365 1227 νοήσεις
1401 1161 1449 1214 δὲ
1488 1163 1542 1213 δι’
1571 1163 1752 1231 ἀμφοῖν
1770 1184 1791 1210 e

158 1242 242 1294 τὸν
268 1242 504 1310 Χριστόν·
545 1244 948 1312 συσχηματῖζεται
974 1243 1069 1311 γὰρ
1094 1246 1144 1296 ἐν
1169 1244 1399 1311 τραπέζης
1431 1242 1594 1314 τρόπῳ
1626 1266 1746 1311 προ-

161 1325 393 1389 κειμένους
430 1326 634 1394 ἐχούσης
668 1326 777 1380 τοὺς
815 1327 1001 1393 ἄρτους,
1032 1326 1107 1378 διὰ
1142 1327 1196 1378 τὸ
1232 1328 1281 1378 ἐν
1312 1328 1438 1397 αὐτῷ
1472 1325 1654 1379 πάντας
1690 1329 1754 1380 εἷς

92 1425 139 1463 15
161 1406 281 1474 ζωὴν
307 1407 492 1459 αἰώνιον
518 1408 887 1476 ἀποτρεφεσθαι,
905 1408 1232 1476 μετασχόντας
1260 1407 1480 1474 δηλονότι
1507 1411 1589 1472 τῆς
1618 1408 1755 1474 ἁγίας

162 1490 305 1541 αὐτοῦ
340 1490 533 1557 σαρκὸς,
561 1489 682 1541 κατὰ
715 1489 769 1542 τὸ
805 1490 1045 1557 εἶρημενον
1074 1492 1184 1558 παρ’
1213 1492 1357 1542 αὑτοῦ
1385 1499 1412 1521 “
1438 1490 1567 1557 Ἐγώ
1603 1494 1692 1553 εἶμι
1729 1491 1753 1540 ὃ
1816 1488 1954 1567 {ngss

163 1571 357 1636 “ἄρτος
402 1573 427 1623 ὁ
474 1574 524 1623 ἐκ
569 1578 652 1623 τοῦ
697 1573 898 1639 οὐρανοῦ
942 1572 1168 1636 καταβάς,
1210 1597 1286 1624 και
1330 1572 1451 1640 ζωὴν
1492 1571 1645 1626 διδοὺς
1690 1575 1756 1641 τῷ
1820 1585 1870 1616 33·
1904 1564 1913 1571 “

162 1661 190 1684 “
217 1652 401 1724 κόσμῳ.
459 1652 540 1705 ἐάν
576 1677 646 1707 τις
685 1653 818 1723 φάγῃ
856 1656 904 1706 ἐκ
944 1660 1027 1706 τοῦ
1066 1655 1210 1721 ἄρτου
1249 1655 1430 1718 τούτου,
1465 1653 1655 1721 ζήσεται
1695 1657 1756 1707 εἷς

163 1742 190 1765 “
215 1735 299 1786 τὸν
323 1739 482 1787 αἰῶνα·
525 1738 601 1787 καὶ
628 1737 653 1787 ὁ
679 1736 820 1802 ἄρτος
847 1735 895 1786 δὲ
923 1735 977 1788 ὃν
1003 1735 1095 1803 ἐγὼ
1122 1737 1265 1788 δώσω
1292 1737 1320 1801 ἡ
1346 1735 1480 1806 σάρξ
1502 1760 1594 1800 μου
1626 1737 1758 1787 ἐστὶν

164 1824 192 1847 “
219 1817 334 1884 ὑπὲρ
381 1821 464 1882 τῆς
516 1824 598 1869 τοῦ
649 1817 835 1881 κόσμου
879 1818 1042 1885 ζωῆς.”
1115 1821 1282 1870 οὐκοῦν
1326 1822 1410 1883 τῆς
1458 1819 1688 1886 τραπέζης
1730 1818 1757 1882 ἡ

163 1898 406 1966 πρόθεσις,
445 1901 690 1951 τουτέστιν
729 1904 770 1951 οἱ
816 1900 963 1967 ἄρτοι,
1003 1899 1057 1951 τὸ
1103 1899 1240 1967 ἅγιον
1279 1901 1570 1966 σημαίνουσι
1615 1905 1800 1964 σῶμαει
1827 1917 1916 1950 390
1932 1914 1985 1947 A.

165 1985 399 2048 Χριστοῦ,
425 1981 480 2033 τὸ
505 1981 687 2036 πάντας
713 1986 775 2036 εἰς
801 1981 921 2049 ζωὴν
947 1983 1222 2051 ἀποτρέφον
1248 1982 1334 2048 τὴν
1361 1983 1561 2035 αἰώνιον.
1602 1981 1759 2046 ἐπειδὴ

165 2061 215 2114 δὲ
251 2064 276 2114 ὁ
311 2063 541 2131 μακάριος
567 2066 744 2115 Δαυεὶδ
784 2068 861 2115 καὶ
900 2068 942 2115 οἱ
981 2065 1074 2116 σὺν
1109 2067 1234 2137 αὐτῷ
1273 2066 1603 2128 πεινάσαντες,
1640 2064 1762 2116 καθὰ

165 2145 445 2211 γέγραπται,
484 2144 591 2200 τοὺς
630 2147 800 2213 ἄρτους
838 2149 922 2211 τῆς
960 2148 1233 2214 προθέσεως
1278 2149 1475 2217 ἔφαγον,
1514 2148 1685 2212 ἴδωμεν
1724 2151 1762 2199 εἰ

99 2252 147 2291 25
166 2226 232 2291 μή
259 2250 304 2278 τι
336 2230 412 2278 καὶ
447 2227 523 2279 διὰ
557 2227 726 2279 τούτου
760 2228 993 2291 μυστικὸν
1020 2229 1332 2299 ἀνεγράφετο.
1387 2231 1470 2281 οὐκ
1495 2230 1607 2298 ἐξῆν
1634 2231 1758 2281 ἀπο·-
1790 2262 1792 2265 ν

167 2307 439 2375 γεύσασθαι
483 2314 578 2361 τῶν
615 2312 699 2374 τῆς
741 2311 1016 2377 προθέσεως
1061 2311 1230 2378 ἄρτων,
1272 2317 1309 2363 εἰ
1353 2311 1418 2377 μὴ
1463 2312 1623 2376 μόνοις
1666 2317 1763 2365 τοῖς

170 2394 357 2457 ἱερεῦσι,
396 2390 515 2442 κατὰ
554 2391 768 2461 διάταξιν
806 2393 1012 2457 νομικήν·
1071 2395 1183 2444 ἀλλ’
1225 2395 1309 2445 οὐκ
1347 2393 1477 2447 ὅντες
1516 2396 1564 2445 ἐκ
1604 2397 1763 2461 φυλῆς

171 2476 400 2539 ἱερατικῆς
428 2475 604 2525 Δαυείδ
629 2497 678 2524 τε
704 2475 778 2525 καὶ
805 2478 847 2525 οἱ
872 2475 965 2526 σὺν
992 2477 1138 2544 αὐτῷ,
1167 2479 1251 2539 τῆς
1280 2476 1530 2542 ἱερωτάτης
1557 2477 1764 2541 ἥπτοντο

170 2557 369 2623 τροφῆς·
409 2555 486 2606 ἵνα
524 2554 600 2605 διὰ
638 2556 805 2607 τούτου
838 2555 987 2608 πάλιν
1013 2558 1041 2622 ἡ
1073 2562 1169 2608 τῶν
1195 2559 1343 2609 ε’θνῶν
1368 2558 1530 2612 πίστις
1562 2560 1637 2609 καὶ
1669 2557 1764 2610 ἀπὸ
1783 2569 1809 2609 b

1824 2061 1985 2094 SMatth.

1825 2118 1880 2138 ΧΠ.
1898 2116 1926 2146 3,
1946 2117 1976 2147 4.

221 2689 254 2720 4.
280 2677 436 2721 ἀβακοῦμ
454 2677 500 2712 D.
644 2687 677 2723 5.
703 2678 721 2722 ἡ
743 2690 814 2713 om.
834 2679 878 2714 B.
1022 2680 1192 2726 7.λεγων
1210 2686 1435 2725 assumptum
1455 2692 1494 2714 ex
1516 2680 1556 2714 B.
1564 2681 1608 2715 D.
1679 2696 1745 2724 μου

172 2738 230 2768 μοι
249 2724 295 2758 D.
314 2724 407 2758 utin
425 2724 472 2758 xii
492 2724 620 2769 Proph.
639 2724 708 2769 564
727 2737 756 2765 c,
778 2734 841 2771 747
863 2738 892 2760 e.
1030 2738 1081 2772 13.
1107 2726 1376 2771 προσκειμένους
1395 2726 1437 2761 Β.
1572 2739 1624 2771 19.
1651 2728 1746 2762 ἐστιν

177 2776 213 2811 -11-
237 2769 276 2814 ἣν
292 2770 359 2815 ἐγὼ
381 2770 482 2805 δώσω
502 2770 569 2804 Ed.
588 2771 698 2805 invito
718 2771 760 2807 B.
887 2784 1014 2818 2.0—--p
1034 2784 1115 2818 57,
1135 2774 1167 2808 8.
1194 2774 1410 2819 ουκοῦνψ-τῲ
1430 2777 1568 2820 Χριστῷ
1587 2775 1668 2808 citat
1687 2775 1764 2809 Cat.

173 2818 211 2852 in
229 2830 250 2859 4
267 2817 353 2852 libb.
373 2816 459 2862 Reg.
479 2817 598 2851 eadem
618 2830 705 2863 quae
722 2819 758 2852 in
777 2820 824 2854 xii
843 2819 973 2864 Proph.
993 2821 1097 2854 citata
1122 2826 1186 2854 est.
1239 2820 1370 2855 Codice
1394 2832 1481 2854 usus
1504 2833 1584 2855 sum
1604 2821 1765 2855 Escmia-

174 2864 264 2898 lensi
282 2875 350 2897 sec.
369 2864 440 2897 xvi.
458 2869 658 2899 exaratoqt.
677 2864 700 2899 i.
718 2866 751 2899 8.
771 2866 921 2910 signato.
1055 2877 1109 2901 22.
1135 2867 1267 2903 πάντως
1286 2867 1362 2901 Cat.
1383 2867 1441 2901 cit.
1574 2879 1628 2912 23.
1653 2867 1766 2912 πεινή-

176 2925 302 2991 {aures-
316 2910 363 2946 D·
384 2909 460 2944 Cat.
480 2910 537 2945 cit.
635 2921 690 2956 25.
717 2911 977 2958 ἀπογεύσασθαι
998 2913 1074 2947 Cat.
1095 2914 1151 2947 cit.
1171 2913 1400 2959 ἀπογεύεσθαι
1420 2913 1486 2948 Ed.
1585 2914 1640 2949 26.
1665 2917 1768 2960 μόνον

210 2963 244 2992 at
275 2963 332 2992 elt.

914 3028 1036 3066 4D2
