2084 3317
126 178 180 220 vi.
203 192 268 233 27.
361 181 434 221 IN
477 182 519 222 S.
554 181 890 223 JOANNEM.
954 181 1079 222 LIB.
1113 181 1199 222 ΙΙΙ.
1263 182 1397 222 CAP.
1434 182 1483 223 V.
1633 184 1716 223 4013

125 294 311 358 σαφῶς,
337 293 412 342 καὶ
438 291 514 342 διὰ
540 292 719 344 τούτων
746 293 853 356 ἡμῖν
877 293 961 343 οὐκ
993 293 1043 343 ἐκ
1077 294 1160 355 τῆς
1193 291 1357 345 οὐσίας
1385 290 1610 358 ὑπάρχων
1636 297 1718 342 τοῦ

127 372 319 439 [Ἰατρὸς
348 375 375 424 ὁ
401 373 515 428 Υἱὸς
542 375 877 432 ἀναδείκνυται,
906 372 1040 425 ἀλλὰ
1073 378 1266 437 μᾶλλον
1292 372 1605 437 ἀπεικόνισμα
1636 376 1719 436 τῆς

124 454 289 508 οὐσίας
320 456 479 507 αὐτοῦ.
533 456 660 508 ἔστω
695 455 744 507 δὲ
779 454 837 520 δή
875 478 920 507 τι
954 461 1179 518 τοιοῦτον,
1213 457 1378 524 φησὶν,
1412 455 1436 505 ὅ
1477 459 1648 524 φαμεν·
1691 454 1718 518 ἡ

124 538 352 604 σφραγὶς,
395 538 497 603 ἤτοι
549 537 603 589 τὸ
650 538 941 605 σήμαντρον,
987 541 1114 607 κηρῷ
1163 537 1309 606 τυχὸν
1353 538 1500 603 ἤγουν
1545 537 1720 603 ἑτέραις

83 630 105 668 5
127 619 262 673 ὕλαις
299 621 565 685 ἐπιτηδείως
603 619 823 688 ἐχούσαις
861 624 924 673 εἱς
962 619 1017 671 τὸ
1057 624 1224 679 λαβεῖν
1259 619 1609 683 ἐνθλιβόμενον,
1644 620 1719 670 καὶ
1740 640 1761 665 c

125 699 212 764 τὴν
246 701 499 767 ὁμοιότητα
533 701 683 767 μόνην
716 702 990 771 ἐγχαράξαν
1024 701 1110 766 τὴν
1144 703 1322 765 ἑαυτοῦ,
1354 700 1502 754 πάλιν
1541 704 1714 754 ἐπανα-

125 783 356 850 κομίζεται
406 784 536 851 παρὰ
587 791 670 836 τοῦ
720 783 1123 851 προσθλίβοντος,
1171 783 1400 849 ζημιωθὲν
1449 784 1507 853 ἐξ
1555 786 1721 835 ἑαυτοῦ

123 866 284 930 μηδέν·
327 868 474 921 οὕτως
515 868 540 917 ὁ
586 866 756 932 Πατὴρ
796 865 916 932 πρὸς
957 865 1040 916 τὸν
1075 865 1193 917 Υἱὸν
1232 866 1348 917 ὅλον
1389 865 1553 917 ἑαυτὸν
1592 868 1721 920 ἐνιεὶς

125 949 200 998 καὶ
240 947 509 1012 ἐνσημάνας
553 947 731 1014 τρόπον
775 946 879 998 τινὰ
920 948 976 998 δι’
1025 945 1373 1013 ἀκριβεστάτης
1417 950 1499 1011 τῆς
1545 948 1715 1011 ὁμοιώ-

58 1052 105 1077 10
124 1053 261 1094 σεως,
282 1031 366 1081 οὐκ
392 1030 448 1099 ἐξ
470 1031 636 1081 ἑαυτοῦ
659 1029 848 1083 πάντως
873 1029 965 1097 ε”χει
991 1029 1132 1095 μέρος
1159 1031 1407 1095 ὡσπεροῦν
1432 1032 1514 1094 τῆς
1540 1029 1720 1088 οὐσίας,

124 1112 271 1178 ἤγουν
297 1113 353 1182 ἐξ
384 1113 526 1176 αὐτῆς
554 1112 819 1176 νοούμενον,
844 1109 955 1162 ἀλλ’
984 1113 1047 1165 ὡς
1081 1110 1235 1162 εἰκόνα
1270 1109 1420 1176 μόνην
1445 1113 1521 1163 καὶ
1555 1112 1722 1175 ὁμοίω-

123 1217 205 1245 σιν
231 1196 419 1261 ἀκριβῆ.

197 1277 390 1343 Ὁροῖτω
422 1276 479 1341 δὴ
510 1276 659 1328 πάλιν
686 1277 711 1328 ὁ
739 1274 1028 1346 φιλομαθὴς,
1057 1275 1128 1327 ὅτι
1164 1277 1240 1327 καὶ
1275 1281 1358 1327 νῦν
1385 1276 1495 1341 ἡμῖν
1521 1278 1584 1332 ὡς
1614 1276 1722 1346 ὄφις

125 1360 150 1410 ὁ
177 1359 233 1410 δι’
259 1360 469 1414 ἐναντίας
496 1361 716 1428 ἐπιπηδᾷ,
743 1362 818 1410 καὶ
851 1364 914 1413 εἷς
949 1361 1073 1428 ὕψος
1110 1358 1228 1425 α’ίρει
1263 1358 1349 1423 τὴν
1375 1363 1445 1410 ἰοῦ
1479 1358 1723 1425 γέμουσαν
1741 1365 1767 1406 d

59 1460 104 1498 15
125 1441 358 1511 κεφαλήν·
412 1443 524 1493 ἀλλ’
566 1443 590 1492 ὁ
629 1441 914 1508 συνθραύων
951 1440 1036 1495 τὰς
1075 1440 1292 1509 κεφαλὰς
1330 1446 1414 1491 τοῦ
1453 1440 1723 1507 δράκοντος,
1787 1457 1951 1489 ΡεᾸωϊιῑ.

124 1524 416 1591 συνθραύσει
453 1526 529 1575 καὶ
567 1524 757 1588 ταύτην,
786 1525 861 1574 καὶ
902 1524 1047 1575 δώσει
1084 1521 1233 1574 πάλιν
1261 1523 1371 1586 ἡμῖν
1401 1521 1456 1574 τὸ
1493 1523 1726 1574 δύνασθαι
1792 1510 1840 1540 14’

123 1605 208 1660 τὰς
251 1605 582 1674 πολυτρόπους
624 1607 780 1657 αὐτῶν
823 1606 1115 1672 δυστροπίας
1160 1606 1483 1671 ὑπεκδραμεῖν.
1546 1605 1726 1671 λεγέτω

125 1689 281 1740 τοίνυν
304 1689 415 1754 ἡμῖν
447 1690 471 1740 ὁ
507 1692 671 1742 δεινοῖς
709 1688 831 1752 ἡμᾶς
869 1688 1040 1754 ἀρτίως
1079 1686 1435 1754 περικτυπήσας
1474 1686 1652 1752 λόγοις·
1697 1688 1726 1752 ἡ

125 1773 340 1839 σφραγὶς
375 1771 478 1836 ἤτοι
515 1769 569 1822 τὸ
607 1769 885 1837 σήμαντρον
911 1769 965 1820 τὸ
1002 1769 1059 1838 ἐξ
1091 1770 1209 1833 ὕλης
1244 1769 1388 1836 τυχὸν
1414 1769 1727 1834 πεποιημένον

58 1878 108 1903 20
127 1852 227 1917 ἤτοι
272 1856 472 1920 σιδηρᾶς
515 1852 664 1918 ἤγουν
702 1855 785 1917 τῆς
827 1852 922 1903 ἀπὸ
967 1856 1166 1919 χρυσοῦ,
1203 1848 1272 1917 ἆρ’
1311 1851 1415 1918 οὐχὶ
1453 1850 1642 1904 πάντως
1679 1852 1728 1901 ἐν

125 1937 393 2003 χαρακτῆρί
429 1958 518 1986 τινι
559 1935 902 1999 κατασημαίνει
943 1933 1002 1984 τὰ
1040 1934 1089 1984 ἐν
1129 1931 1196 1987 οἷς
1234 1934 1426 1998 γίνεται,
1454 1931 1482 1997 ἢ
1511 1935 1586 1983 καὶ
1620 1934 1768 2001 δίχαο

127 2020 422 2085 χαρακτῆρος
449 2017 585 2068 ἔσται
610 2040 658 2068 τε
685 2018 760 2067 καὶ
787 2015 1075 2081 νοηθήσεται
1102 2015 1413 2082 σήμαντρον;
1454 2015 1568 2065 ἀλλ’
1602 2012 1729 2079 οἶμαι

125 2105 218 2154 πᾶς
253 2122 323 2153 τις
358 2100 440 2151 οὖν
468 2099 539 2150 ὅτι
573 2102 648 2150 καὶ
685 2103 779 2150 τῶν
811 2099 920 2165 παρ’
947 2098 1148 2159 ἐκείνοις,
1176 2100 1252 2148 καὶ
1287 2098 1374 2164 οὐχ
1405 2096 1523 2148 ἑκὼν
1550 2098 1726 2160 ὁμολο-

126 2182 316 2248 γήσειεν
351 2177 457 2234 ἀπὸ
486 2187 569 2233 τοῦ
610 2180 873 2248 πρέποντος
913 2178 1033 2247 πρὸς
1073 2178 1220 2243 αὐτὴν
1257 2178 1606 2243 συνελκόμενος
1644 2178 1730 2243 τὴν

60 2282 108 2319 25
128 2263 368 2328 ἀλήθειαν,
407 2264 477 2315 ὅτι
525 2262 581 2328 δὴ
622 2263 811 2318 πάντως
856 2265 905 2314 ἐν
947 2264 1210 2330 χαρακτῆρι
1256 2265 1501 2330 σφραγιεῖ·
1541 2284 1725 2328 χαρακ-

128 2349 269 2412 τῆρος
321 2345 370 2397 δὲ
421 2346 544 2414 δίχα,
588 2345 709 2397 κατά
759 2367 812 2412 γε
856 2344 940 2395 τὸν
984 2346 1032 2395 ἐν
1078 2347 1145 2414 τῷ
1195 2345 1422 2410 πρέποντι
1474 2342 1729 2408 λογισμὸν,

129 2429 360 2491 οὐδαμῶς.
413 2428 490 2479 ὅτε
535 2428 706 2491 τοίνυν,
746 2426 959 2493 καθάπερ
1004 2426 1114 2491 ἡμῖν
1156 2426 1184 2490 ἡ
1225 2426 1326 2477 θεία
1370 2424 1731 2491 διαμαρτύρεται

1795 2508 1882 2539 Heb.

129 2508 308 2578 γραφὴ,
337 2517 364 2540 ⁴⁶
385 2509 629 2577 χαρακτὴρ
662 2512 746 2574 τῆς
780 2508 1127 2562 ὑποστάσεως”
1157 2513 1240 2559 τοῦ
1269 2511 1395 2558 Θεοῦ
1429 2509 1504 2558 καὶ
1539 2506 1731 2572 Πατρός
1793 2552 1860 2591 i.3.

130 2593 262 2642 ἐστιν
289 2593 313 2642 ὁ
341 2592 468 2654 Υἱὸς,
492 2594 540 2643 ἐν
566 2593 684 2660 αὐτῇ
710 2614 760 2643 τε
787 2590 854 2642 ὧν
881 2589 1119 2655 δηλονότι,
1146 2592 1223 2641 καὶ
1248 2589 1306 2658 ἐξ
1329 2590 1472 2653 αὐτῆς
1500 2592 1730 2657 φυσικῶς,

63 2696 114 2732 3ο
133 2673 273 2728 αὐτὸς
307 2675 355 2725 ἐν
391 2675 480 2725 τίνι
519 2673 935 2738 κατασημαίνεται,
962 2671 990 2738 ἢ
1024 2671 1102 2723 διὰ
1140 2673 1265 2724 τίνος
1304 2670 1463 2737 ἑτέρου
1501 2674 1770 2738 σφραγιεῖα
1797 2689 1886 2724 302
1900 2688 1951 2723 A.

132 2758 408 2824 χαρακτῆρα
451 2754 533 2807 τὸν
575 2756 691 2807 ’ίδιον
735 2757 760 2807 ὁ
804 2754 974 2821 Πατήρ
995 2781 1006 2816 3
1058 2755 1112 2805 οὐ
1156 2752 1250 2819 γὰρ
1297 2752 1354 2816 δή
1399 2774 1469 2806 τις
1512 2753 1608 2818 ἐρεῖ
1647 2751 1731 2802 τὸν

186 2906 215 2929 1.
242 2896 301 2929 τοῦ
320 2895 455 2938 Πατρὸς
472 2894 633 2940 ὑπάρχων
650 2894 788 2929 inverso
806 2893 929 2928 ordine
949 2894 991 2928 B.
1289 2904 1321 2937 3.
1349 2891 1368 2926 ὅ
1386 2897 1606 2936 assumptum
1626 2902 1667 2925 ex
1688 2890 1732 2926 B.

135 2943 168 2975 8.
195 2940 308 3023 ἐξιεὶς]
329 2941 435 2977 ἐνθεὶς
455 2941 497 2976 Β.
615 2987 643 3022 B
675 2952 726 2976 10.
752 2942 932 2986 ὡσπεροῦν
952 2941 994 2975 Β.
1014 2941 1131 2985 ὥσπερ
1151 2939 1217 2975 Ed=
1388 2949 1444 2973 21.
1471 2937 1488 2982 ἢ
1508 2943 1733 2983 assumptum

135 3001 176 3023 ex
234 3015 241 3024 .
388 2999 443 3023 22.
469 3003 504 3023 τε
524 2999 593 3023 om.
649 3013 656 3023 .

878 3057 995 3100 3L2
