2084 3317
111 141 180 184 vii.
198 154 265 197 52.
369 143 444 184 IN
487 144 529 184 S.
561 142 897 184 JOANNEM.
960 142 1084 183 LIB.
1108 143 1162 183 V.
1224 143 1357 184 CAP.
1391 143 1450 184 II.
1619 143 1700 183 709

110 253 213 318 ρίας
251 254 349 304 κατ’
382 252 546 303 οὐδένα
583 252 907 318 ἐπενεγκόντες
946 251 1140 319 τρόπον.
1207 253 1368 302 ἐκεῖνοι
1406 251 1490 314 μὲν
1529 250 1588 302 τὰ
1626 249 1702 301 διὰ

111 338 329 401 Χριστοῦ
354 333 585 395 λαβόντες
612 334 843 397 θαύματα,
871 336 945 384 καὶ
973 332 1293 399 συλλέγοντες
1323 332 1412 396 ἤδη
1445 354 1546 386 πως
1582 331 1702 383 κατὰ

111 415 269 484 βραχὺ
294 415 381 480 τὴν
407 417 474 467 ἐπ’
504 416 628 485 αὑτῶ
653 415 832 478 πίστιν,
856 438 970 466 ποτε
995 414 1080 478 μὲν
1107 414 1322 482 ε’φασκον
1349 421 1377 443 “
1397 415 1459 465 O
1487 413 1702 479 Χριστὸς

113 504 140 527 “
167 496 280 548 ὅταν
306 497 439 566 ἐ’λθῃ,
464 496 530 562 μή
569 520 613 548 τι
650 498 848 549 πλείονα
887 501 1063 561 σημεῖα
1102 496 1196 563 ἔχει
1233 499 1431 558 ποιῆσαι
1470 493 1536 545 ῶν
1568 495 1702 549 οὗτος

70 585 141 624 5“
166 581 444 644 ἐποίησεν;”
492 578 606 631 ποτὲ
643 579 691 630 δε
729 578 876 631 πάλιν
913 581 996 642 τῆς
1040 579 1186 632 οὕτως
1224 578 1367 644 ὀρθῆς
1405 574 1703 646 ἐξελκόμενοι

1764 415 1871 455 Supra

1764 468 1830 488 ver.
1848 466 1900 497 31.

111 660 316 726 γνώμης,
368 660 463 713 ἀπὸ
514 660 660 726 μόνης
711 659 1022 729 ἐσφάλλοντο
1071 662 1154 724 τῆς
1206 658 1422 726 Ναζαρὲτ
1475 657 1594 726 πρὸς
1644 662 1743 725 τῇο
1766 678 1889 717 1b.41.

785 741 805 762 ‘i'

113 744 389 795 Γαλιλαίων
429 743 649 808 κειμένης,
689 744 738 793 ἐν
776 767 806 811 ῃ
849 741 1164 810 ἐντεθράφθαι
1204 741 1287 792 τὸν
1322 741 1498 809 Κύριον
1536 741 1564 804 ἡ
1604 742 1704 791 θεία

112 824 367 892 διαγορεύει
403 824 584 893 γραφή·
634 825 849 893 ε”φασκόν
875 847 924 875 τε
959 823 1035 875 διὰ
1069 830 1209 874 τοῦτο
1236 831 1262 854 “
1285 821 1372 887 Μὴ
1407 821 1502 889 γὰρ
1537 823 1586 873 ἐκ
1621 824 1703 886 τῆς

114 912 143 936 “
170 907 432 960 Γαλιλαίας
458 908 483 957 ὁ
510 905 725 973 Χριστὸς
750 907 963 974 {fixeram
1007 906 1112 973 οὐχὶ
1148 906 1176 969 ἡ
1211 904 1374 975 γραφὴ
1406 903 1532 956 εἶπεν
1559 903 1631 955 ὅτι
1655 905 1705 955 ἐκ

46 1001 94 1027 10
114 994 142 1017 ‘⁶
167 987 440 1055 σπέρματος
467 991 642 1039 Δαυεὶδ
678 991 754 1039 καὶ
791 987 885 1039 ἀπὸ
921 986 1155 1051 Βηθλεὲμ,
1181 990 1264 1051 τῆς
1300 986 1459 1051 κώμης
1494 985 1613 1037 ὅπου
1647 984 1705 1050 ἦν

113 1076 140 1099 “
167 1072 356 1132 Δαυεὶδ,
388 1071 413 1121 ὁ
448 1069 666 1136 Χριστὸς
704 1070 884 1137 ἔρχεται
905 1070 948 1132 ;”
993 1072 1035 1119 οἱ
1074 1068 1123 1120 δὲ
1160 1066 1321 1120 πλατὺ
1359 1072 1594 1134 γελῶντες
1631 1068 1706 1119 ἐπὶ

112 1156 213 1205 ταῖς
260 1156 356 1203 τῶν
407 1151 568 1215 δήμων
619 1152 959 1214 ἀπαιδευσίαις,
1010 1150 1271 1217 ἐπαράτους
1325 1149 1374 1202 δὲ
1433 1149 1509 1202 διὰ
1565 1156 1706 1202 τοῦτο

113 1239 367 1288 καλοῦντες
406 1232 587 1297 αὐτοὺς,
621 1236 705 1298 τῆς
743 1234 927 1285 ἐκείνων
965 1234 1159 1299 ἀγνοίας
1197 1234 1280 1284 οὐκ
1317 1231 1446 1297 ἦσαν
1483 1234 1532 1284 ἐν
1571 1234 1701 1296 ἀμεί-

115 1336 266 1366 νοσιν.
341 1314 440 1367 ἰδοὺ
484 1316 577 1382 γὰρ
623 1318 698 1366 καὶ
749 1316 886 1367 αὐτοί
934 1323 1087 1385 φασιν
1128 1314 1363 1386 Ἐρεύνησ-ον
1410 1319 1488 1366 καὶ
1537 1311 1602 1366 ἴδε
1645 1315 1706 1366 ’ότι

49 1412 96 1450 15
115 1398 334 1465 προφήτης
369 1398 420 1450 ἐκ
453 1397 527 1458 τῆς
561 1399 825 1452 Γαλιλαίας
861 1401 936 1449 οὐκ
972 1399 1220 1468 ἐγήγερται.
1725 1396 1754 1437 d

190 1479 330 1531 Ε’ίποι
355 1479 400 1531 δ’
428 1479 485 1531 ἄν
509 1502 578 1534 τις
613 1478 730 1546 πρὸς
768 1477 936 1534 αὐτοὺς
971 1480 1046 1530 ἐπὶ
1072 1479 1254 1533 τούτοις
1280 1477 1492 1544 εὐλόγως
1519 1499 1705 1541 κεκινη-

115 1559 252 1623 μένος
287 1560 356 1613 ςΩ
401 1561 455 1613 τὸ
501 1566 632 1613 νικᾶν
677 1563 726 1612 ἐν
768 1562 1053 1630 ἀπαιδευσίᾳ
1096 1566 1487 1629 παραχωροῦντες
1533 1561 1705 1623 οὐδενὶ,

117 1642 329 1696 ὁίτευκτοι
369 1646 445 1695 καὶ
486 1646 706 1711 σκληροὶ,
747 1649 840 1695 ποῦ
882 1646 964 1708 τῆς
1010 1643 1229 1709 ὑμετέρας
1270 1642 1448 1711 ὀφρύος
1489 1642 1710 1710 καύχημα

118 1727 295 1794 σοφίας
321 1726 450 1794 ἰ’χνος
475 1727 523 1776 ἐν
551 1727 687 1790 &uim
714 1731 822 1785 vos)
850 1725 899 1776 δὲ
926 1729 1023 1778 τοῖς
1050 1725 1370 1789 νομομαθέσιν
1395 1725 1422 1789 ἡ
1456 1725 1710 1790 πρέπουσα

49 1830 97 1855 20
117 1808 342 1869 σύνεσις;
386 1809 439 1858 οὐ
473 1807 567 1874 γὰρ
602 1806 847 1874 ἐνδοιάζειν
878 1809 1020 1875 ἐχρῆν
1052 1808 1126 1858 ἐπὶ
1161 1811 1228 1877 τῷ
1264 1809 1450 1873 Σωτῆρι
1485 1810 1706 1876 Χριστῷ,

117 1890 485 1941 καταπείθεσθαι
521 1889 568 1941 δέ
601 1894 793 1953 μᾶλλον
819 1889 951 1940 οὐδὲν
979 1889 1104 1943 ὅλως
1139 1889 1480 1953 ἀναδυομένους
1506 1892 1573 1957 τῷ
1600 1891 1710 1957 Θεῷ

118 1973 194 2022 καὶ
223 1974 379 2038 Πατρὶ
413 1972 603 2037 λε’γοντι
637 1973 742 2039 περὶ
778 1972 922 2022 αὐτοῦ
956 1970 1074 2037 πρὸς
1108 1969 1192 2022 τὸν
1218 1969 1354 2037 ἅγιον
1380 1971 1610 2032 Μωυσέα,
1638 1969 1710 2021 ὅτι

118 2059 148 2082 “
175 2053 441 2123 Προφήτην
491 2055 647 2108 αὐτοῖς
706 2052 968 2118 ἀναστήσω
1026 2054 1076 2103 ἐκ
1134 2057 1229 2104 τῶν
1280 2055 1505 2121 ἀδελφῶν
1555 2053 1709 2103 αὐτῶν

119 2142 146 2165 “
172 2133 334 2203 ὥσπερ
373 2136 478 2187 σε.”
536 2134 590 2188 τὸ
636 2135 690 2186 δέ
725 2137 813 2186 Ἐκ
858 2140 953 2186 τῶν
991 2136 1216 2204 ἀδελφῶν
1254 2136 1421 2197 αὐτῶν,
1459 2138 1560 2188 πῶς
1604 2135 1748 2201 οὐχὶθ

51 2230 99 2269 ²5
118 2217 306 2272 πάντως
360 2216 474 2269 εἶναι
528 2220 649 2285 χρῆν
697 2219 747 2269 ἐκ
805 2221 900 2268 τῶν
949 2216 1189 2268 Ἰουδαίων
1237 2218 1313 2267 καὶ
1363 2216 1421 2284 ἐξ
1464 2214 1704 2283 Ἰσραήλ;

120 2298 347 2350 ἄλλωστε
389 2303 484 2350 τῶν
520 2298 606 2364 μὲν
644 2298 844 2366 θύραθεν
882 2299 936 2350 οὐ
977 2298 1208 2363 δεήσεσθε
1251 2297 1540 2364 κατηγόρων,
1580 2298 1711 2348 αὐτοὶ

121 2379 170 2431 δὲ
211 2379 266 2432 δι’
310 2383 486 2432 ἑαυτῶν
524 2383 859 2435 ἀσυνετοῦντες
903 2379 1334 2450 ἐξελεγχθήσεσθε.
1404 2378 1711 2433 διδάσκοντος

173 2543 203 2566 1.
229 2531 306 2578 μὲν]
330 2536 368 2574 -1-
388 2533 454 2578 γὰρ
471 2545 489 2567 e
509 2532 584 2567 Cat.
603 2532 698 2567 Aub.
809 2543 842 2567 2.
868 2534 1021 2576 Χριστοῦ
1041 2531 1082 2565 Β.
1104 2530 1221 2565 Holst.
1241 2531 1392 2575 Χριστὸν
1411 2530 1479 2565 Ed.
1594 2542 1626 2576 3.
1652 2530 1712 2575 τὴν

124 2591 194 2614 om.
214 2579 349 2624 Migne.
473 2579 506 2614 6.
535 2580 734 2623 Ναζαρέτᾶ.
754 2580 910 2623 Ναζαρεθ
929 2578 996 2613 Ed.
1061 2580 1100 2621 τῇ
1121 2577 1197 2611 Βηὸ
1217 2592 1256 2621 τη
1260 2592 1277 2611 ν
1297 2578 1360 2611 Ht.
1383 2577 1450 2612 Ed.
1564 2586 1595 2622 7.
1621 2577 1710 2611 ἐντε-

124 2626 276 2671 τράφθαι
293 2626 456 2660 emendat
475 2626 604 2671 Heyse.
622 2626 827 2671 ἐτετράφθαι
847 2626 888 2659 Β.
906 2624 1095 2670 τετράφθαι
1112 2636 1143 2658 a.
1165 2623 1228 2657 Ht.
1239 2593 1315 2658 qu.
1511 2634 1564 2657 11.
1591 2623 1645 2669 δε]
1669 2628 1708 2665 -ξ-

125 2673 350 2754 {px⁰⁹⁷⁶⁹Ead.
370 2684 563 2754 claususs’rh
574 2674 753 2754 T.“.},⁰'2.”.⁷‘⁹
770 2672 939 2752 emendi*
952 2672 1080 2763 ῗῖἷ-ἷῖᾖ
1097 2670 1341 2751 ΞΞὲΞἬῗςῃΒε.
1360 2670 1712 2761 λαέῗέἴῖἕῖφῗζιῗῖ.

128 2734 266 2825 ΝιΙὶῖἔῐΞῗ
280 2768 329 2812 φη
334 2781 390 2800 σιν
406 2766 500 2801 Aub.
815 2774 866 2808 15.
892 2731 1106 2810 ἐροφὴτης’
1089 2778 1124 2797 εκ
1141 2765 1199 2807 τῆς
1215 2729 1396 2809 γαξιλαίας
1412 2763 1480 2797 hoc
1497 2763 1618 2797 ordine
1638 2763 1679 2797 B.
1682 2775 1712 2798 a.

131 2813 186 2847 18.
211 2814 361 2847 ἅτευκτοι
381 2813 423 2847 Β.
445 2813 508 2847 Ht.
525 2812 659 2847 c'z‘rmcroc.
678 2811 744 2847 Ed.
761 2812 919 2846 ἅπευκτοι
937 2811 1084 2857 conjecit
1103 2810 1231 2855 Heyse.
1292 2810 1434 2844 Desunt
1456 2810 1562 2844 verba
1586 2811 1623 2843 in
1647 2809 1711 2843 Ni-

128 2859 209 2893 keta
225 2860 460 2894 abbreviante.
577 2871 629 2903 19.
655 2858 766 2904 ἴχνος]
790 2864 827 2900 -ί-
848 2873 880 2892 τι
897 2871 927 2892 a.
1037 2868 1091 2891 22.
1117 2855 1237 2902 αὐτοῦ]
1258 2856 1378 2891 τούτου
1395 2868 1425 2890 a.
1538 2867 1592 2898 24.
1618 2857 1657 2890 τὸ
1676 2855 1713 2890 δέ

127 2905 186 2940 Ἐκ
208 2910 274 2942 τῶν
293 2906 456 2951 ἀδελφῶν
475 2918 494 2941 e
517 2906 593 2941 Cat.
612 2906 721 2940 edidit
737 2906 831 2940 Aub.
852 2905 937 2939 ὅπου
963 2904 998 2938 δέ
1024 2905 1082 2938 τὸν
1105 2903 1140 2937 ἐκ
1164 2906 1231 2938 τῶν
1247 2904 1311 2938 ὧδε
1332 2903 1405 2949 [όδε
1424 2902 1511 2939 Cod.
1517 2902 1533 2949 ]
1552 2903 1714 2949 ἀδελφῶν

129 2952 173 2988 Β.
315 2963 370 2998 25.
396 2954 462 2999 χρὴ
480 2965 511 2989 a.
575 2952 716 2998 Ἰσραήλ
737 2952 779 2987 Β.
795 2950 1020 2996 Ἰερουσαλήμ
1038 2951 1102 2986 Ht
1122 2949 1188 2985 Ed.

1765 827 1817 858 Ib.
1834 836 1888 866 41,

1765 880 1818 910 42.

1768 1168 1820 1199 Ib.
1838 1178 1890 1209 49.

1771 2053 1873 2084 Deut.

1769 2097 1860 2128 xviii.
1880 2096 1929 2128 18.
