2084 3317
358 146 441 184 714
762 144 810 183 Β.
845 143 1122 183 CYRILLI
1165 142 1547 182 ALEXANDR.
1778 140 1863 181 viii.
1887 152 1951 181 12.

357 253 544 317 ἔρημον,
570 251 688 318 πρὸς
721 251 807 316 τὴν
838 255 920 315 τῆς
957 253 1244 316 ἐπαγγελίας
1278 250 1599 317 εὶστρέχοντες
1633 252 1742 315 γῆν,
1773 248 1952 317 νεφέλη

358 334 443 396 μὲν
462 335 617 388 αὐτοῖς
643 336 691 385 ἐν
715 333 864 402 ἡμέρᾳ
890 333 977 397 τὴν
998 332 1195 397 ἡλιακὴν
1217 331 1617 383 ἀποτινάσσουσα
1644 331 1810 401 φλόγα
1835 329 1956 381 κατὰ

357 414 598 481 βούλησιν
653 414 875 480 δηλονότι
931 413 1016 479 τὴν
1074 414 1216 477 θείαν,
1267 413 1447 482 ὀρόφου
1509 414 1641 477 δίκην
1701 412 1951 479 ἐπήρτητο·

358 498 539 552 στύλος
574 496 623 549 δὲ
655 499 812 564 ἡγεῖτο
850 495 998 563 πυρὸς
1036 499 1119 560 τῆς
1159 495 1324 550 νυκτὸς
1360 494 1626 563 μαχόμενος
1663 493 1842 564 σκότῳ,
1880 495 1956 545 καὶ

359 579 729 644 ἀπλανεστάτην
760 584 855 633 τοῖς
893 582 1019 629 ἰοῦσι
1057 577 1307 646 χαράττων
1342 577 1428 641 τὴν
1463 577 1588 628 ὁδόν.
1632 579 1881 642 ὡσπεροῦν
1915 578 1997 632 οἱ5

360 660 460 713 κατ’
495 663 641 712 ἐκεῖνο
681 667 842 727 καιροῦ
877 664 944 730 τῷ
978 660 1223 729 ἡγουμένῳ
1263 662 1338 710 καὶ
1372 658 1714 726 προελαύνοντι
1749 680 1954 708 κατακο-

361 747 641 796 λουθοῦντες
678 745 805 809 πυρὶ,
841 741 896 793 τὸ
934 745 1215 793 πλανᾶσθαι
1255 741 1493 810 διέφυγον,
1525 743 1599 792 καὶ
1637 739 1837 791 κατευθὺ
1875 741 1959 803 τῆς

317 834 345 875 d
362 825 537 878 εὐθείας
563 826 639 875 καὶ
665 826 803 890 ἁγίας
829 824 1055 892 ἐφέροντο
1083 827 1184 889 γῆς,
1206 822 1337 874 οὐδὲν
1359 823 1483 877 ὅλως
1511 821 1676 875 νυκτὸς
1703 820 1731 886 ἢ
1758 820 1959 874 σκότους

361 907 704 975 φροντίζοντες·
757 907 904 959 οὕτως
931 912 948 958 ὁ
975 904 1221 957 ἀκολουθῶν
1249 906 1357 974 ἐμοὶ,
1382 905 1642 968 τουτέστιν,
1669 906 1693 955 ὁ
1725 903 1823 955 κατ’
1851 903 1959 971 ἰ’χνη

358 990 538 1050 βαίνων
563 993 658 1040 τῶν
685 990 810 1052 ἐμῶν
836 987 1150 1054 διδαγμάτων,
1179 987 1315 1038 ἔσται
1348 987 1433 1050 μὲν
1459 988 1674 1051 οὐδαμῶς
1711 987 1759 1036 ἐν
1784 984 1958 1054 σκότῳ,
1980 1009 2028 1034 10

359 1074 406 1123 τὶ
449 1071 497 1123 δὲ
544 1070 643 1141 φῶς
688 1070 761 1130 τῆς
808 1069 917 1141 ζωῆς
962 1072 1281 1135 ἀποκερδανεῖ,
1327 1069 1558 1132 τουτέστι,
1603 1073 1699 1120 τῶν
1742 1067 1811 1119 ἐπ’
1858 1069 1959 1129 ἐμοὶ

359 1155 636 1220 μυστηρίων
679 1152 765 1217 τὴν
810 1151 1123 1220 ἀποκάλυψιν
1167 1156 1475 1219 χειραγωγεῖν
1517 1150 1658 1202 αὐτὸν
1700 1150 1960 1214 δυναμένην

360 1241 423 1290 εἰς
448 1235 568 1303 ζωὴν
593 1234 679 1300 τὴν
705 1234 904 1286 αἰώνιον.
958 1234 1170 1301 τεχνίτης
1198 1232 1246 1283 δὲ
1270 1232 1418 1284 πάλιν
1445 1237 1506 1288 εἷς
1533 1232 1708 1298 λόγους
1735 1231 1961 1299 ὑπάρχων

361 1320 387 1370 ὁ
420 1317 607 1385 Κύριος,
638 1317 966 1383 ἀγριαίνοντας
1005 1315 1095 1380 ἤδη
1137 1313 1245 1368 τοὺς
1277 1316 1570 1381 Φαρισαίους
1608 1316 1682 1365 καὶ
1721 1320 1954 1378 λελυττη-

362 1399 504 1454 κότας
538 1401 592 1451 οὐ
617 1403 808 1465 μικρῶς,
834 1397 1154 1465 προσερεθίζει
1189 1397 1273 1461 μὲν
1305 1398 1520 1461 οὐδαμῶς
1557 1395 1633 1448 διὰ
1667 1402 1750 1447 τοῦ
1785 1395 1960 1462 γυμνό-
1982 1414 2030 1453 15

324 1504 498 1549 θτερον
537 1482 693 1547 λέγειν
734 1480 806 1532 ὅτι
850 1482 925 1531 καὶ
973 1485 1198 1544 μενοῦσιν
1237 1481 1285 1530 ἐν
1323 1477 1484 1549 σκότῳ
1525 1481 1601 1530 καὶ
1642 1483 1742 1532 ταῖς
1784 1479 1961 1529 ἑαυτῶν

363 1565 614 1618 ἀπειθείαις
639 1562 1010 1632 ἐντεθνήξονται·
1041 1559 1202 1631 τρόπῳ
1229 1560 1277 1612 δὲ
1303 1559 1452 1613 πάλιν
1476 1561 1616 1631 ἑτέρῳ
1642 1566 1780 1612 τοῦτο
1807 1561 1962 1627 λέγων

361 1648 639 1714 εὑρίσκεται,
666 1645 1004 1714 μεταστρέψας
1037 1646 1112 1696 ε’πὶ
1147 1643 1201 1694 τὸ
1235 1642 1560 1711 χρηστότερον
1586 1648 1670 1694 τοῦ
1700 1641 1850 1708 λόγου
1874 1641 1961 1706 τὴν

362 1729 573 1792 δύναμιν.
615 1728 670 1779 δι’
694 1725 759 1778 ὧν
785 1726 879 1794 γὰρ
906 1725 1067 1777 ἐνθάδε
1093 1725 1176 1776 τὸν
1203 1726 1329 1795 αὐτῷ
1355 1724 1705 1776 κατακολουθεῖν
1731 1725 1961 1792 ᾑρημένον

362 1811 476 1881 ἕξειν
499 1810 546 1863 r}
574 1809 674 1881 φῶς
700 1809 775 1870 τῆς
808 1808 917 1880 ζωῆς
949 1806 1313 1874 ἐπαγγέλλεται,
1341 1806 1417 1859 διὰ
1453 1807 1632 1859 τούτων
1658 1808 1812 1858 αὐτῶν
1838 1809 1957 1859 ὑπο·
1982 1831 2032 1856 20
2066 1807 2071 1850 ἶ

363 1895 507 1958 δηλοῖ
545 1893 971 1959 περιεσταλμένως,
1014 1893 1077 1945 ὡς
1122 1888 1176 1942 τὸ
1220 1889 1418 1941 ἕπεσθαι
1462 1889 1838 1956 παραιτούμενοι,
1885 1892 1960 1940 καὶ

364 1976 524 2044 φωτὸς
562 1976 753 2044 ἕξουσιν
791 1975 985 2041 ἐρημίαν
1023 1979 1108 2025 τοῦ
1145 1973 1264 2040 πρὸς
1305 1971 1426 2040 ζωὴν
1464 1972 1632 2027 αὐτοὺς
1672 1972 1962 2040 ἀνακομίζειν

364 2057 628 2126 ἰσχύοντος.
693 2056 722 2122 ἢ
763 2056 856 2123 γὰρ
903 2058 957 2108 οὐ
999 2060 1123 2108 πᾶσι
1168 2055 1452 2124 καταφανὲς,
1501 2057 1577 2106 καὶ
1618 2055 1962 2124 ἀναμφιλόγως

363 2139 673 2206 παραδεκτὸν,
713 2138 784 2190 ὅτι
823 2143 918 2192 τοῖς
957 2137 1012 2190 τὸ
1055 2139 1269 2201 εὐθυμεῖν
1307 2137 1640 2206 ἀποφεύγουσι
1681 2138 1962 2201 συμβαίνειν

143 2238 231 2275 487
245 2237 294 2273 A.
328 2222 550 2288 ειάνάγκη
577 2220 631 2273 τὸ
658 2222 898 2283 ἐναντίον;
938 2219 995 2285 ἦν
1022 2221 1104 2271 οὖν
1130 2219 1222 2286 ἄρα
1247 2225 1331 2271 τοῦ
1359 2222 1581 2286 Σωτῆρος
1605 2219 1738 2283 ἡμῶν
1764 2220 1789 2270 ὁ
1816 2217 1960 2286 λόγος
1984 2244 2031 2283 25

366 2303 566 2370 ἀληθὴς,
606 2306 682 2354 καὶ
726 2301 780 2354 τὸ
824 2300 898 2353 διὰ
941 2305 1022 2367 τῆς
1067 2303 1115 2353 ἐν
1157 2302 1284 2371 αὐτῷ
1325 2301 1492 2369 τέχνης
1533 2301 1837 2366 οἶκονομηθέν
1878 2303 1961 2353 οὐκ

2057 3145 2071 3187 ἦ

2066 3191 2071 3207 ⁴

2070 3237 2071 3256 l

2067 3275 2071 3295 1

366 2388 657 2455 ἀμφίβολον.

415 2538 496 2582 4—6.
524 2538 621 2573 Haec
639 2535 914 2583 καὶ-ἡγουμένῳ
938 2541 1160 2571 accesserunt
1183 2547 1225 2569 ex
1244 2535 1287 2570 B.
1305 2541 1388 2570 sunt
1411 2542 1444 2570 et
1466 2536 1502 2570 in
1521 2535 1640 2570 Holst.
1660 2541 1693 2570 et
1715 2535 1840 2581 partim
1867 2535 1903 2569 in
1928 2546 1958 2570 a.

367 2586 400 2621 8.
418 2587 472 2620 καὶ
488 2585 585 2631 ἁγίας
602 2591 785 2630 assumpta
801 2596 842 2619 ex
860 2584 902 2618 Β.
920 2583 983 2618 Ht.
1035 2585 1162 2618 σκότου
1180 2594 1210 2617 a.
1313 2594 1366 2617 12.
1385 2583 1487 2617 αὐτὸν
1505 2582 1688 2626 δυναμένην
1704 2582 1772 2617 hoc
1790 2582 1912 2616 ordine
1929 2594 1960 2617 a.

371 2644 425 2676 14.
450 2633 646 2678 Assumpta
665 2632 726 2677 ἤδη
747 2631 825 2668 τοὺς
845 2631 1053 2676 φαρισαίους
1071 2642 1111 2664 ex
1132 2629 1161 2663 Β
1179 2641 1252 2675 mg.
1272 2641 1314 2669 a.‚
1334 2630 1387 2663 καὶ
1403 2631 1654 2673 λελυττηκότας
1671 2629 1710 2664 οὐ
1726 2632 1852 2675 μικρῶς
1869 2641 1910 2663 ex
1930 2628 1959 2662 B

368 2691 441 2724 mg.
638 2690 690 2724 19.
717 2680 775 2713 τὸν
793 2685 825 2712 et
842 2677 1009 2722 ᾑρημένον
1029 2677 1069 2711 B.
1088 2677 1225 2711 favente
1243 2688 1273 2710 a.
1290 2679 1336 2722 τῷ
1356 2683 1389 2710 et
1405 2676 1560 2724 ᾑρημένῳ
1579 2676 1646 2711 Ed.
1840 2687 1896 2718 24.
1921 2677 1960 2710 τὸ

369 2732 593 2771 assumptum
611 2738 652 2760 ex
672 2725 747 2760 B.a.
