2084 3317
190 140 416 200 iv.17-19.
451 148 524 189 IN
567 152 608 192 S.
643 154 978 203 JOANNEM.
1041 166 1166 210 LIB.
1201 171 1260 212 Π.
1323 176 1456 220 CAP.
1490 181 1567 223 IV.
1693 190 1775 229 273

243 536 357 583 λὲΓει
394 540 511 595 αὐτῷ
549 544 572 585 ἡ
612 548 728 593 Γυνή.
1789 596 1835 631 19

160 1231 236 1279 οὐκ
267 1231 402 1297 ἔχειν,
429 1238 580 1290 καίτοι
607 1246 853 1302 τοσούτοις
879 1260 1291 1325 συνεφθαρμενην·
1333 1267 1387 1315 οὐ
1418 1268 1512 1335 γὰρ
1547 1273 1748 1330 σύνοδος

150 1310 206 1359 ἐκ
232 1317 523 1383 φιληδονίας,
550 1324 662 1375 ἀλλ’
688 1326 716 1390 ἡ
741 1329 860 1380 κατὰ
891 1333 1036 1396 νόμον
1060 1343 1330 1399 συναίνεσις
1364 1351 1441 1400 καὶ
1476 1353 1747 1420 σύνδεσμος

149 1392 211 1461 ἐξ
232 1394 418 1462 ἀγάπης
445 1406 653 1470 καθαρᾶς
678 1406 761 1459 τὸν
787 1412 1144 1484 ἀκατηγόρητον
1169 1425 1460 1483 ἀποτελοῦσι
1488 1433 1658 1500 γάμον.

82 1570 129 1607 Ϊ5
511 1580 646 1638 Κύριε,
686 1589 840 1644 θεωρῶ
877 1592 941 1633 ὅτι
980 1599 1210 1653 ΠροφήτΗε
1244 1600 1287 1644 εἷ
1321 1608 1380 1648 σύ.

224 1694 383 1750 Μόλις
419 1701 687 1765 ἀναλάμπει
721 1709 839 1775 πρὸς
874 1717 1035 1783 νῆψιν,
1073 1724 1147 1772 καὶ
1182 1725 1331 1777 πάλιν
1366 1733 1495 1783 οὔπω
1535 1740 1733 1792 τελείαν.

144 1779 359 1843 προφήτην
402 1781 495 1848 γὰρ
545 1785 611 1836 ε”τι
655 1797 795 1842 καλεῖ
839 1794 922 1846 τὸν
966 1807 1230 1869 προφητῶν
1272 1813 1545 1879 Δεσπότην·
1607 1821 1737 1886 πλὴν

142 1856 342 1917 ἀμείνων
368 1859 396 1926 ἣ
432 1863 660 1932 πρότερον
692 1873 935 1944 ἀνεδείχθη
971 1883 1090 1934 κατὰ
1124 1888 1297 1957 βραχὺ,
1324 1896 1424 1945 κατ’
1452 1899 1616 1951 οὐδένα
1650 1903 1734 1966 μὲν

139 1937 316 2002 τρόπον
353 1943 472 2008 πρὸς
510 1949 616 2003 τοὺς
655 1953 881 2024 ἐλέγχους
920 1963 1259 2034 ἀσχάλλουσα,
1302 1974 1387 2039 τὴν
1427 1978 1477 2029 δὲ
1516 1983 1611 2034 ἀπὸ
1649 1993 1732 2039 τοῦ

69 2040 118 2065 20
137 2023 337 2083 σημείου
372 2025 569 2091 δύναμιν
595 2036 658 2087 εἷς
694 2038 929 2104 ὠφέλειαν
964 2047 1254 2116 ἀρπάζουσα,
1282 2060 1356 2108 καὶ
1391 2068 1610 2129 μαλακῆς
1645 2068 1730 2130 μὲν

135 2102 282 2157 οὕτως
315 2107 602 2169 ἐκβαίνουσα
640 2119 825 2184 φρενὸς,
852 2128 1048 2192 μετρίως
1084 2133 1234 2198 γεμὴν
1269 2142 1333 2192 εἷς
1368 2146 1578 2196 νεανικὸν
1608 2151 1723 2201 ἀνα-

131 2185 368 2243 βαίνουσα
414 2198 536 2256 νοῦν,
579 2200 654 2248 καὶ
700 2204 783 2265 τῆς
827 2208 1020 2272 καρδίας
1065 2213 1147 2264 τὸν
1192 2218 1449 2286 ὀφθαλμὸν
1494 2232 1556 2282 εἷς
1600 2233 1761 2299 ἀήθηει
1795 2251 1876 2287 184
1892 2252 1944 2288 A.

1136 2294 1156 2304 ἢ
1232 2299 1243 2314 Χ

130 2268 426 2333 πραγμάτων
452 2278 649 2342 θεωρίαν
676 2283 963 2341 ἐκτείνουσα.
1017 2293 1091 2360 ἐφ’
1118 2302 1156 2366 ᾧ
1192 2302 1248 2364 δη
1282 2311 1500 2366 μαλιστα
1532 2315 1717 2376 θαυμα-

60 2445 107 2482 25
127 2431 202 2479 καὶ
244 2431 452 2500 δύναμιν,
493 2443 566 2492 καὶ
606 2443 689 2499 τὰς
727 2449 1033 2510 ἀπαιδεύτους
1074 2463 1277 2519 διανοίας
1315 2470 1377 2522 εἰς
1419 2472 1716 2540 ἀξιοῖγαστον

125 2508 222 2577 ἕξιν
248 2515 453 2572 εὐκόλως
476 2527 940 2597 μεταῤῥυθμίζιψτος,

171 2677 202 2700 2.
230 2666 337 2715 εἶπες]
356 2663 451 2711 εἶπαεὲ
471 2677 512 2711 Β.
625 2683 676 2718 ὅτι
694 2686 798 2732 ἄνδρα
816 2690 876 2724 οὐκ
894 2693 961 2738 ἔχω
979 2707 1049 2730 om.
1071 2698 1112 2732 Β.
1225 2703 1355 2753 ἄνδρας
1365 2716 1586 2753 assumptum
1605 2726 1645 2748 ex
1667 2716 1708 2750 Β.

121 2713 240 2759 ἔσχες]
264 2716 420 2762 Reliqua,
439 2729 478 2757 ut
496 2725 565 2760 vid.
581 2740 650 2763 om.
668 2731 709 2766 B.
846 2739 879 2771 6.
907 2742 1009 2784 νόμου
1030 2743 1070 2778 Β.
1090 2745 1196 2782 Cord.
1216 2751 1319 2793 νόμον
1336 2752 1403 2786 Ed.
1455 2755 1580 2792 Statim
1599 2775 1709 2808 συνῳ-

119 2762 259 2802 κηκότος
279 2763 370 2799 Catt.
389 2781 508 2815 κατῳκ.
530 2772 595 2808 Ed.
753 2791 784 2826 7.
810 2787 987 2831 προφάσει
1006 2789 1112 2825 Cord.
1278 2797 1310 2831 8.
1338 2799 1533 2847 Assumpta
1549 2807 1594 2849 μὴ
1612 2807 1708 2846 ὄντος

118 2817 159 2838 ex
180 2806 254 2842 B.a.
275 2809 393 2852 Cord„
412 2813 451 2857 ἧν
468 2818 526 2852 alt.
545 2831 586 2854 ex
604 2833 633 2856 a.
651 2823 761 2861 Cord.
914 2845 946 2877 9.
973 2836 1100 2883 οὐκέτι]
1120 2838 1159 2872 ἵν’
1178 2840 1287 2876 οὐκέτι
1307 2843 1412 2880 Cord.
1569 2863 1621 2888 11.
1649 2857 1706 2889 λέ-

116 2866 247 2895 γουσαν
264 2857 323 2891 οὐκ
340 2859 491 2904 ἔχουσαν
507 2865 567 2900 οὐκ
585 2868 675 2913 ἔχειν
693 2871 773 2918 (Sic)
794 2876 840 2910 D.
1029 2894 1081 2917 12.
1109 2885 1269 2933 σύνοδος]
1288 2891 1378 2934 μίξις
1396 2905 1426 2928 a.
1606 2911 1658 2946 13.
1686 2903 1704 2946 ἡ

115 2910 185 2933 om.
205 2912 235 2935 a.
255 2902 358 2939 habet
378 2906 484 2944 Cord.
549 2916 757 2965 συναίνεσις]
778 2921 916 2961 σύνεσις
935 2928 1015 2972 (sic)
1036 2929 1142 2965 Cord.
1163 2932 1307 2971 σύνοδος
1324 2949 1354 2972 a.
1566 2957 1619 2988 14.
1646 2950 1704 2983 τὸν

114 2956 184 2980 om.
206 2947 247 2982 B.
268 2949 371 2986 habet
387 2953 497 2992 Cord.
645 2964 696 2999 18.
723 2965 830 3009 ἢοω.
851 2970 893 3005 Β.
1037 2987 1090 3012 22.
1117 2978 1219 3026 ἀήθη]
1239 2982 1347 3029 ἀληθη
1368 2985 1408 3020 Β.

170 3013 261 3044 VOL.
287 3018 315 3046 Ι.
891 3039 920 3065 N
943 3042 969 3067 Π
