2084 3317
119 863 194 903 Sap.
212 862 233 892 i.
250 872 279 901 5,

123 1433 217 1463 Rom.
236 1443 264 1462 v.

127 1485 174 1517 19.

344 182 425 219 184
746 182 794 222 B.
829 181 1105 222 CYRILLI
1148 180 1526 220 ALEXANDR.
1730 180 1755 219 i.
1775 193 1843 235 32,
1862 193 1928 234 33.

341 311 394 354 γε
431 292 513 352 τῆς
548 289 618 341 ἐπ’
646 290 792 359 ἄμφω
831 290 986 356 κύριος
1024 289 1101 351 ὢν,
1128 293 1282 358 πικρῷ
1320 288 1641 354 συνηρπάσθη
1681 287 1822 356 δόλῳ,
1855 291 1930 338 καὶ

292 378 319 417 b
343 372 602 425 ἀποκλίνας
648 376 711 425 εἰς
760 370 1019 437 παρακοὴν,
1061 371 1221 422 πίπτει
1271 370 1354 433 μὲν
1400 374 1463 423 εἰς
1507 369 1591 434 τὴν
1636 369 1744 420 ὅθεν
1787 369 1932 437 ἐξέφυ

340 453 518 518 μητέρα
555 452 640 516 τὴν
679 455 781 517 γῆν,
823 455 984 520 φθορᾷ
1029 451 1077 502 δὲ
1118 451 1207 515 ἤδη
1251 454 1325 501 καὶ
1371 451 1560 520 θανάτῳ
1606 450 1931 517 κρατούμενος,

341 535 440 603 ὅλῳ
477 533 781 599 παραπέμπει
819 537 885 601 τῷ
923 532 1046 598 γε’νει
1084 531 1170 596 τὴν
1208 532 1386 598 ζημίαν·
1439 533 1758 601 αὐξανομένου
1797 531 1845 582 δὲ
1883 533 1931 581 ἐν

341 616 450 679 ἡμῖν
489 618 564 666 καὶ
601 613 926 678 πληθύνοντος
964 620 1048 664 τοῦ
1088 619 1246 676 κακοῦ,
1286 615 1361 664 καὶ
1404 612 1522 679 πρὸς
1566 611 1622 664 r&
1665 617 1821 680 χεῖρον
1862 614 1973 663 άεὶ5

340 696 721 759 καταβαινούσης
757 698 839 759 τῆς
873 697 921 745 ἐν
953 695 1064 758 ἡμῖν
1097 696 1315 757 διανοίας,
1342 695 1740 757 βεβασίλευκενὴ
1777 695 1927 759 ἀμαρ-

341 778 436 840 τία,
466 777 622 842 γυμνή
653 800 702 828 τε
738 779 860 828 οὕτω
896 776 1067 828 λοιπὸν
1098 783 1182 827 τοῦ
1216 776 1555 829 ἐνοικισθέντος
1582 777 1750 840 εΑγίου
1779 775 1930 826 Πνεύ-

342 882 489 923 ματος
514 860 541 923 ἡ
569 859 820 926 ἀνθρώπου
847 858 993 926 φύσις
1018 860 1325 910 ἀνεδείκνυτο.
1381 866 1409 888 “
1428 856 1604 924 (Ἀγιον
1629 857 1723 923 γὰρ
1748 863 1932 918 πνεῦμα

303 962 325 989 c
344 949 371 970 ‘⁶
398 942 576 1010 σοφίας
603 941 825 1010 φεύξεται
852 939 1011 1003 δόλον,
1032 940 1154 992 καθὰ
1180 940 1456 1006 γέγραπται,
1484 942 1559 991 καὶ
1585 941 1638 990 οὐ
1665 938 1931 1004 κατοικήσει

342 1032 369 1054 “
395 1025 443 1074 ἐν
482 1023 670 1086 σώματι
714 1021 958 1092 κατάχρεῳ
1002 1023 1277 1089 ἁμαρτίας.”
1342 1024 1439 1074 ἐπεὶ
1481 1023 1637 1073 τοίνυν
1677 1024 1702 1072 ὁ
1747 1026 1931 1086 πρῶτος·
1956 1045 2003 1069 10

341 1105 499 1169 Ἀδὰμ
524 1104 610 1169 τὴν
635 1105 765 1171 παρὰ
792 1108 917 1156 Θεοῦ
944 1106 1168 1156 δοθεῖσαν
1195 1105 1249 1154 οὐ
1275 1104 1479 1155 διέσωσε
1506 1103 1659 1170 χάριν,
1679 1102 1933 1167 ἐπενόησεν

341 1187 452 1251 ἡμῖν
491 1187 547 1256 ἐξ
587 1188 785 1253 οὐρανοῦ
826 1186 909 1237 τὸν
948 1186 1161 1252 δεύτερον
1199 1185 1359 1250 Ἀδὰμ
1400 1188 1424 1237 ὁ
1464 1185 1586 1239 Θεὸς
1626 1188 1701 1236 καὶ
1744 1184 1928 1250 Πατήρ.

341 1268 513 1332 πέμπει
551 1267 644 1335 γὰρ
682 1273 744 1322 εὶς
784 1268 1012 1332 ὁμοίωσιν
1050 1267 1136 1332 τὴν
1173 1267 1292 1334 πρὸς
1331 1268 1451 1332 ἡμᾶς
1492 1266 1724 1333 ἄτρεπτόν
1761 1289 1810 1317 τε
1857 1269 1932 1316 καὶ

344 1352 671 1402 ἀναλλοίωτον
709 1350 822 1401 ὅντα
861 1355 918 1417 τῇ
959 1349 1103 1417 φύσει
1141 1349 1224 1400 τὸν
1260 1349 1376 1399 ἰ’διον
1401 1349 1532 1412 Υὶὸν,
1572 1351 1647 1399 καὶ
1684 1347 1738 1399 τὸ
1775 1349 1927 1414 ἁμαρ-

344 1432 499 1483 τάνειν
550 1433 634 1483 οὐκ
684 1432 839 1482 εἰδότα
893 1435 1155 1494 παντελῶς,
1206 1432 1281 1482 ἵνα
1333 1431 1545 1496 καθάπερ
1596 1429 1672 1481 διὰ
1720 1433 1801 1493 τῆς
1849 1436 1932 1481 τοῦ
1957 1450 2003 1487 15

345 1514 533 1581 πρώτου
559 1517 801 1581 παρακοῆς
834 1512 923 1565 ὑπὸ
955 1513 1084 1565 θείαν
1109 1513 1372 1579 γεγόναμεν
1399 1511 1560 1579 ὀργὴν,
1587 1514 1708 1563 οὕτω
1742 1511 1818 1563 διὰ
1851 1515 1933 1575 τῆς

347 1599 553 1660 ὑπακοῆς
588 1601 671 1647 τοῦ
705 1594 930 1662 δευτέρου,
958 1598 1032 1646 καὶ
1067 1595 1153 1659 τὴν
1185 1595 1304 1661 ἀρὰν
1334 1595 1640 1662 διαφύγωμεν
1671 1596 1746 1644 καὶ
1784 1592 1844 1644 τὰ
1881 1593 1939 1662 ἐξ

302 1679 489 1743 (Ιαύτῆς
534 1677 727 1746 ἀργήσῃ
772 1677 908 1729 κακά.
987 1675 1145 1741 ἐπειδὴ
1185 1677 1233 1728 δὲ
1272 1676 1520 1743 ἄνθρωπος
1557 1676 1750 1742 γέγονεν
1789 1677 1813 1727 ὁ
1852 1681 1936 1727 τοῦ

349 1764 474 1811 Θεοῦ
502 1760 682 1825 Λόγος,
718 1759 900 1827 δέχεται
933 1758 988 1810 τὸ
1022 1763 1219 1824 Πνεῦμα
1256 1758 1387 1825 παρὰ
1424 1765 1507 1809 τοῦ
1541 1757 1746 1824 Πατρὸς,
1780 1760 1840 1812 ὡς
1874 1757 1936 1811 εἷς

348 1843 404 1911 ἐξ
440 1843 583 1905 ἡμῶν,
616 1843 702 1909 οὐχ
740 1843 889 1910 ἑαυτῷ
926 1864 970 1892 τι
1007 1841 1269 1905 λαμβάνων
1300 1844 1469 1894 ἱδικῶς·
1519 1839 1656 1893 αὐτὸς
1692 1839 1785 1904 γὰρ
1819 1838 1877 1903 ἧν
1910 1840 1934 1889 ὁ
1956 1859 2004 1883 20

348 1930 432 1974 τοῦ
460 1923 736 1987 Πνεύματος
761 1922 977 1990 χορηγός·
1013 1925 1122 1973 ἀλλ’
1150 1923 1226 1973 ἵνα
1251 1927 1308 1990 τῇ
1336 1923 1481 1991 φύσει
1507 1922 1727 1989 διασώσῃ
1754 1921 1935 1983 λαβὼν,

350 2008 413 2060 ὡς
439 2006 697 2071 ἅνθρωπος,
725 2008 800 2056 καὶ
832 2006 1008 2074 ῥιζώσῃ
1038 2005 1185 2057 πάλιν
1213 2007 1261 2056 ἐν
1288 2006 1397 2069 ἡμῖν
1422 2003 1507 2068 τὴν
1532 2003 1935 2071 ἀποφοιτήσασαν

350 2087 487 2155 χάριν
531 2089 555 2138 ὁ
601 2087 664 2152 μὴ
710 2088 840 2142 εἰδὼς
885 2088 1133 2155 ἁμαρτίαν.
1207 2087 1282 2138 διὰ
1326 2086 1502 2150 ταύτην
1539 2084 1632 2151 γὰρ
1677 2084 1806 2147 οἶμαι
1850 2084 1936 2150 τὴν

351 2170 502 2220 αἰτίαν
541 2170 921 2236 προστεθεικέναι
966 2171 1210 2237 χρησίμως
1255 2168 1337 2220 τὸν
1376 2166 1511 2234 ἅγιον
1549 2167 1835 2232 βαπτιστὴν,
1873 2167 1935 2218 ’ὅτι

312 2250 561 2320 θτεθεάμαι
585 2255 629 2302 τὸ
660 2253 842 2319 Πνεῦμα
872 2254 1147 2310 καταβαῖνον
1175 2252 1220 2320 ἐξ
1249 2252 1414 2320 οὐρανοῦ
1444 2254 1521 2300 καὶ
1548 2248 1668 2316 μένον
1695 2250 1764 2300 ἐπ’
1792 2250 1932 2300 αὐτόν.
1958 2267 2006 2306 25

351 2333 535 2396 ἀπέπτη
562 2332 646 2396 μὲν
672 2333 766 2399 γὰρ
792 2333 848 2401 ἐξ
872 2334 1002 2396 ἡμῶν
1029 2332 1104 2383 διὰ
1129 2331 1215 2396 τὴν
1241 2332 1489 2398 ἁμαρτίαν,
1516 2331 1680 2396 γέγονε
1711 2328 1758 2380 δὲ
1790 2333 1851 2384 ὡς
1875 2330 1938 2385 εἷς

350 2415 407 2484 ἐξ
435 2415 579 2478 ἡμῶν,
608 2415 632 2465 ὁ
667 2413 732 2479 μὴ
766 2414 896 2468 εἶδώς
931 2415 1177 2480 ἁμαρτίαν,
1207 2414 1282 2464 ἵνα
1317 2415 1618 2479 προσεθισθῇ
1654 2410 1709 2462 τὸ
1743 2416 1937 2475 Πνεῦμα

350 2498 502 2560 με’νειν
522 2499 569 2547 ἐν
596 2497 718 2561 ἡμῖν,
741 2496 962 2564 ἀφορμὴν
990 2496 1072 2546 οὐκ
1100 2495 1208 2562 ἕχον
1235 2493 1581 2562 ἀναχωρήσεως
1607 2492 1636 2558 ἢ
1664 2495 1937 2559 ὑποστολῆς

350 2580 398 2630 ἐν
423 2579 564 2648 αὐτῷ.

427 2661 615 2710 Οὐκοῦν
641 2659 749 2724 ἡμῖν
777 2659 831 2709 δι’
861 2660 1026 2709 ἑαυτοῦ
1065 2657 1300 2721 λαμβάνει
1325 2656 1379 2708 τὸ
1409 2661 1616 2720 Πνεῦμα,
1643 2659 1718 2708 καὶ
1754 2660 1943 2708 ἀνανεοῖ
1958 2677 2009 2712 30

403 2804 432 2826 1.
459 2793 494 2826 δέ
514 2804 576 2837 pro
593 2807 632 2837 γε
650 2791 692 2826 Β.
829 2805 862 2834 4.
888 2790 1115 2835 αὐξανομένου
1135 2790 1176 2824 Β.
1195 2790 1379 2834 αὐξομένου
1399 2789 1465 2824 Ed.
1607 2801 1640 2832 5.
1665 2791 1725 2823 τοῦ
1742 2787 1860 2834 κακοῦ]
1880 2790 1938 2832 τῆς

351 2840 413 2883 γῆς
430 2840 483 2873 καὶ
500 2841 559 2873 τοῦ
577 2841 678 2872 κακοῦ
699 2838 740 2873 Β.
912 2849 965 2883 13.
992 2852 1028 2871 τε
1046 2849 1115 2871 om.
1136 2837 1177 2871 B.
1196 2837 1300 2871 habet
1319 2836 1425 2871 Cord.
1596 2847 1651 2879 14.
1676 2835 1876 2880 ἁμαρτάνειν
1896 2836 1938 2870 Β.

354 2885 461 2920 Cord.
480 2885 639 2930 ἁμαρτεῖν
658 2885 724 2920 Ed.
859 2896 913 2919 21.
939 2883 1016 2919 ἀλλ’
1035 2891 1255 2928 assumptum
1276 2895 1316 2917 ex
1341 2883 1415 2917 B.a.
1436 2882 1543 2917 Cord.
1683 2894 1738 2926 24.
1764 2882 1937 2927 προτεθει-

353 2932 441 2965 κέναι
463 2932 504 2966 Β.
522 2932 639 2966 invitis
657 2932 799 2966 catenis.
913 2941 968 2976 25.
994 2929 1095 2975 μένον
1115 2930 1190 2964 B.a.
1210 2930 1315 2964 Cord.
1337 2929 1405 2975 [κ’]
1424 2930 1551 2974 ἔμεινεν
1570 2929 1637 2965 Ed,
1744 2938 1799 2975 27.
1825 2943 1938 2973 προσ·

353 2978 473 3021 εθισθῇ
494 2978 601 3013 Cord.
617 2978 808 3023 προεθισθῇ
828 2979 873 3022 (si
892 2984 981 3013 recte
999 2978 1148 3021 contuli)
1167 2977 1235 3012 a.b.
1254 2977 1447 3022 προσεθίσῃ
1466 2975 1532 3010 Ed.
