2084 3317
128 156 155 197 i.
175 171 243 213 32,
263 171 329 213 33.
382 159 455 199 IN
498 160 539 199 S.
575 159 915 200 JOANNEM.
980 161 1103 200 ΜΒ.
1139 161 1199 201 11.
1263 162 1396 201 CAP.
1432 162 1467 200 I.
1641 162 1720 200 183

126 267 381 335 ἐξαρτίσας
426 268 542 337 ζῷον
581 270 606 319 ὁ
649 269 987 336 ἀριστοτέχνης
1028 269 1165 332 Θεὸς,
1204 268 1401 333 ἐντολὴν
1439 269 1591 319 ἐδίδου
1637 266 1721 330 τὴν

126 349 397 414 σώζουσαν·
439 351 515 400 καὶ
550 349 608 414 ἦν
642 351 691 400 ἐν
727 352 792 420 τῷ
827 351 1117 420 παραδείσῳ,
1144 349 1267 401 καθὰ
1302 350 1581 416 γέγραπται,
1615 351 1717 399 δια·
1785 370 1947 401 Gensis.

126 430 384 498 φυλάττων
413 430 478 481 ε”τι
517 430 571 482 τὸ
611 432 760 490 δοθὲν,
797 434 872 483 καὶ
908 437 966 500 τῇ
1005 435 1107 502 θείᾳ
1145 438 1229 483 τοῦ
1267 430 1576 496 πεποιηκότος·
1615 435 1719 482 δια-

124 511 305 578 πρεπὴς
357 513 494 563 εἰκόνι
546 513 621 564 διὰ
678 520 760 565 τοῦ
815 516 1153 568 ἐνοικισθέντος-
1204 515 1372 580 “Αγίου
1424 514 1719 577 Πνεύματος·

84 612 105 649 5
126 593 281 657 ἐπειδὴ
309 593 356 645 δὲ
381 600 483 649 ταῖς
508 601 591 646 τοῦ
617 596 848 657 διαβόλου
873 597 1318 663 παρατετραμμένος
1349 596 1551 648 ἀπάταις
1581 618 1719 646 κατε-

127 675 290 744 φρόνει
329 682 411 727 τοῦ
444 683 768 745 Δημιουργοῦ,
804 681 878 729 καὶ
919 677 1062 742 νόμον
1093 678 1176 729 τὸν
1212 678 1463 744 ὁρισθέντα
1501 676 1723 742 πατήσας

126 759 288 810 ἐλύπει
315 758 397 810 τὸν
424 761 682 826 εὐεργέτην,
711 760 796 825 τὴν
821 762 948 830 αὐτῷ
975 764 1198 812 δοθεῖσαν
1224 760 1539 827 ἀνεπράττετο
1571 760 1723 827 χάριν,

127 848 154 870 “
182 844 250 905 Γῆ
293 839 334 892 εἷ
378 844 453 892 καὶ
495 846 557 896 εἷς
602 845 692 907 γῆν
737 842 1019 910 ἀπελεύσῃ”
1064 842 1170 894 τότε
1210 848 1403 909 πρῶτον
1445 842 1655 896 ἀκούσας
1698 844 1951 895 6d1b·iii-19‹=

127 922 333 988 γεγονὼς
372 928 434 977 εἷς
472 922 605 989 ζωὴν,
637 923 1021 992 παρεχαράττετο
1056 925 1104 975 δὲ
1140 924 1228 988 ἤδη
1266 928 1342 975 καὶ
1380 926 1408 989 ἡ
1447 924 1566 989 πρὸς
1600 924 1725 975 Θεὸν

61 1026 107 1050 10
127 1005 350 1068 ὁμοίωσις
389 1004 463 1055 διὰ
503 1008 585 1069 τῆς
623 1006 1035 1072 ε’πεισδραμούσης
1075 1007 1321 1073 ἁμαρτίας,
1360 1008 1436 1057 καὶ
1475 1005 1601 1070 ἦσαν
1639 1005 1725 1070 μὲν

127 1086 279 1138 οὐκέτι
304 1086 474 1138 λοιπὸν
501 1092 542 1138 οἱ
569 1091 861 1155 χαρακτῆρες
887 1091 1113 1154 λαμπροὶ,
1141 1087 1448 1155 ἀμυδρότεροι
1477 1089 1530 1139 δέ
1550 1112 1651 1142 πως
1678 1090 1725 1139 ἐν

128 1170 254 1238 αὐτῷ
292 1172 367 1220 καὶ
407 1170 736 1233 ε’σκοτισμένοι
782 1169 858 1221 διὰ
897 1169 983 1235 τὴν
1020 1170 1315 1237 παράβασιν.
1377 1170 1534 1234 ἐπειδὴ
1576 1171 1623 1222 δὲ
1663 1175 1726 1225 εἷς

126 1250 316 1315 πληθὺν
350 1253 549 1318 ἀριθμοῦ
586 1253 826 1317 κρείττονα
862 1252 916 1303 τὸ
956 1252 1252 1319 ἀνθρώπινον
1283 1253 1533 1322 ἐξετείνετο
1567 1253 1720 1318 γένος,

128 1333 399 1399 κατεκράτει
436 1333 485 1384 δὲ
520 1335 712 1386 πάντων
740 1336 766 1398 ἡ
804 1335 1024 1400 ἁμαρτία,
1050 1334 1365 1401 πολυτρόπως
1401 1335 1487 1399 τὴν
1521 1336 1725 1386 ἑκάστου

63 1432 108 1469 ¹5
130 1415 378 1482 ληϊζομένη
414 1415 593 1484 ψυχὴν,
629 1419 956 1482 ἀπεγυμνοῦτο
991 1417 1076 1480 μέν
1110 1417 1300 1485 χάριτος
1338 1420 1421 1481 τῆς
1460 1419 1657 1486 ἀρχαίας
1696 1419 1765 1482 ἡο

129 1497 292 1565 φύσις·
350 1500 668 1549 ἀπανίσταται
715 1499 763 1549 δὲ
809 1499 862 1550 τὸ
907 1503 1103 1561 Πνεῦμα
1146 1504 1407 1562 παντελῶς,
1448 1502 1522 1550 καὶ
1565 1501 1724 1551 πίπτει

127 1578 245 1646 πρὸς
285 1578 371 1643 τὴν
407 1578 617 1647 ἐσχάτην
652 1582 855 1646 ἀλογίαν
891 1582 915 1631 ὁ
954 1579 1161 1646 λογικὸς,
1194 1583 1267 1632 καὶ
1308 1581 1450 1632 αὐτὸν
1481 1581 1725 1647 ἀγνοήσας

128 1660 212 1712 τὸν
238 1662 482 1712 κτίσαντα.
539 1661 651 1714 ἀλλ’
679 1664 703 1713 ὀ
729 1662 921 1714 πάντων
949 1664 1251 1730 Δημιουργὸς
1277 1663 1486 1729 μακροὺς
1511 1665 1725 1733 ἀνεξικα-

130 1742 283 1807 κήσας
318 1743 527 1811 χρόνους,
554 1746 674 1796 ε’λεεῖ
706 1744 875 1795 λοιπὸν
904 1745 1293 1813 κατεφθαρμένην
1319 1745 1404 1810 τὴν
1431 1745 1722 1810 οἰκουμένην,

61 1854 110 1878 20
131 1827 205 1876 καὶ
231 1825 316 1888 τὴν
341 1824 425 1889 μὲν
451 1826 845 1892 δραπετεύσασαν
872 1829 945 1878 ἐπὶ
978 1831 1065 1893 γῆς
1097 1827 1276 1893 ἀγέλην
1302 1832 1401 1881 ταῖς
1438 1829 1534 1879 ὀίνω
1571 1829 1720 1880 συνά-

130 1930 262 1958 πτειν
289 1906 465 1973 ἀγοιθδς
498 1906 562 1958 ὧν
589 1909 821 1975 ἠπείγετο·
866 1916 1255 1977 μεταστοιχειοῦν
1281 1908 1330 1961 δὲ
1364 1910 1513 1961 πάλιν
1540 1915 1602 1964 εἷς
1639 1910 1726 1975 τὴν

131 1990 330 2056 ἀρχαίαν
356 1990 508 2041 εἰκόνα
543 1990 629 2054 τὴν
656 1991 1001 2057 ἀνθρωπότητα
1035 1991 1112 2042 διὰ
1151 1997 1232 2042 τοῦ
1262 1992 1537 2057 Πνεύματος
1570 1994 1718 2044 ἐδοκί-

131 2071 287 2137 μαζεν.
353 2071 410 2136 ἧν
442 2072 536 2140 γὰρ
573 2074 659 2141 οὐχ
695 2073 859 2139 ἑτέρως
892 2073 999 2127 τοῦς
1034 2075 1183 2128 θείους
1218 2074 1505 2144 ἀναλάμψαι
1538 2099 1720 2143 χαρακ-
1742 2103 1763 2127 a
1804 2095 1879 2129 123
1897 2094 1951 2128 A.

131 2156 275 2218 τῆρας
300 2156 348 2205 ἐν
374 2156 506 2223 αὐτῇ,
533 2154 744 2222 καθάπερ
771 2156 853 2206 οῦν
879 2155 1005 2220 ἦσαν
1032 2158 1106 2206 καὶ
1132 2155 1378 2223 πρότερον.

64 2256 110 2293 25
206 2237 272 2286 Τί
307 2238 387 2287 οὖν
427 2238 518 2302 ἄρα
555 2237 674 2303 πρὸς
712 2243 851 2288 τοῦτο
893 2243 1174 2305 μηχανᾶται,
1213 2244 1314 2292 πῶς
1361 2239 1409 2290 δέ
1454 2240 1641 2290 ἄσυλον
1679 2242 1727 2290 ἐν

133 2317 240 2380 ἡμῖν
267 2318 495 2385 ἐφύτευσε
531 2318 616 2383 τὴν
642 2319 797 2387 χάριν,
828 2319 856 2384 ἢ
892 2325 992 2373 πῶς
1029 2321 1249 2387 ε’ῤῥιζώθη
1286 2320 1434 2372 πάλιν
1460 2323 1508 2371 ἐν
1538 2322 1720 2388 ἀνθρώ-

132 2421 238 2452 ποις
272 2399 326 2450 τὸ
355 2405 563 2464 Πνεῦμα,
589 2403 693 2452 τίνα
728 2402 775 2452 δὲ
808 2402 1038 2469 τρόπονὴ
1075 2402 1222 2471 φύσις
1259 2404 1573 2472 ἀνεμορφώθη
1608 2401 1728 2469 πρὸς

133 2480 186 2531 τὸ
225 2484 438 2549 ἀρχαῖον,
475 2483 739 2534 ἀκόλουθον
772 2489 929 2535 εἰπεῖν.
987 2486 1011 2535 ὁ
1049 2490 1236 2551 πρῶτος
1274 2486 1537 2552 ἄνθρωπος,
1569 2484 1728 2552 χοϊκός

132 2586 180 2613 τε
226 2563 451 2631 ὑπάρχων
490 2568 564 2616 καὶ
611 2565 705 2617 ἀπὸ
744 2569 826 2630 τῆς
872 2569 975 2632 γῆς,
1018 2569 1092 2618 καὶ
1132 2569 1180 2617 ἐν
1220 2568 1313 2636 ἰδίᾳ
1357 2567 1567 2631 κειμένην
1605 2567 1726 2633 ε”χων

63 2667 112 2701 30
132 2645 328 2714 ἐξουσίᾳ
365 2652 448 2697 τοῦ
483 2670 532 2698 τε
570 2650 751 2713 ἀγαθοῦ
785 2650 860 2699 καὶ
895 2654 977 2699 τοῦ
1023 2649 1212 2718 φαύλου
1245 2638 1332 2713 τὴν
1358 2649 1552 2715 αἵρεσιν,
1576 2651 1725 2715 ῥοπῆς

186 2836 214 2858 1.
241 2824 485 2870 ἀριστοτέχνας
506 2826 546 2860 Β.
665 2837 699 2871 5.
727 2829 932 2873 καταφρονεῖ
953 2827 993 2862 Β.
1113 2840 1146 2873 9.
1173 2828 1209 2861 δέ
1227 2833 1451 2872 assumptum
1469 2840 1509 2861 ex
1530 2828 1571 2862 B.
1589 2828 1726 2862 favente

137 2871 244 2905 Cord.
379 2883 431 2906 10.
458 2872 752 2917 ἐπεισδραμούσης
772 2875 814 2909 Β.
832 2874 1083 2920 ἐπιδραμούσης
1102 2874 1210 2908 Cord.
1230 2874 1296 2908 Ed.
1433 2885 1486 2919 13.
1512 2878 1578 2909 τῶν
1596 2875 1726 2920 ἀνθρώ-

135 2932 232 2952 πινον
251 2917 293 2952 Β.
494 2930 546 2962 19.
572 2918 667 2963 ἦλὴει
686 2921 766 2965 (Sic)
787 2921 894 2956 Cord.
1096 2932 1151 2955 20.
1178 2920 1250 2966 ἐπὶ]
1274 2925 1310 2961 -Ι-
1332 2922 1390 2965 τῆς
1408 2921 1474 2956 Ed.
1494 2922 1611 2956 invitis
1631 2922 1725 2956 B.D.

137 2975 192 3009 30.
221 2963 377 3010 ἐξουσίᾳ]
398 2965 457 3009 τὴν
475 2964 635 3008 ἐξουσίαν
653 2966 694 3000 Β.
