2084 3317
126 157 196 197 vii.
215 172 254 213 9,
275 171 337 199 10.
384 158 457 199 IN
500 158 542 198 S.
577 158 912 198 JOANNEM.
976 157 1101 197 LIB.
1135 157 1213 197 IV.
1277 157 1409 197 CAP.
1434 157 1486 196 V.
1626 156 1706 196 591

123 265 269 331 στέρα
310 267 547 334 φαίνηται,
580 268 728 318 καίτοι
768 267 877 317 λίαν
909 267 1184 319 ἀπαίδευτος
1224 266 1346 316 οῦσα
1380 269 1475 315 τῶν
1505 265 1650 314 ἐθνῶν
1683 262 1710 326 ἡ

122 347 322 411 πληθὺς,
352 348 426 398 διὰ
464 347 550 412 τὴν
585 348 650 399 ἔτι
689 348 989 415 συνέχουσαν
1021 345 1227 411 πλάνην.
1290 346 1510 410 σημαίνει
1549 344 1598 395 δὲ
1637 343 1713 394 διὰ

120 428 288 479 τούτου
323 431 399 480 καὶ
433 428 520 493 τὴν
545 434 607 483 εἷς
641 429 762 480 αὐτὰ
797 430 978 480 δικαίαν
1005 428 1264 493 ἀγάπησιν,
1293 430 1369 478 καὶ
1402 427 1487 491 τὴν
1513 428 1588 477 ἐπὶ
1614 430 1712 479 τοῖς

121 508 178 577 ἐξ
200 509 405 577 Ἰσραὴλ
442 510 773 577 εὐλογωτάτην
798 511 1068 578 ἀπέχθειαν.
1120 514 1222 564 πῶς
1260 508 1352 576 γὰρ
1389 510 1473 560 οὐκ
1511 508 1712 572 ε”μελλεν

80 609 102 648 5
123 597 150 620 “
176 592 202 641 ὃ
235 591 392 643 πάντα
427 592 678 658 γινώσκων
708 594 820 659 πρὶν
852 592 1082 656 γενέσεως
1117 592 1310 654 αὑτῶν,”
1338 592 1458 642 οὕτω
1494 588 1706 653 διατεθή-

709 673 721 691 K
788 673 810 692 ΣΙ

123 677 313 736 σεσθαι,
342 675 404 727 ὡς
439 673 629 740 ἀγάπης
664 697 751 738 μεν
775 676 865 739 ηδη
900 677 983 738 τῆς
1019 674 1145 727 θείας
1179 673 1344 742 ἀξιοῦν
1368 671 1454 736 τὴν
1479 672 1536 740 ἐξ
1563 672 1708 722 ἐθνῶν
1728 671 1755 713 d

122 753 433 819 Ἐκκλησίαν,
474 755 768 820 καλουμένην
808 757 955 809 οὕτως
998 756 1199 809 εὐπετῶς
1244 757 1318 806 ε’πὶ
1362 758 1429 823 τῷ
1471 752 1710 805 πιστεύειν

124 837 267 905 αὐτῷ,
299 837 608 888 ἀποσείεσθαι
647 836 695 887 δὲ
725 836 896 887 λοιπὸν
931 837 1007 887 καὶ
1042 835 1492 900 καταμυσάττεσθαι
1524 834 1710 888 δικαίως

123 919 186 971 ὡς
224 917 476 983 ἀγνώμονα
513 917 599 982 τὴν
634 918 965 985 Ἰερουσαλήμ·
1007 918 1058 972 ὅς
1095 941 1150 983 γε
1187 920 1263 969 καὶ
1301 917 1396 984 πρὸ
1434 918 1588 967 αὐτῶν
1626 918 1709 979 τῆς

55 1024 102 1049 10
121 1000 367 1063 ἐπιδημίας
402 1004 496 1051 τῶν
521 999 719 1067 χρόνων,
747 1002 1034 1063 ἐπιθυμῆσαι
1065 999 1149 1063 μὲν
1175 1000 1362 1065 λε’γεται
1392 1005 1475 1050 τοῦ
1501 998 1709 1052 κάλλους

121 1081 277 1144 αὐτῆς,
304 1080 424 1131 κατὰ
455 1080 542 1145 τὴν
568 1087 652 1132 τοῦ
684 1080 966 1150 ψάλλοντος
1002 1081 1326 1150 ἀναφώνησιν,
1351 1079 1533 1147 πόρνην
1559 1078 1607 1131 δὲ
1633 1081 1711 1131 καὶ

121 1164 391 1229 μοιχαλίδα,
424 1165 500 1213 καὶ
538 1164 587 1214 τί
620 1163 714 1230 γὰρ
753 1165 857 1231 οὐχὶ
895 1166 990 1214 τῶν
1022 1163 1260 1225 τοιούτων,
1292 1161 1379 1226 τὴν
1409 1161 1712 1228 σκληροτροί-

122 1251 275 1311 χηλον
299 1243 620 1311 Ἰερουσαλὴμ
647 1245 904 1307 ἀπεκάλει,
946 1245 1239 1312 σαφέστατα
1265 1250 1382 1310 γοῦν
1409 1243 1484 1295 διὰ
1516 1242 1603 1308 μὲν
1629 1248 1712 1294 τοῦ

121 1324 371 1394 προφήτου
412 1329 563 1395 φησὶν
601 1327 822 1394 Ἱεζεκιὴλ
860 1327 979 1393 πρὸς
1018 1326 1164 1392 αὐτήν
1195 1333 1223 1356 “
1248 1326 1344 1377 Διὰ
1381 1332 1521 1379 τοῦτο
1558 1324 1750 1392 πόρνηθ

186 1407 210 1425 ³!

56 1413 148 1460 15“
175 1430 311 1458 ακουε
355 1408 503 1474 λόγον
547 1409 767 1476 Κυρίου·”
828 1409 904 1460 διὰ
948 1408 996 1460 δὲ
1042 1412 1125 1472 τῆς
1164 1409 1390 1475 Ἱερεμίου
1437 1410 1601 1477 φωνῆς
1646 1410 1712 1462 ὡς

120 1491 377 1556 μοιχαλίδα
417 1495 707 1542 καταιτιᾶται
747 1495 876 1553 βοῶν
915 1491 986 1542 ὅτι
1025 1497 1053 1520 “
1082 1489 1256 1545 Καθὼς
1297 1494 1455 1542 ἀθετεῖ
1490 1488 1608 1556 γυνὴ
1650 1494 1712 1544 εἷς

123 1577 151 1600 “
176 1569 259 1622 τὸν
286 1571 493 1623 συνόντα
525 1573 660 1640 αὐτῇ,
691 1574 839 1627 οὕτως
873 1572 1104 1637 ἠθέτησεν
1131 1576 1193 1626 εἷς
1229 1572 1307 1636 ἐμὲ
1340 1571 1463 1627 οἶκος
1488 1571 1710 1640 Ἰσραὴλ,

123 1659 151 1681 “
174 1653 304 1718 λε’γει
336 1654 550 1721 Κύριος.”
605 1657 668 1708 ὡς
701 1656 782 1705 οῦν
809 1654 898 1719 ἤδη
935 1653 1055 1706 κατὰ
1089 1653 1367 1720 πρόγνωσιν
1392 1654 1479 1719 τὴν
1504 1657 1554 1707 ἐκ
1588 1678 1712 1722 προ-

122 1736 315 1799 μηθείας
354 1740 659 1802 θεοπρεποῦς,
699 1739 782 1800 τῆς
821 1735 907 1799 μὲν
946 1736 1003 1805 ἐξ
1041 1738 1188 1788 ἐθνῶν
1224 1738 1518 1802 Ἐκκλησίας
1557 1760 1715 1804 περια-

54 1836 104 1859 20
124 1816 307 1883 θρήσας
342 1816 395 1868 τὸ
433 1818 629 1881 κάλλος,
656 1821 738 1882 τῆς
774 1818 823 1869 δὲ
857 1823 951 1869 τῶν
976 1820 1217 1869 Ἰουδαίων
1244 1821 1531 1885 συναγωγῆς
1556 1819 1642 1884 τὴν
1667 1821 1716 1870 ἐν

123 1897 390 1966 φαυλότητι
428 1900 616 1966 τρόπων
643 1900 953 1968 αἰσχρότητα,
979 1899 1065 1964 τὴν
1096 1899 1181 1964 μὲν
1214 1899 1303 1965 ἤδη
1341 1905 1602 1970 προαγαπᾷ
1640 1904 1714 1952 καὶ

1771 577 1857 607 Hist.

1772 620 1844 651 Sus.
1861 629 1913 659 4²-

1770 990 1825 1021 Ps.
1841 990 1922 1021 xliv.

1774 1042 1787 1064 1
1797 1043 1824 1065 2.

1770 1319 1871 1370 Ezfek.

1770 1374 1836 1394 xm.
1857 1372 1908 1404 35.

1773 1485 1868 1518 Hier.
1888 1487 1934 1518 iii.

1777 1540 1826 1562 20.

120 1981 521 2048 προεισοικίζεται,
549 1982 765 2048 καθάπερ
791 1981 896 2033 τινὰ
923 1982 1113 2051 νύμφην
1139 1984 1213 2034 ἐπὶ
1246 1987 1435 2052 παστῷ,
1463 1985 1537 2035 ἐπὶ
1574 1982 1623 2034 δὲ
1657 1987 1714 2051 τῇ
1732 2002 1754 2027 a
1782 1994 1874 2028 404
1886 1993 1936 2029 A·

120 2062 252 2132 ἑτέρᾳ
295 2063 719 2131 προαπεχθάνεται,
760 2062 814 2116 τὸ
856 2065 1045 2119 τελείως
1087 2064 1282 2134 ἑκατέρᾳ
1326 2065 1715 2132 χρεωστούμενον

121 2149 267 2215 καιρῷ
294 2145 508 2211 τηρήσας
534 2150 600 2215 τῷ
627 2145 788 2198 δέοντι.
830 2147 934 2197 οὔτε
961 2145 1055 2213 γὰρ
1081 2146 1300 2213 πρόωρον
1318 2151 1415 2200 τοῖς
1434 2147 1491 2215 ἐξ
1512 2146 1716 2214 Ἰσραὴλ

53 2240 102 2278 25
123 2226 399 2293 ὁλοκλήρως
435 2226 597 2294 ἐπάγει
632 2227 718 2292 τὴν
744 2227 962 2291 κόλασιν,
989 2229 1092 2279 οὔτε
1124 2227 1218 2292 μὴν
1245 2230 1523 2296 ὁλοσχερῶς
1549 2228 1715 2280 ἑαυτὸν

122 2311 180 2375 τῇ
208 2310 449 2378 Γαλιλαίᾳ
474 2309 708 2376 χαρίζεται
733 2309 827 2376 πρὸ
853 2315 937 2361 τοῦ
963 2311 1202 2377 σωτηρίου
1228 2316 1457 2377 σταυροῦ·
1488 2310 1594 2362 τότε
1620 2310 1713 2378 γὰρ

122 2388 181 2454 ἧν
226 2396 365 2441 τοῦτο
410 2394 594 2457 δρῶντα
638 2393 824 2446 δικαίως
869 2391 938 2444 ἐπ’
983 2392 1198 2458 εὐλόγοις
1250 2392 1417 2447 αἰτίαις
1467 2395 1550 2456 τῆς
1594 2391 1713 2459 πρὸς

121 2471 319 2526 ἐκείνους
369 2472 558 2538 ἀγάπης
609 2476 892 2541 ἀποφοιτᾶν.
966 2474 1158 2540 εἰρηκὼς
1205 2480 1471 2541 τοιγαροῦν,
1519 2477 1581 2528 ὡς
1627 2475 1712 2526 οὐκ

120 2554 414 2619 ἀναβήσεται
463 2554 582 2621 πρὸς
630 2555 805 2620 ταύτην
849 2555 935 2620 τὴν
980 2553 1161 2622 ἑορτὴν,
1210 2559 1286 2607 καὶ
1337 2561 1432 2610 τοῖς
1484 2558 1708 2625 ἀδελφοῖς
1728 2564 1755 2605 b

49 2659 100 2695 30
119 2635 387 2704 ἐπιτρέψας,
415 2640 452 2687 εἱ
478 2636 692 2701 θελητὸν,
720 2638 845 2700 ἱέναι,
871 2636 1031 2702 μόνος·
1074 2642 1288 2704 παρεῖναι
1325 2637 1418 2705 γὰρ
1454 2639 1584 2689 οὔπω
1612 2641 1705 2689 διε-

171 2780 202 2804 1.
228 2769 388 2814 φαίνηται
408 2769 450 2804 Β.
468 2769 604 2815 γένηται
623 2770 689 2805 Ed.
840 2781 872 2816 3.
899 2771 983 2805 αὐτὰ
1003 2771 1044 2805 Β.
1064 2772 1166 2806 αὐτὸν
1184 2770 1250 2804 Ed.
1326 2770 1501 2816 ἀγάπησιν
1519 2771 1560 2805 Β.
1578 2771 1712 2817 ἀγάπην

123 2816 190 2851 Ed.
338 2825 367 2861 7.
395 2817 457 2862 τῷ]
477 2818 515 2850 τὸ
535 2817 580 2851 D.
726 2828 780 2863 13.
805 2820 890 2863 γοῦν
908 2819 963 2852 διὰ
979 2817 1056 2863 μέν]
1076 2819 1136 2860 μὲν
1153 2819 1207 2852 διὰ
1228 2817 1269 2851 Β.
1407 2818 1460 2851 16.
1488 2818 1647 2861 ἀθετήσει
1668 2819 1711 2853 Β.

125 2874 180 2898 21.
206 2865 415 2908 προσαγαπᾷ
435 2864 486 2897 καὶ
503 2864 757 2908 προσοικίζεται
777 2864 819 2898 Β.
1091 2875 1147 2909 23.
1172 2864 1492 2909 προσαπεχθάνεται
1512 2864 1554 2899 Β.
1575 2865 1710 2910 Migne.

125 2921 180 2952 24.
206 2912 308 2955 καιρῷ
326 2909 493 2956 τηρήσας]
514 2911 566 2944 καὶ
583 2911 799 2954 προ-τηρήσας
820 2911 860 2945 Β.
975 2920 1031 2956 27.
1058 2911 1207 2955 δρῶντας
1227 2911 1267 2945 Β.
1387 2911 1443 2945 28.
1469 2911 1649 2956 ἐπιφοιτᾶν
1668 2912 1710 2947 Β.

125 2967 181 3001 30.
207 2959 319 3001 μόνος·
345 2959 498 3001 παρεῖναι
515 2964 698 3002 assumpta
716 2970 757 2992 ex
777 2958 819 2992 Β.
892 2957 1001 3002 οὔπω]
1026 2963 1062 2998 -f-
1084 2959 1143 2992 τὸν
1160 2958 1283 2992 οἰκεῖον
1301 2957 1367 2992 Ed.
1387 2958 1496 2992 invito
1517 2958 1557 2992 Β.
