2084 3317
117 384 224 423 Supra

116 437 181 457 ver.
202 437 230 468 9.

115 710 219 748 ¹<upra

116 762 181 781 ver.
199 762 245 782 20.

112 1440 218 1478 Supra

111 1492 176 1512 ver.
196 1491 243 1521 25.

337 200 422 241 286
741 203 789 243 B.
824 202 1097 243 CYRILLI
1140 201 1516 243 ALEXANDR.
1783 199 1836 239 iv.
1859 199 1923 241 26.

340 312 442 376 ουχὶ
478 309 553 360 διὰ
585 312 667 374 τῆς
695 310 1006 376 ὑπομνήσεως
1032 316 1094 365 εἰς
1120 310 1350 380 ἐξήγησιν
1376 315 1596 360 καλοῦσα
1619 307 1701 359 τὸν
1730 307 1920 373 Κύριον·

340 398 366 420 “
397 395 508 446 Πῶς
543 391 635 458 γὰρ
672 392 749 455 σὺ,
788 395 956 461 φησὶν,
986 393 1211 446 Ἰουδαῖος
1247 391 1310 442 ὧν
1344 392 1453 457 παρ’
1489 393 1601 453 ἐμοῦ
1635 394 1754 441 πιεῖν
1789 393 1927 441 αἰτεῖς

340 480 367 501 “
393 473 609 538 γυναικὸς
644 475 981 540 Σαμαρείτιδος
1017 475 1224 537 οὕσης;”
1267 473 1423 536 ἐπειδὴ
1458 471 1519 534 δὲ,
1546 478 1629 522 τοῦ
1664 474 1746 534 τῆς
1778 493 1921 534 κατη-

337 554 523 622 χήσεως
548 553 796 621 προϊόντος
822 554 987 619 λόγου,
1014 557 1089 605 καὶ
1121 554 1375 622 προφήτην
1401 552 1637 618 ὡμολόγει
1670 550 1783 603 εἶναι
1821 558 1922 601 λοι-

337 635 442 697 πὸν,
476 635 728 704 φάρμακον
762 641 823 689 εἷς
863 637 1106 702 σωτηρίαν
1142 641 1366 697 λαβοῦσα
1406 634 1488 685 τὸν
1524 632 1740 700 ἐ’λεγχον,
1769 633 1968 698 ἑτέραν5

339 717 465 786 αὐτῷ
490 720 707 783 προσῆγε
732 716 817 780 τὴν
842 722 1012 767 πεῦσιν
1038 718 1252 782 λέγουσα
1287 719 1567 785 φιλομαθῶς
1595 722 1622 743 “
1643 718 1707 765 Οἱ
1732 714 1928 779 πατέρες

339 805 366 828 “
391 799 523 862 ἡμῶν
555 801 603 849 ἐν
640 802 707 868 τῷ
745 798 840 865 ὄρει
879 797 1029 868 τούτῳ
1064 799 1449 864 προσεκύνησαν,
1488 799 1562 847 καὶ
1602 797 1727 860 ὑμεῖς
1765 796 1927 860 λέγετε

396 880 417 898 ΡΙ

299 896 321 922 C
340 887 365 909 “
393 903 464 931 οτι
494 882 542 931 ἐν
567 880 918 947 Ἰεροσολύμοις
953 882 1085 931 ἐστὶν
1112 882 1136 930 ὁ
1172 878 1315 933 τόπος
1350 879 1469 930 ὅπου
1507 882 1791 945 προσκυνεῖν
1818 879 1923 929 δεῖ.”

338 963 448 1012 ἀλλ’
477 962 746 1014 ἐδιδάσκετο
784 968 923 1014 τοῦτο
956 961 1121 1023 πάλιν,
1152 964 1213 1015 ὡς
1249 962 1348 1030 ἥξει
1384 959 1514 1023 ποτὲ,
1540 965 1732 1024 μᾶλλον
1758 959 1806 1010 δὲ
1837 959 1926 1023 ἤδη

336 1042 568 1110 πάρεστιν
602 1046 626 1095 ὁ
662 1043 833 1111 καιρὸς,
868 1043 976 1095 καθ’
1006 1043 1059 1095 ὃν
1091 1048 1132 1095 οἱ
1172 1045 1387 1107 ἀληθινοὶ
1425 1043 1751 1108 προσκυνηταὶ
1786 1039 1841 1091 τὸ
1878 1043 1925 1092 ἐν
1949 1061 1995 1086 10

336 1125 469 1192 ὄρεσι
495 1132 590 1180 τοῖς
616 1128 689 1177 ἐπὶ
716 1129 803 1191 γῆς
829 1131 1114 1192 προσκυνεῖν
1139 1124 1490 1191 παρωσάμενοι,
1514 1123 1599 1188 τὴν
1620 1124 1925 1190 ὑψηλοτέραν

337 1210 412 1258 καὶ
447 1209 496 1258 ἐν
520 1209 749 1270 πνεύματι
786 1209 1006 1272 λατρείαν
1037 1208 1360 1273 προσοίσουσι
1396 1211 1462 1273 τῷ
1497 1209 1605 1273 Θεῷ
1641 1206 1717 1255 καὶ
1748 1205 1918 1270 Πατρί.

335 1288 464 1358 μόνῳ
491 1288 540 1340 δὲ
565 1290 759 1355 πρέπειν
786 1291 1014 1339 ἀναθεῖσα
1041 1288 1099 1339 τὰ
1127 1287 1370 1338 κάλλιστα
1395 1291 1461 1356 τῷ
1488 1289 1703 1354 Χριστῷ,
1730 1288 1805 1336 καὶ
1840 1285 1925 1349 τὴν

334 1373 406 1422 ἐπὶ
456 1376 552 1425 τοῖς
597 1372 811 1434 ἀμείνοσι
857 1375 1039 1436 γνῶσιν
1083 1375 1179 1423 τοῖς
1223 1370 1395 1420 ἐκείνου
1441 1367 1626 1435 χρόνοις
1667 1366 1926 1433 τηρήσασα

336 1460 361 1482 “
390 1453 614 1517 Οἴδαμεν,
643 1455 809 1521 φησὶν,
838 1452 908 1503 ὅτι
935 1453 1102 1514 μεσίας
1128 1451 1326 1518 ἔρχεται,
1355 1452 1378 1501 ὁ
1407 1449 1661 1516 λεγόμενος
1687 1447 1920 1515 Χριστὸς,
1948 1468 1992 1505 15

392 1534 413 1551 el

289 1541 315 1582 d
335 1541 361 1563 ‘⁶
389 1558 503 1585 οταν
529 1533 646 1603 ἐ’λθῃ
673 1536 855 1596 ἐκεῖνος,
883 1536 1143 1600 ἀναγγελεῖ
1165 1534 1274 1596 ἡμῖν
1297 1532 1500 1584 πάντα.”
1543 1533 1656 1600 ὁρᾷς
1683 1531 1809 1584 ὅπως
1835 1532 1924 1596 ἤδη

332 1617 386 1668 τὸ
425 1617 618 1682 γύναιον
657 1616 872 1683 εὑτρεπὲς
911 1620 972 1669 εἷς
1010 1614 1065 1666 τὸ
1103 1614 1342 1666 πιστεύειν
1375 1614 1603 1679 ἐγίγνετο,
1642 1616 1717 1664 καὶ
1758 1612 1923 1680 ὥσπερ

331 1699 433 1749 τινὰ
468 1703 669 1761 βαθμῶν
696 1698 1023 1759 ἀναβαίνουσα
1061 1696 1205 1758 θέσιν,
1234 1699 1282 1747 ἐκ
1317 1700 1496 1762 μικρῶν
1523 1694 1837 1762 ἐρωτημάτων
1863 1700 1924 1750 εἷς

332 1782 636 1848 ὑψηλοτέραν
683 1781 781 1849 ἕξιν
825 1781 1074 1848 ἀναπηδᾷς
1127 1778 1214 1829 ἔδει
1259 1780 1415 1829 τοίνυν
1459 1779 1578 1845 αὐτῇ
1624 1778 1923 1845 τρανοτέραις

330 1861 413 1925 μὲν
440 1864 526 1927 ἤδη
555 1867 732 1931 φωναῖς
758 1864 1064 1928 ἀπογυμνοῦν
1090 1860 1143 1912 τὸ
1175 1859 1481 1924 ποθούμενον,
1510 1859 1565 1911 τὸ
1599 1859 1647 1911 δὲ
1681 1862 1728 1911 ἐν
1755 1861 1921 1912 ἐλπίσι
1944 1882 1993 1906 20

331 1944 597 2010 σωζόμενον
640 1947 839 2011 ἀγαθαῖς
889 1943 1195 2010 παρατιθέναι
1246 1942 1417 1994 λοιπὸν
1459 1944 1508 1993 ἐν
1556 1941 1666 2010 ὄψει
1721 1941 1921 2007 λέγοντα

328 2028 451 2093 Ἐγώ
490 2033 577 2095 εἶμι
619 2033 636 2078 ὁ
677 2025 832 2078 λαλεῖν
873 2051 957 2077 σοι.

403 2108 784 2175 Ἐπιτρεπόντων
824 2112 1074 2173 τοιγαροῦν
1112 2111 1207 2159 τοῖς
1248 2105 1485 2169 νεήλυσιν,
1522 2109 1563 2156 οἱ
1601 2105 1654 2156 τὸ
1695 2108 1919 2157 διδασκα-

289 2210 311 2236 e
331 2190 466 2242 λικὸν
492 2192 540 2241 ἐν
567 2190 840 2255 ἐκκλησίαις
867 2190 1049 2257 ἔχοντες
1075 2188 1370 2251 ἐπιτήδευμα,
1397 2189 1480 2238 τὸν
1506 2191 1587 2251 τῆς
1614 2187 1920 2255 κατηχήσεως

330 2275 673 2337 ἀναμασᾶσθαι
707 2271 868 2338 λόγον,
897 2272 1017 2322 οὕτω
1052 2294 1100 2321 τε
1136 2269 1305 2321 λοιπὸν
1337 2269 1735 2320 καταδεικνύντων
1765 2270 1920 2324 αὐτοῖς
1941 2287 1989 2324 25

329 2355 412 2406 τὸν
449 2356 653 2418 Ἰησοῦν,
692 2356 740 2405 ἐκ
780 2358 947 2419 μικρᾶς
983 2352 1306 2417 παιδαγωγίας
1349 2353 1424 2403 ἐπὶ
1463 2351 1548 2416 τὴν
1587 2351 1920 2418 ἐντελεστέραν

329 2440 412 2501 τῆς
437 2437 642 2490 πίστεως
669 2434 1034 2502 ἀναβιβάζοντες
1060 2438 1256 2499 γνῶσιν.
1316 2437 1357 2484 οἱ
1385 2433 1433 2485 δὲ
1460 2433 1543 2484 τὸν
1569 2435 1810 2499 ἀλλογενῆ
1843 2435 1919 2485 καὶ

326 2521 451 2570 οὕτω
502 2517 811 2586 προσήλυτον
856 2515 1153 2584 ἁρπάζοντες,
1199 2517 1274 2566 καὶ
1323 2518 1504 2580 σκηνῆς
1549 2514 1634 2578 μὲν
1678 2515 1791 2566 εἵσω
1835 2519 1919 2579 τῆς

327 2601 563 2667 ἐσωτέρας
597 2599 876 2663 ποιούμενοι,
904 2598 1028 2650 θύειν
1055 2598 1103 2649 δὲ
1138 2598 1346 2651 ἀνίπτοις
1383 2597 1449 2648 ε”τι
1483 2600 1622 2665 χερσὶ
1656 2597 1739 2648 τὸν
1769 2596 1919 2661 ἀμνὸν

326 2682 667 2750 ἐπιτρέποντες,
695 2685 771 2733 καὶ
797 2683 863 2752 τῷ
889 2684 971 2745 τῆς
999 2679 1253 2746 ἱερωσύνης
1281 2680 1660 2748 καταστέφοντες
1687 2678 1917 2748 ἀξιώματι
1939 2695 1988 2731 30

378 2845 410 2874 4.
437 2828 518 2865 εἶναι
535 2831 656 2865 λοιπὸν
674 2831 835 2875 ὁμολογεῖ
853 2829 896 2864 Β.
1069 2839 1101 2872 9.
1127 2829 1226 2861 τοῦτο
1244 2839 1313 2861 0111.
1339 2827 1380 2861 B.
1557 2838 1609 2872 13.
1636 2826 1677 2860 τὰ
1694 2832 1917 2872 assumptum

328 2924 371 2945 ex
392 2912 432 2945 B.
573 2921 624 2955 17.
651 2910 814 2953 εὐπρεπὲς
835 2909 873 2943 Β.
941 2908 1072 2952 ἐγένετο
1094 2907 1133 2941 Β.
1268 2918 1320 2952 19.
1347 2907 1449 2950 αὐτὴν
1469 2907 1509 2941 Β.
1644 2917 1698 2940 21.
1725 2906 1854 2951 ὄψεσιν
1872 2905 1914 2940 Β.

333 2969 386 2999 24.
413 2958 548 3001 ἔχοντες
567 2958 600 2991 ἐν
618 2957 812 3000 ἐκκλησίαις
829 2956 967 2990 inverso
985 2954 1105 2989 ordine
1126 2954 1166 2988 B.
1385 2964 1440 2996 25.
1467 2952 1707 2999 ἀναμασᾶσθαι
1726 2952 1818 2987 B.D.
1837 2952 1914 2987 ἅνα-

325 3005 533 3039 μασσᾶσθηι
553 3003 615 3037 Ed.
