2084 3317
251 389 295 425 31

280 640 302 667 O

278 1363 305 1404 d

317 147 398 189 172
714 143 763 183 B.
797 140 1075 183 CYRILLI
1116 138 1494 180 ALEXANDR.
1785 134 1811 173 i.
1833 146 1900 188 31.

355 376 480 425 ΚάΓὼ
517 377 593 417 οὐκ
633 375 749 433 ᾄδειν
789 373 932 424 αὐτὸν,
971 373 1057 414 ἀλλ’
1104 372 1173 414 ἵνα
1213 374 1450 428 φανερωθῷ
1488 374 1550 425 τῷ
1576 369 1766 427 Ἰσραὴλ,
1803 366 1872 408 διὰ

652 471 780 510 τοῦτο
819 464 950 508 &mov
989 465 1075 512 ἐΓὼ
1110 465 1155 506 ἐν
1194 464 1314 507 ὕδατι
1353 463 1575 521 βαπτίζων.

392 618 455 666 ‘O
502 617 550 665 ἐν
595 617 653 680 τῇ
705 612 859 681 κοιλίᾳ
909 614 992 675 τῆς
1043 610 1210 675 νηδύος
1254 609 1610 676 ἀνασκιρτήσας
1658 609 1740 669 τῆς
1792 605 1908 659 ἰδίας

317 696 495 764 μητρὸς
533 697 607 747 ἐπὶ
641 699 700 762 τῇ
734 697 871 763 φωνῇ
905 695 988 756 τῆς
1025 693 1162 758 ἁγίας
1199 692 1436 758 παρθένου
1474 689 1803 759 κυοφορούσης
1842 688 1908 739 ἔτι

318 780 401 830 τὸν
448 777 641 844 Κύριον,
686 777 710 827 ὁ
762 774 856 842 πρὸ
906 777 989 839 τῆς
1034 776 1195 827 ὠδῖνος
1241 772 1505 843 προφήτης,
1553 774 1578 823 ὁ
1624 773 1672 822 ἐν
1717 769 1907 840 ἐμβρύῳ

318 858 532 925 μαθητής
566 863 668 910 Οὐκ
700 855 807 931 ᾔδειν
835 856 962 909 αὐτῇν
987 858 1092 922 περὶ
1127 861 1210 907 τοῦ
1237 853 1457 922 Σωτῆρός
1494 858 1661 924 φησιν,
1692 851 1909 917 ἀληθεύει

320 942 369 994 δὲ
401 941 570 1008 λέγων·
614 941 668 991 οὐ
694 938 788 1006 γὰρ
815 937 1058 1007 ψεύδεται·
1100 936 1256 989 πάντα
1282 936 1367 1000 μὲν
1393 936 1486 1003 γὰρ
1513 934 1634 986 οἶδεν
1660 935 1716 1004 ἐξ
1744 937 1910 986 ἑαυτοῦ

320 1048 395 1075 και
430 1023 689 1076 ἀδιδάκτως
722 1018 858 1083 Θεὸς,
885 1023 1113 1073 διδακτῶς
1148 1018 1195 1070 δὲ
1230 1019 1258 1083 ἡ
1294 1019 1460 1073 κτίσις·
1501 1019 1708 1069 ἐνοικοῦν
1732 1015 1780 1067 δε
1813 1020 1910 1069 τοῖς

321 1106 470 1172 ἁγίοις
496 1128 551 1156 το
580 1108 794 1168 Πνεῦμα,
824 1126 878 1154 το
904 1102 1058 1153 ἐνδεον
1083 1103 1364 1167 ἀναπληροῖ,
1391 1102 1466 1151 καὶ
1500 1099 1554 1151 τὸ
1586 1099 1703 1150 ίδιον
1730 1095 1910 1164 ἀγαθον

320 1191 378 1255 τῇ
406 1186 660 1254 ἀνθρώπου
688 1184 832 1254 φύσει
868 1182 1116 1252 χαριζεται,
1144 1182 1198 1234 τὸ
1234 1183 1400 1234 ειδεναι
1435 1184 1557 1252 φημὶ
1592 1180 1651 1232 τὰ
1685 1179 1907 1243 ἐσόμενα,

322 1271 398 1320 καὶ
438 1272 534 1319 τῶν
570 1265 901 1333 κεκρυμμένων
941 1264 1217 1331 μυστηρίων
1257 1262 1343 1328 τὴν
1384 1269 1582 1330 γνῶσιν.
1639 1263 1806 1313 οὐκοῦν
1846 1261 1911 1325 μὴ

323 1349 487 1401 εἰδέναι
525 1348 684 1414 λέγων
729 1346 813 1399 τὸν
850 1346 1028 1413 Κύριον
1060 1348 1085 1396 ὁ
1123 1345 1352 1412 μακάριος
1388 1345 1674 1409 βαπτιστὴς,
1709 1343 1906 1412 διαψεύ-

321 1454 456 1482 σεται
482 1429 567 1494 μὲν
593 1431 822 1493 οὐδαμῶς,
850 1428 971 1479 κατά
1006 1450 1060 1494 γε
1097 1427 1152 1478 τὸ
1187 1430 1271 1492 τῆς
1302 1426 1668 1495 ἀνθρωπότητος
1694 1427 1811 1478 ’ίδιον
1837 1428 1914 1477 καὶ

320 1514 374 1565 τὸ
412 1512 596 1580 πρέπον
629 1516 688 1579 τῇ
728 1511 880 1563 κτίσει
918 1510 1104 1577 μέτρον,
1143 1508 1371 1574 ἀναθήσει
1411 1508 1459 1560 δὲ
1497 1508 1626 1579 μόνῳ
1664 1507 1719 1560 τὸ
1756 1506 1914 1579 πάντα

321 1594 488 1645 εἰδέναι
527 1598 593 1663 τῷ
633 1597 756 1663 Θεῷ,
796 1596 862 1661 τῷ
901 1591 977 1642 διὰ
1019 1589 1297 1655 Πνεύματος
1334 1592 1502 1656 “Αγίου
1541 1591 1659 1658 πρὸς
1697 1589 1784 1655 τὴν
1820 1594 1916 1641 τῶν

321 1676 651 1743 κεκρυμμένων
676 1673 953 1743 κατάληψιν
980 1678 1358 1742 φωταγωγοῦντι
1385 1673 1467 1725 τὸν
1493 1674 1763 1740 ἄνθρωπον
1792 1695 1910 1740 χρη-

321 1758 475 1822 σίμως
513 1755 561 1807 δὲ
598 1755 707 1807 λίαν
734 1757 817 1807 οὐκ
845 1755 1009 1806 εἰδέναι
1036 1754 1121 1818 μὲν
1148 1755 1206 1824 ἐξ
1227 1756 1392 1806 ἑαυτοῦ
1419 1759 1544 1824 φησι
1569 1754 1652 1806 τὸν
1677 1752 1913 1821 Χριστὸν,

323 1837 607 1903 ἐληλυθέναι
633 1836 783 1903 γεμὴν
810 1836 886 1888 διὰ
911 1842 1051 1888 τοῦτο
1078 1837 1258 1903 κυρίως,
1281 1838 1354 1888 ’ἵνα
1381 1836 1573 1907 φανερὸν
1598 1835 1740 1888 αὐτὸν
1767 1859 1911 1887 κατα-

324 1920 490 1988 στήσῃ
535 1925 594 1990 τῷ
637 1918 832 1989 Ἰσραὴλ,
873 1919 949 1970 ἵνα
993 1917 1058 1983 μὴ
1104 1918 1367 1983 αὐτόμολος
1409 1921 1484 1970 ἐπὶ
1533 1918 1619 1983 τὴν
1657 1919 1918 1985 μαρτυρίαν

1929 787 1951 825 5

1938 1203 1982 1226 10

287 2002 550 2072 οφαίνηται
590 2000 797 2067 δραμὼν,
836 1998 953 2065 μηδὲ
999 2001 1128 2052 ἰδίων
1166 2001 1448 2065 θελημάτων
1487 2001 1719 2068 ὑπηρέτης
1758 2003 1919 2064 νοῆται
1939 2025 1987 2050 20

326 2082 457 2151 παρά
491 2106 632 2146 τισιν,
660 2081 792 2133 ἀλλά
828 2083 952 2136 θείας
987 2082 1072 2146 μὲν
1106 2083 1372 2147 οἰκονομίας
1405 2082 1619 2150 ἐργάτης,
1651 2085 1832 2146 βουλῆς
1869 2081 1919 2132 δὲ

328 2169 411 2230 τῆς
437 2165 618 2216 ἄνωθεν
646 2164 896 2231 ὑπουργὸς,
917 2164 1352 2229 ἀποκαλυπτούσης
1379 2166 1504 2234 αὐτῷ
1529 2163 1612 2216 τὸν
1630 2163 1811 2228 Ἀμνὸν
1837 2163 1920 2215 τὸν

328 2248 522 2314 αἴροντα
552 2245 638 2311 τὴν
664 2248 898 2313 ἁμαρτίαν
924 2251 1008 2296 τοῦ
1035 2246 1237 2310 κόσμου.
1300 2246 1374 2297 ἵνα
1401 2247 1558 2298 τοίνυν
1583 2246 1919 2312 εὐπετέστερον

328 2332 404 2381 ἐπὶ
431 2333 498 2398 τῷ
525 2327 766 2380 πιστεύειν
791 2329 866 2379 ἐπὶ
891 2331 958 2397 τῷ
985 2331 1172 2394 Σωτῆρι
1198 2331 1401 2398 Χριστῷ
1425 2328 1657 2394 βαδίζοιεν
1682 2328 1916 2390 Ἰουδαῖοι,

329 2413 403 2463 καὶ
438 2409 831 2480 ἀξιολογωτάτην
861 2409 1010 2476 ε”χωσι
1047 2411 1152 2475 περὶ
1186 2410 1330 2460 αὐτοῦ
1365 2408 1451 2473 τὴν
1485 2409 1732 2478 διάληψιν,
1767 2409 1913 2475 ε’γνω-

329 2492 458 2543 κέναι
494 2493 649 2561 φησὶν
684 2490 827 2542 αὐτὸν
860 2491 943 2542 οὐκ
980 2488 1124 2554 εἰδὼς,
1152 2489 1229 2541 ἵνα
1264 2490 1433 2542 λοιπὸν
1463 2493 1660 2542 ε’ννοῶσι
1695 2489 1777 2542 τὸν
1803 2493 1920 2542 ἀπο-

329 2573 619 2643 καλύψαντα
666 2570 804 2635 Θεὸν,
845 2574 921 2623 καὶ
964 2571 1020 2622 τὸ
1068 2571 1248 2623 ἄνωθεν
1291 2572 1710 2638 ἀποναρκήσαντες
1755 2577 1918 2638 κρῖμα,

380 2762 412 2785 2.
438 2751 474 2785 ἐν
490 2750 585 2785 ὕδατι
610 2751 782 2793 βαπτίζων
804 2750 871 2785 hoc
897 2750 1020 2785 ordine
1045 2750 1086 2785 B.
1103 2750 1275 2793 βαπτίζων
1295 2751 1330 2785 ἐν
1349 2750 1444 2785 ὕδατι
1468 2751 1513 2786 D.
1535 2750 1600 2785 Ed.
1619 2750 1679 2785 sed
1701 2751 1736 2785 ἐν
1751 2753 1798 2797 τῷ
1823 2750 1919 2786 ὕδατι

330 2798 502 2839 βαπτίζων
518 2797 631 2832 voluit
651 2797 684 2831 D
702 2809 774 2842 mg.
964 2808 998 2842 3.
1024 2799 1082 2842 τῆς
1099 2797 1217 2841 νηδυος
1234 2797 1583 2842 ἀνασκιρτὴσας-ἕτι
1603 2797 1644 2832 Β.
1663 2798 1721 2841 τῆς
1738 2797 1824 2833 ἰδίας
1839 2798 1918 2832 ἀνα-

332 2843 519 2887 σκιρτήσας
535 2843 660 2888 μητρὸς
678 2844 726 2878 ἔτι
744 2845 802 2888 τῆς
818 2843 914 2889 ἁγίας
930 2843 1098 2889 παρθενου
1116 2844 1355 2888 κυοφορούσης
1375 2844 1439 2878 Ed.
1620 2853 1651 2888 7.
1677 2844 1715 2887 ἐξ
1733 2845 1852 2879 ἑαυτοῦ
1870 2845 1917 2879 D.

332 2889 369 2932 ἐξ
387 2891 489 2923 αὐτοῦ
507 2889 576 2924 Ed.
786 2902 838 2936 17.
866 2890 937 2933 ἐξ’
920 2893 1040 2925 εαυτοῦ
1057 2891 1148 2936 φησι
1165 2890 1231 2924 hoc
1249 2891 1370 2925 ordine
1390 2890 1431 2925 B.
1632 2902 1687 2932 24.
1715 2890 1768 2925 ἐπὶ
1786 2891 1844 2925 alt.
1864 2902 1919 2925 as-

332 2943 516 2979 sumptum
533 2948 575 2970 ex
594 2936 636 2971 B.
655 2936 775 2971 deest
768 2949 803 2971 ln
822 2936 929 2972 Cord.
