2084 3317
1786 567 1807 591 a
1837 559 1922 594 265
1940 558 1990 595 A.

752 691 1071 741 ΚΕΦΑΛΗ
1128 692 1183 740 Γ.

408 869 502 912 ’Ότι
523 874 591 912 τοῦ
612 875 790 925 Σωτῆρος
809 872 879 924 τὴν
900 874 1034 926 ἄφιξιν
1056 873 1269 925 ἐσήμαινεν
1292 875 1311 914 ὁ
1335 875 1520 924 Μωυσῆς.

554 995 625 1037 Ἐκ
646 1000 714 1037 τοῦ
737 998 1049 1049 Δευτερονομίου
1070 997 1158 1049 περὶ
1181 999 1367 1050 Χριστοῦ.

242 1126 268 1148 “
289 1123 686 1172 ΠΡΟΦΗΤΗΝ
715 1122 822 1184 ὑμῖν
848 1123 898 1172 ἐκ
931 1126 1026 1172 τῶν
1052 1122 1277 1188 ἀδελφῶν
1303 1144 1395 1173 σου
1432 1124 1494 1176 ὡς
1532 1120 1609 1185 ἐμὲ
1648 1121 1761 1172 ἀνα-
1822 1131 1937 1206 ἓξὲξ-Ι

123 1207 194 1250 5“
218 1201 391 1265 στήσει
429 1225 508 1253 σοι
549 1202 723 1268 Κύριος
762 1205 787 1254 ὁ
821 1202 941 1257 Θεός
978 1227 1083 1267 σου,
1117 1206 1259 1255 αὑτοῦ
1298 1204 1582 1255 ἀκούσεσθε.
1639 1203 1759 1255 κατὰ
1826 1228 1874 1259 19·
1905 1200 1911 1206 ’
1946 1184 1961 1215 5

166 1291 193 1314 “
216 1283 372 1335 πάντα
416 1284 510 1335 ὅσα
551 1284 716 1352 ᾐτήσω
759 1284 889 1352 παρὰ
933 1292 1017 1337 τοῦ
1062 1287 1240 1352 Κυρίου
1283 1292 1368 1337 τοῦ
1406 1290 1531 1337 Θεοῦ
1576 1309 1667 1337 σου
1709 1288 1758 1337 ἐν

165 1373 194 1395 “
219 1366 402 1434 Χωρὴβ
427 1371 485 1435 τῇ
511 1367 660 1436 ἡμέρᾳ
685 1370 767 1432 τῆς
792 1368 1047 1432 ἐκκλησίας
1074 1369 1292 1434 λέγοντες
1310 1370 1386 1420 Οὐ
1411 1367 1758 1434 προσθήσομεν

167 1455 194 1477 “
223 1450 424 1499 ἀκοῦσαι
450 1453 532 1513 τῆς
559 1453 719 1518 φωνῆς
749 1450 926 1515 Κυρίου
952 1455 1035 1501 τοῦ
1061 1454 1186 1502 Θεοῦ
1220 1451 1364 1515 ἡμῶν,
1390 1453 1464 1502 καὶ
1495 1450 1549 1502 τὸ
1582 1457 1677 1517 πῦρ
1703 1450 1757 1501 τὸ
1777 1462 1803 1502 b

166 1537 193 1559 ‘⁶
214 1531 336 1597 μέγα
375 1538 514 1582 τοῦτο
555 1533 638 1583 οὐκ
679 1530 900 1600 ὀψόμεθα
941 1532 1021 1595 ἔτι,
1057 1531 1162 1584 οὐδὲ
1202 1531 1267 1598 μὴ
1308 1531 1637 1596 ἀποθάνωμεν·
1681 1535 1756 1584 καὶ

98 1628 145 1653 10
168 1619 194 1642 ‘⁶
220 1611 317 1664 εἶπε
346 1613 519 1680 Κύριος
551 1614 669 1679 πρὸς
702 1612 764 1677 με’
782 1615 971 1680 Ὀρθῶς
1005 1614 1163 1666 πάντα
1199 1614 1294 1666 ὅσα
1330 1615 1594 1679 ἐλάλησαν·
1635 1638 1756 1682 προ-

167 1702 193 1724 “
221 1694 378 1763 φήτην
416 1695 679 1760 ἀναστήσω
721 1697 876 1749 αὐτοῖς
917 1697 966 1747 ἐκ
1008 1701 1103 1747 τῶν
1142 1699 1368 1765 ἀδελφῶν
1406 1698 1561 1748 αὐτῶν
1600 1695 1762 1762 ὥσπερ

167 1784 193 1806 “
220 1776 294 1835 σὲ,
336 1780 411 1829 καὶ
456 1778 598 1829 δώσω
644 1777 698 1829 τὸ
743 1777 872 1845 ῥῆμά
913 1801 1004 1840 μου
1048 1781 1097 1829 ἐν
1136 1783 1203 1848 τῷ
1243 1778 1451 1843 στόματι
1490 1780 1647 1843 αὐτοῦ,
1687 1781 1764 1831 καὶ

167 1866 193 1888 “
219 1859 426 1924 λαλήσει
458 1861 612 1914 αὐτοῖς
644 1859 807 1911 καθότι
834 1857 890 1909 ἂν
916 1861 1192 1923 ἐντείλωμαι
1227 1861 1368 1930 αὐτῷ·
1411 1863 1486 1912 καὶ
1515 1862 1763 1928 ἄνθρωπος

166 1950 192 1973 “
219 1941 268 1996 ὃς
308 1941 367 1993 ἂν
404 1941 469 2006 μὴ
509 1942 693 2010 ἀκούσῃ
739 1942 834 1994 ὅσα
878 1941 936 1994 ἀν
980 1943 1179 2011 λαλήσῃ
1223 1944 1247 1994 ὁ
1293 1942 1544 2012 προφήτης
1583 1946 1657 1995 ε’πὶ
1695 1942 1762 2014 τῷ

98 2038 143 2076 15
165 2031 192 2054 ‘⁶
218 2022 418 2087 ὀνόματί
447 2047 551 2087 μου,
585 2024 677 2089 ἐγὼ
716 2024 948 2090 ἐκδικήσω
986 2024 1044 2094 ἐξ
1079 2026 1262 2077 αὐτοῦ.”
1312 2025 1619 2095 ἐπανάληψίν
1657 2050 1761 2078 τινα

163 2108 239 2157 καὶ
277 2107 697 2175 ἀνακεφαλαίωσιν
730 2112 824 2158 τῶν
853 2111 1165 2158 Μωυσαϊκῶν
1198 2108 1407 2168 βιβλίων
1442 2107 1496 2158 τὸ
1525 2113 1756 2175 Δεύτερο-

164 2187 326 2252 νόμιον
370 2188 478 2256 ἕχει·
542 2188 613 2239 διὸ
659 2186 714 2252 δὴ
758 2188 907 2240 τύπον
950 2188 1007 2257 ἐξ
1054 2189 1197 2240 αὐτοῦ
1247 2191 1323 2240 καὶ
1373 2188 1528 2240 εἰκόνα
1576 2189 1662 2254 τὴν
1709 2193 1798 2242 ἐκο

165 2273 354 2334 νομικῆς
381 2271 639 2337 ἱερουργίας
666 2271 747 2321 οῦκ
775 2271 956 2321 ε”νεστιν
982 2270 1178 2324 ἑλόντας
1205 2275 1362 2322 εἰπεῖν.
1420 2271 1546 2335 ὅμως
1571 2272 1759 2338 ἐπείπερ

165 2353 406 2402 ἀσυνετεῖν
433 2353 516 2402 οὐκ
546 2352 789 2416 εἰθίσμεθα
821 2352 978 2404 πάντα
1014 2358 1225 2407 νοοῦντες
1251 2354 1401 2420 ὀρθῶς
1429 2353 1504 2404 διὰ
1529 2352 1759 2420 Χριστὸν,

96 2454 143 2478 20
165 2438 259 2486 τοῖς
312 2433 655 2502 ἐντευξομένοις
699 2437 906 2500 ἐροῦμεν,
952 2437 1028 2485 καὶ
1073 2433 1156 2486 τὸν
1202 2437 1250 2486 ἐν
1295 2440 1391 2488 τοῖς
1441 2435 1760 2501 προκειμένοις

165 2515 568 2582 ἀναμοχλεύοντες
595 2522 705 2567 νοῦν
729 2516 853 2568 Ἰδοὺ
879 2516 935 2581 δὴ
960 2517 1109 2568 πάλιν
1136 2516 1544 2570 ἀκατακαλύπτως
1571 2517 1679 2581 ἡμῖν
1705 2517 1760 2568 τὸ

163 2599 238 2648 ἐπὶ
278 2601 479 2666 Χριστῷ
521 2603 736 2649 λαλεΐται
777 2598 1058 2665 μυστήριον,
1101 2599 1158 2668 ἐξ
1199 2599 1469 2663 ὁμοιότητος
1512 2601 1594 2662 τῆς
1640 2599 1761 2650 κατὰ

167 2679 383 2729 Μωυσέα
410 2678 486 2729 διὰ
512 2679 804 2745 λεπτοτάτης
830 2682 1023 2746 θεωρίας
1049 2681 1272 2749 ἐντέχνως
1298 2679 1759 2745 μεταπλαττόμενον.

213 2863 244 2886 2.
271 2852 331 2895 τὴν
347 2858 571 2896 assumptum
589 2864 630 2887 ex
650 2852 692 2887 B.
907 2867 941 2896 4.
966 2854 1077 2899 φησὶν
1094 2865 1156 2899 pro
1174 2853 1250 2897 ὑμῖν
1270 2853 1311 2886 Β.
1526 2853 1560 2887 6.
1585 2855 1645 2887 τοῦ
1663 2853 1760 2898 prius

164 2905 389 2944 assumptum
408 2910 447 2933 ex
468 2899 511 2933 B.
676 2900 710 2934 8.
736 2902 796 2944 τὴν
812 2900 930 2945 φωνὴν
948 2901 992 2936 Β.
1160 2911 1215 2934 10.
1241 2900 1420 2944 ἐλάλησαν
1439 2899 1480 2934 Β.
1500 2899 1676 2944 ἐλάλησας
1693 2900 1760 2935 Ed.

166 2946 238 2990 (19.
258 2947 318 2989 al.)
468 2956 520 2990 19.
546 2946 654 2980 πάντα
675 2946 716 2981 Β.
734 2948 857 2982 πάντες
875 2947 944 2982 Ed.
