2021 3296
76 543 98 583 5

50 961 99 987 10

53 1366 100 1405 15

51 1779 100 1805 20

121 101 148 143 i.
173 101 210 143 8.
356 101 432 142 IN
474 102 516 141 S.
548 99 883 141 JOANNEM.
947 98 1072 139 LIB.
1106 98 1141 138 I.
1204 97 1339 138 CAP.
1372 96 1477 137 VII.
1654 98 1706 137 95

121 207 434 272 δικαιοσύνην,
461 209 523 261 ὡς
561 206 702 258 αὐτὸν
737 204 1137 270 ἀπομιμήσασθαι
1175 203 1258 255 τὸν
1285 202 1516 270 Χριστὸν,
1544 201 1619 254 διά
1660 225 1709 252 τε

119 287 175 341 τὸ
200 289 435 358 ἐξαίρετον
459 291 542 352 τῆς
567 288 812 350 εὐλαβείας
840 287 1034 349 κάλλος,
1062 284 1176 337 αὐτὸ
1202 284 1258 348 δὴ
1286 284 1456 337 λοιπὸν
1485 283 1709 351 ὑπάρχειν
1728 292 1754 332 b

120 372 420 422 ὑπονοεῖσθαι
456 369 510 421 τὸ
546 373 678 437 φῶς;
727 373 803 420 οὐκ
835 365 877 429 ἧν
904 369 986 419 οὖν
1012 372 1163 435 φησιν
1189 368 1343 421 ἐκεῖνος
1379 366 1425 417 τὶ
1463 364 1560 433 φῶς
1597 369 1711 415 ἀλλ’

119 456 183 507 εἷς
207 453 466 518 μαρτυρίαν
492 450 578 515 τὴν
605 457 699 520 περὶ
736 452 807 502 τοῧ
842 448 987 519 φωτός
1015 446 1390 512 ἀπεσταλμένος.
1444 447 1490 498 τὶ
1527 445 1626 515 φῶς
1662 445 1710 497 δὲ

119 534 288 600 λέγων,
326 532 445 597 μετὰ
482 534 565 597 τῆς
605 537 687 584 τοῦ
727 532 904 598 ἄρθρου
945 530 1237 597 προσθήκης,
1277 529 1325 580 ἓν
1363 527 1476 580 αὐτὸ
1518 527 1710 579 δεικνύει

119 621 307 685 σαφῶς·
352 614 445 683 ε”χει
471 613 563 680 γὰρ
590 615 710 665 οὕτω
738 613 855 664 κατὰ
880 611 1117 677 ἀλήθειαν.
1171 611 1242 662 ὅτι
1275 609 1360 675 μὲν
1385 610 1479 677 γὰρ
1516 614 1617 677 φῶς
1653 608 1711 660 ἂν

120 702 312 749 καλοῖτο
347 696 533 749 δικαίως
571 697 646 746 καὶ
686 696 712 746 ὁ
746 694 973 761 μακάριος
1011 692 1296 756 βαπτιστὴς,
1331 691 1360 757 ὴ
1400 695 1475 743 καὶ
1511 692 1712 745 ἕκαστος

119 783 214 830 τῶν
244 778 409 829 ἄλλων
440 777 601 843 ἁγίων,
629 777 711 827 οὐκ
747 775 1064 842 ἀρνησόμεθα,
1093 773 1168 825 διὰ
1203 774 1258 825 τὸ
1293 773 1363 826 ἐπ’
1392 775 1547 827 αὐτοῖς
1582 771 1711 838 παρὰ

119 865 202 911 τοῦ
246 861 466 924 Σωτῆρος
509 858 640 922 ἡμῶν
684 856 924 923 εἰρημένον
967 863 995 886 “
1021 856 1182 919 ’Υμεῖς
1226 857 1336 906 ἐστε
1380 854 1434 905 τὸ
1481 858 1583 922 φῶς
1627 859 1711 904 τοῦ
1773 856 1934 940 {jsslfftffl-

120 947 146 971 “
173 939 397 1004 κόσμου.”
455 939 630 1005 εἴρηται
676 938 724 990 δὲ
766 939 915 990 πάλιν
965 939 1072 1003 περὶ
1117 942 1200 987 τοῦ
1249 937 1385 1001 ἁγίου
1431 939 1711 987 Βαπτιστοῦ
1772 975 1827 1005 Ps.
1864 924 1870 930 .

119 1029 147 1052 ‘⁶
171 1021 447 1085 Ἤτοίμασα
482 1020 660 1088 λύχνον
685 1022 751 1089 τῷ
777 1023 978 1088 Χριστῷ
1012 1017 1150 1082 μου.”
1203 1020 1278 1068 καὶ
1312 1025 1339 1047 “
1362 1017 1569 1071 Ἐκεῖνος
1602 1016 1660 1082 ἧν
1686 1018 1710 1067 ὁ
1730 1038 1751 1064 ο
1774 1018 1883 1092 ‘ff-³³1·

120 1110 148 1134 ‘⁶
171 1102 345 1171 λύχνος
373 1105 397 1153 ὁ
422 1101 664 1166 καιόμενος
695 1103 770 1152 καὶ
803 1100 1001 1168 φαίνων·
1046 1101 1171 1162 ὑμεῖς
1206 1098 1255 1149 δὲ
1290 1098 1559 1164 ἠθελήσατε
1593 1097 1712 1165 πρὸς
1774 1080 1915 1135 11‘1f1·av.

119 1192 147 1216 ‘⁶
174 1184 300 1251 ὥραν
325 1186 674 1250 ἀγαλλιαθῆναι
710 1184 757 1233 ἐν
783 1186 850 1252 τῷ
884 1183 1008 1248 φωτὶ
1042 1181 1229 1232 αὐτοῦ.”
1283 1182 1393 1231 ἀλλ’
1423 1184 1461 1232 εἰ
1498 1183 1575 1231 καὶ
1609 1185 1712 1248 φῶς
1776 1155 1828 1187 35·

120 1270 162 1318 οἱ
190 1264 328 1333 ἅγιοι,
358 1268 432 1317 καὶ
460 1265 633 1333 λύχνος
661 1266 686 1316 ὁ
712 1263 1000 1328 βαπτιστὴς,
1029 1262 1115 1326 τὴν
1140 1263 1209 1314 ἐπ’
1239 1263 1394 1316 αὐτοῖς
1421 1263 1504 1314 οὐκ
1531 1263 1709 1328 ἀγνοή-

121 1371 269 1413 σομεν
306 1346 459 1416 χάριν,
491 1349 566 1398 καὶ
602 1347 687 1410 τὴν
721 1344 816 1397 ἀπὸ
855 1350 937 1396 τοῦ
977 1343 1135 1412 φωτὸς
1173 1344 1418 1412 χορηγίαν.
1476 1345 1581 1395 οὔτε
1618 1343 1712 1411 γὰρ

119 1430 237 1481 ἰ’διον
278 1431 327 1481 ἐν
370 1432 437 1498 τῷ
488 1429 649 1497 λύχνῳ
693 1426 748 1478 τὸ
799 1431 914 1496 φῶς,
960 1427 1065 1477 οὔτε
1110 1424 1203 1490 μὴν
1246 1427 1294 1476 ἐν
1339 1429 1435 1479 τοῖς
1486 1426 1634 1491 ἁγίοις
1687 1426 1712 1476 ὁ

323 1509 337 1526 ἱ,
444 1511 455 1526 3
542 1509 555 1527 Χ
640 1513 660 1523 Α
741 1511 761 1521 Α
854 1510 864 1525 2
997 1508 1008 1525 Ι
1115 1507 1126 1522 )
1215 1506 1228 1521 f
1570 1509 1584 1526 X
1696 1509 1710 1525 Χ

122 1516 384 1581 φωτισμος,
430 1517 560 1560 αλλα
603 1533 661 1577 τῃ
705 1532 788 1572 της
839 1511 1060 1572 αληθειας
1103 1510 1350 1575 ελλαμψει
1396 1510 1585 1575 φαιδροι
1636 1530 1713 1558 και

121 1595 360 1661 διαφανεῖς
386 1592 718 1651 ἀνεδείκνυντο,
736 1592 811 1641 καὶ
833 1597 859 1619 “
877 1588 1128 1658 φωστῆρες
1155 1592 1274 1639 εἰσιν
1300 1590 1348 1639 ἐν
1368 1587 1535 1657 κόσμῳ
1562 1587 1712 1652 λόγον
1775 1595 1913 1669 {hill-651·

121 1680 149 1703 ‘⁶
175 1673 292 1740 ζωῆς
317 1670 606 1740 ἐπεχοντες.”
648 1674 722 1722 καὶ
748 1671 817 1724 τίς
843 1670 870 1734 ἡ
897 1669 1004 1737 ζωὴ,
1030 1670 1084 1734 ἧς
1109 1677 1137 1699 “
1156 1669 1239 1720 τὸν
1265 1668 1414 1735 λόγον
1440 1668 1709 1737 ἐπέχοντες”
1731 1681 1759 1723 d
1798 1648 1827 1679 5,
1888 1662 1896 1670 ⁰

119 1754 425 1823 ἐχρημάτιζον
464 1758 583 1822 φῶς,
619 1752 646 1817 ἢ
684 1752 873 1806 πάντως
912 1750 1050 1805 αὐτὸς
1089 1752 1114 1801 ὃ
1155 1749 1452 1816 Μονογενὴς,
1493 1752 1519 1801 ὁ
1558 1751 1713 1817 λε’γων

118 1836 249 1903 Ἐγώ
275 1839 364 1900 εἶμι
390 1836 418 1900 ἡ
445 1834 567 1902 ζωής
599 1835 780 1897 οὐκοῦν,
798 1832 846 1884 ἓν
864 1832 950 1897 μὲν
970 1831 1115 1886 ὅντως
1135 1833 1237 1883 ἐστὶ
1264 1832 1318 1883 τὸ
1346 1831 1464 1883 κατὰ
1488 1831 1713 1897 ἀλήθειαν

120 1922 237 1987 φῶς,
265 1916 481 1987 φωτίζον,
509 1917 562 1967 οὐ
590 1914 918 1984 φωτιζόμενον·
963 1918 1020 1982 τῇ
1058 1913 1106 1965 δὲ
1139 1919 1222 1965 τοῦ
1257 1913 1358 1967 ἑνὸς
1391 1917 1584 1981 μετοχῇ,
1616 1918 1713 1965 πᾶν

120 1999 163 2051 εἴ
207 2022 252 2051 τι
302 1998 492 2064 λέγεται
542 2001 658 2067 φῶς,
706 1996 825 2049 κατὰ
871 1996 1072 2061 μίμησιν
1123 1995 1209 2059 τὴν
1259 1997 1322 2049 ὡς
1370 1994 1490 2062 πρὸς
1539 1997 1712 2046 ἐκεῖνον

123 2079 424 2146 νοηθήσεται.

171 2231 206 2266 3.
231 2221 342 2266 φησιν
358 2232 428 2255 om.
449 2219 492 2253 B.
600 2219 633 2253 8.
659 2218 777 2252 ἄλλων
793 2222 1016 2262 assumptum
1034 2229 1075 2251 ex
1095 2216 1185 2251 B.E.
1204 2215 1300 2251 deest
1317 2216 1354 2250 in
1372 2215 1419 2250 D.
1531 2226 1584 2250 10.
1610 2216 1715 2250 πάλιν

125 2278 197 2301 om.
214 2266 256 2301 B.
355 2277 409 2301 12.
436 2266 608 2311 καιόμενος
624 2270 659 2299 et
675 2264 806 2310 φαίνων
823 2265 913 2298 inter
931 2276 967 2298 se
984 2270 1116 2309 transp.
1132 2263 1175 2297 E.
1275 2274 1328 2307 13.
1353 2261 1599 2308 ἀγαλλιαθῆναι
1620 2262 1713 2296 D.E.

126 2313 400 2358 ἀγαλλιασθῆναι
418 2312 486 2347 Ed.
585 2311 639 2346 16.
666 2312 704 2345 τὸ
721 2310 814 2356 φῶς]
834 2313 893 2345 τοῦ
911 2311 1027 2355 φωτὸς
1045 2310 1088 2344 Β.
1189 2318 1242 2354 17.
1269 2311 1308 2352 τῇ
1327 2320 1397 2344 om.
1418 2308 1460 2343 B.
1561 2308 1613 2342 18.
1639 2308 1714 2341 ἀνε-

126 2359 315 2394 δεικνὺοντο
333 2359 376 2393 Β.
520 2369 576 2394 20.
601 2359 619 2392 ὁ
638 2357 832 2403 Μονογενὴς
850 2357 944 2392 D.E.
964 2357 1100 2402 Migne.
1117 2356 1280 2401 ὁμογενὴς
1298 2355 1364 2390 Ed.
1509 2365 1564 2399 23,
1590 2354 1715 2389 ἐκεῖνον

128 2405 172 2440 Β.
189 2405 294 2441 ἐκεῖνο
312 2405 379 2441 Ed.
