2084 3317
334 136 419 176 506
735 136 786 177 B.
820 135 1094 176 CYRILLI
1136 136 1517 177 ALEXANDR.
1693 137 1920 191 vi.43,44.

336 244 406 295 ἐπ’
436 245 561 314 αὐτῷ
595 244 826 313 διάληψιν
855 244 1158 309 ἐποιήσαντο.
1212 244 1295 296 τὸν
1330 244 1423 311 γὰρ
1458 248 1582 300 ὅλως
1616 246 1770 297 εἰδότα
1805 268 1918 311 καρ-

338 326 451 387 δίας,
476 325 753 395 ἐξετάζοντά
788 350 837 378 τε
873 326 931 377 τὰ
967 328 1014 377 ἐν
1041 329 1106 396 νῷ
1132 326 1377 391 κινήματα,
1405 329 1479 378 καὶ
1505 327 1635 378 οὐδὲν
1660 325 1926 393 ἠγνοηκότα

336 411 431 458 τῶν
463 409 510 458 ἐν
542 411 721 476 ψυχαῖς
752 407 1108 471 βουλευμάτων,
1133 414 1234 462 πῶς
1272 410 1375 476 οὐχὶ
1414 414 1604 472 μᾶλλον
1636 411 1777 477 ἐχρῆν
1809 407 1926 477 δόξῃ

337 489 422 553 μὲν
459 489 548 553 ἤδη
588 490 902 558 καταστέφειν
939 494 997 557 τῇ
1035 495 1295 556 θεοπρεπεῖ,
1336 493 1411 541 καὶ
1453 491 1741 558 ἀνακομίζειν
1780 490 1827 541 δὲ
1865 494 1927 544 εἷς

291 573 568 622 Ῑῡτοσοῦτον
601 575 684 635 τῆς
718 574 765 622 ἐν
800 573 1064 636 ἀνθρώποις
1097 573 1508 639 σμικροπρεπείας,
1542 573 1660 623 ὅσον
1696 571 1752 636 δὴ
1788 573 1925 638 ὑπερ-

335 652 485 703 κέοιτο
524 657 620 703 τῶν
657 655 732 703 ἐπὶ
771 656 858 719 γῆς
898 655 922 704 ὁ
962 653 1117 716 Θεός,
1179 654 1526 706 ἀνακαλύπτων
1563 656 1718 706 τοίνυν
1755 653 1839 704 τὸν
1877 655 1926 704 ἐν

333 734 600 802 ἀφθόγγοις
639 735 704 785 ε”τι
743 741 956 803 μομφαῖς
996 736 1416 804 κατακεχωσμένον
1448 735 1701 803 λογισμὸν,
1734 738 1808 786 καὶ
1842 734 1926 786 τὸν

333 815 491 882 λάθρα
526 817 949 886 διαψιθυρισθέντα
984 819 1267 885 γογγυσμὸν
1293 822 1341 870 ἐν
1367 820 1520 873 αὐτοῖς
1557 817 1761 887 φανερὸν
1787 820 1921 868 καθι-

333 897 455 952 στὰς
489 900 543 950 δι’
574 899 725 950 αἰτίαν
758 900 847 964 ἤδη
884 899 969 965 τὴν
1000 902 1243 967 εἰρημένην
1270 901 1345 962 Μὴ
1381 899 1636 973 γογγύζετέ
1666 905 1790 968 φησι
1828 903 1924 968 μετ’

333 983 563 1042 ἀλλήλων·
608 979 706 1032 εἶτα
737 981 928 1044 δεικνὺς,
956 982 1028 1033 ὅτι
1055 983 1352 1034 θεοδίδακτον
1378 986 1426 1035 ἐν
1451 985 1716 1050 ἀνθρώποις
1745 981 1926 1047 ἀγαθὸν

332 1062 386 1114 τὸ
431 1065 537 1128 περὶ
581 1064 726 1114 αὐτοῦ
769 1064 1047 1130 μυστήριον,
1087 1067 1161 1116 καὶ
1207 1069 1289 1130 τῆς
1335 1066 1514 1117 ἄνωθεν
1554 1065 1745 1134 χάριτος
1788 1064 1926 1130 ἔργον

333 1146 464 1195 ἐστὶν
491 1146 518 1209 ἡ
555 1147 662 1211 περὶ
696 1147 838 1197 αὐτοῦ
874 1150 1066 1212 γνῶσις,
1093 1148 1209 1212 μηδὲ
1245 1148 1481 1199 δύνασθαί
1513 1154 1665 1216 φησιν
1691 1149 1752 1201 ὡς
1784 1146 1926 1197 αὐτὸν

334 1227 606 1295 ἀφικέσθαι,
651 1227 715 1292 μὴ
767 1228 868 1295 οὐχὶ
921 1233 1021 1282 ταῖς
1066 1235 1150 1280 τοῦ
1197 1230 1387 1296 Πατρὸς
1434 1230 1694 1282 νουθεσίαις
1739 1233 1925 1279 καθειλ-

295 1309 584 1372 οκι·σμε’νον·
646 1308 703 1373 ἧν
746 1309 794 1359 δὲ
844 1315 983 1360 τοῦτο
1031 1311 1180 1362 πάλιν
1225 1312 1382 1379 ἕτερον
1424 1318 1667 1365 ποιοῦντος
1720 1309 1851 1362 οὐδὲν
1895 1309 1925 1374 ἢ

333 1395 531 1443 σκοπεῖν
567 1392 913 1454 ἀναπείθοντος,
946 1391 1016 1443 ὅτι
1053 1392 1215 1456 δεήσοι
1253 1394 1336 1457 μὲν
1372 1394 1538 1448 αὐτοὺς
1579 1393 1812 1446 κλάοντας
1850 1393 1926 1443 καὶ

331 1474 728 1540 πικραινομένους,
755 1475 828 1541 ἐφ’
858 1473 925 1528 οῖς
959 1474 1043 1533 μὲν
1074 1475 1162 1540 ἤδη
1199 1476 1533 1541 λελυπήκεσαν
1564 1478 1926 1543 ἐλευθεροῦσθαι

331 1555 495 1622 ζητεῖν,
521 1555 806 1607 ἀνέλκεσθαι
833 1556 887 1607 δέ
907 1580 1007 1610 πως
1034 1559 1110 1608 καὶ
1136 1562 1198 1612 εἷς
1229 1559 1469 1626 σωτηρίαν
1495 1558 1571 1610 διὰ
1604 1559 1808 1613 πίστεως
1843 1561 1927 1622 τῆς

330 1640 392 1691 εἷς
421 1637 576 1701 αὑτὸν,
605 1637 680 1689 διὰ
706 1641 888 1702 βουλῆς
914 1644 997 1690 τοῦ
1025 1641 1232 1706 Πατρὸς,
1254 1643 1328 1691 καὶ
1355 1644 1436 1705 τῆς
1464 1641 1640 1692 ἄνωθεν
1665 1640 1928 1708 ἐπικουρίας

331 1718 758 1786 κατευμαριζούσης
787 1721 942 1774 αὐτοῖς
968 1720 1055 1785 τὴν
1081 1723 1128 1772 ἐν
1156 1723 1338 1777 τούτοις
1365 1722 1488 1786 ὁδὸν,
1510 1724 1586 1774 καὶ
1612 1723 1744 1774 λείαν
1763 1721 1927 1790 ὥσπερ

331 1801 677 1867 ἀποτελούσης,
722 1802 809 1866 τὴν
853 1803 1041 1870 ἐπείπερ
1086 1803 1356 1871 ἡμάρτανον
1401 1807 1602 1874 ἀφειδῶς
1646 1806 1923 1873 ἐκτετραχυ-

331 1883 492 1947 με’νην“
534 1884 827 1949 ἀναστήσειν
853 1887 1002 1950 γεμὴν
1027 1888 1076 1936 ἐκ
1112 1892 1287 1951 νεκρῶν
1313 1886 1396 1938 τὸν
1426 1887 1713 1939 πιστεύοντα
1747 1887 1921 1956 χρησί-

287 1977 431 2029 (Ιμως
477 1967 812 2028 διεβεβαιοῦτο,
853 1969 929 2017 καὶ
972 1966 1048 2017 διὰ
1087 1968 1256 2019 τούτου
1301 1969 1450 2020 πάλιν
1489 1968 1613 2020 Θεὸν
1652 1968 1766 2020 ὅντα
1806 1969 1927 2020 κατὰ

333 2045 484 2114 φύσιν
510 2049 586 2098 καὶ
622 2047 850 2113 ἀληθινὸν
876 2054 973 2102 τοῖς
1009 2049 1223 2114 ἀνοήτοις
1259 2050 1424 2102 ἑαυτὸν
1449 2051 1700 2118 παριστάς·
1740 2050 1795 2102 τὸ
1833 2050 1927 2118 γὰρ

332 2128 457 2183 ὅλως
495 2129 727 2181 δύνασθαι
767 2130 1019 2197 ζωοποιεῖν,
1059 2135 1134 2183 καὶ
1177 2136 1562 2199 παλινδρομῆσαι
1603 2133 1722 2200 πρὸς
1761 2133 1928 2195 ἀναβί-

333 2234 453 2262 ωσιν
498 2210 768 2278 ἀναγκάσαι
815 2216 882 2282 τῷ
933 2212 1121 2283 θανάτῳ
1174 2215 1528 2281 κεκρατημένον,
1573 2216 1693 2284 μόνῃ
1740 2214 1826 2280 μὲν
1870 2214 1927 2266 ἂν

331 2292 502 2360 πρέποι
541 2296 727 2348 δικαίως
764 2297 822 2363 τῇ
861 2301 944 2346 τοῦ
985 2299 1110 2346 Θεοῦ
1150 2296 1308 2364 φύσει,
1340 2297 1707 2367 προσγράφοιτο
1745 2297 1794 2348 δὲ
1832 2302 1927 2349 τῶν

333 2380 542 2441 γενητῶν
570 2377 737 2427 οὐδενί.
791 2382 874 2427 τοῦ
900 2376 992 2444 γὰρ
1020 2376 1189 2443 ζῶντός
1216 2380 1320 2430 ἐστι
1355 2379 1409 2431 τὸ
1443 2380 1695 2447 ζωοποιεῖν,
1722 2382 1798 2432 καὶ
1823 2381 1927 2448 οὐχὶ

334 2463 417 2509 τοῦ
441 2458 552 2525 παρ’
580 2459 737 2525 ἑτέρου
761 2458 1081 2525 δανειζομένου
1107 2459 1193 2525 τὴν
1219 2461 1370 2529 χάριν.

383 2633 417 2663 4.
443 2621 497 2654 καὶ
515 2627 739 2666 assumptum
758 2633 799 2655 ex
821 2621 862 2655 Β.
975 2631 1009 2666 5.
1035 2622 1075 2656 ἂν
1092 2634 1154 2666 pro
1173 2623 1212 2666 δὴ
1234 2623 1274 2658 Β.
1386 2624 1418 2658 6.
1446 2627 1503 2669 τῆς
1521 2637 1583 2670 pro
1600 2629 1666 2660 τῶν
1685 2613 1819 2671 Mign'e.
1883 2627 1928 2662 ὡς

335 2679 400 2712 pro
418 2669 436 2700 ὁ
456 2667 497 2701 Β.
679 2678 710 2713 7.
735 2669 890 2713 μομφαῖς
909 2668 1004 2703 B.D.
1021 2670 1172 2714 μορφαῖς
1192 2670 1258 2704 Ed.
1493 2673 1526 2706 8.
1553 2672 1682 2718 λάθρα]
1703 2673 1737 2708 ἐν
1753 2673 1865 2717 λάθρα
1884 2673 1926 2707 Β.

336 2726 369 2759 9.
396 2716 486 2759 φησι
505 2722 727 2760 assumptum
745 2727 786 2749 ex
808 2715 848 2749 Β.
1027 2725 1080 2760 15.
1107 2717 1270 2752 κλάοντας
1291 2717 1335 2751 D.
1355 2718 1532 2754 κλαίοντας
1551 2719 1616 2754 Ed.
1790 2720 1841 2753 18.
1867 2721 1928 2753 τοῦ

338 2760 381 2795 Β.
399 2762 458 2805 τῆς
475 2761 541 2796 Ed.
689 2773 744 2797 22.
770 2763 1006 2804 διεβεβαιοῦτο
1023 2763 1200 2808 χρησίμως
1218 2764 1356 2799 inverso
1375 2765 1496 2800 ordine
1517 2766 1557 2800 B.

1950 1009 1999 1035 10

1950 1412 1997 1450 15

1947 1828 1997 1854 20
