2084 3317
100 537 195 589 Ipfra

101 592 166 613 xxv.
187 590 249 622 15—

104 632 154 666 ¹7-

99 1035 151 1068 Ib.
168 1035 199 1068 6.

105 1273 116 1295 ι
128 1263 262 1295 S.J0an.

100 1317 130 1339 v.
148 1306 178 1339 6.

102 1675 188 1750 Εέὼ.
206 1675 249 1707 iii.

102 1763 154 1796 lb.
176 1770 226 1803 17.

103 1930 264 1961 Romxiii.

101 1983 132 2017 9,
150 1982 198 2005 10.

286 1616 308 1642 c
326 1605 353 1627 “
380 1596 593 1662 ἀλήθεια.

326 185 408 225 188
724 185 773 224 B.
808 184 1084 224 CYRILLI
1126 185 1504 226 ALEXANDR.
1710 185 1736 225 i.
1756 198 1824 239 32,
1843 197 1911 239 33.

326 294 402 343 καὶ
437 291 648 359 ὑπάρχον
680 294 728 342 ἐν
759 293 884 362 αὐτῷ
919 298 1146 361 φυσικῶς,
1175 295 1237 347 ὡς
1273 292 1416 356 μηδὲν
1446 293 1601 359 ἕτερον
1627 291 1739 344 εἶναι
1775 293 1907 354 νομί-

325 373 489 440 ζεσθαι
522 374 629 439 παρ’
660 372 815 436 αὐτὸν,
849 374 924 425 διά
960 397 1009 424 τε
1045 373 1130 438 τὴν
1161 376 1243 437 τῆς
1279 375 1507 439 ἐνεργείας
1541 372 1803 438 ταυτότητα
1837 375 1913 424 καὶ

325 453 439 505 αὐτὸ
477 453 531 505 τὸ
566 457 648 518 τῆς
687 455 879 523 φύσεως
914 454 1319 521 ἀπαράλλακτον;
1363 455 1501 506 ἄκουε
1539 454 1595 519 δὴ
1631 456 1680 506 τί
1710 459 1860 523 φησιν
1887 455 1913 505 ὁ

327 534 495 602 Σωτὴρ
532 535 651 601 πρὸς
689 535 796 589 τοῦς
835 538 1000 586 ἑαυτοῦ
1037 535 1252 601 μαθητάς
1279 543 1306 566 “
1331 535 1448 587 Ἐὰν
1480 536 1699 602 ἀγαπᾶτέ
1727 559 1798 599 με,
1830 534 1915 589 τὰς

325 624 354 646 “
377 616 572 671 ἐντολὰς
611 616 695 671 τὰς
733 616 845 680 ἐμὰς
883 616 1133 683 τηρήσητε,
1169 617 1300 683 κάγὼ
1338 616 1563 683 ἐρωτήσω
1596 616 1679 668 τὸν
1707 617 1912 683 Πατέρα,
1933 633 1955 672 5

325 705 351 728 “
379 700 454 748 καὶ
493 697 648 749 ἄλλον
682 697 990 765 παράκλητον
1025 698 1168 750 δώσει
1206 700 1327 763 ὑμῖν,
1354 698 1408 750 τὸ
1447 705 1630 761 πνεῦμα
1666 701 1749 762 τῆς
1788 699 1909 762 ἀλη-

562 778 579 798 Lx
640 781 650 794 C

325 786 352 809 ιι
381 783 411 829 θ
441 779 454 796 ¹
746 779 756 796 s
961 781 971 795 ³
1059 779 1070 796 '
1371 785 1390 794 ἢ
1440 782 1464 797 ”
1529 784 1538 798 ’
1608 780 1620 796 ¹
1755 781 1793 796 ’‘
1814 779 1824 793 '

413 802 518 842 ειας,
561 803 586 830 ο
631 803 656 830 ο
704 803 883 843 κοσμος
922 803 976 830 ου
1014 783 1205 831 δυναται
1245 803 1431 848 χωρειν.
1526 783 1625 831 ιδου
1664 781 1915 847 διαρρήδην

277 864 304 906 b
328 864 523 924 Πνεῦμα
548 863 630 925 τῆς
655 863 876 927 ἀληθείας
901 861 956 913 τὸ
974 861 1147 926 “Αγιον
1171 861 1367 925 Πνεῦμά
1391 866 1558 930 φησιν·
1590 861 1661 913 ὅτι
1687 860 1735 913 δὲ
1762 860 1915 923 αὐτὸς,

325 944 402 994 καὶ
441 943 528 1010 οὐχ
559 942 711 1010 ἕτερός
742 966 811 997 τις
845 945 949 994 ἐστι
982 944 1093 1010 παρ’
1122 942 1266 995 αὐτὸν
1296 944 1324 1007 ἡ
1365 943 1575 1008 ἀλήθεια,
1601 941 1749 994 πάλιν
1780 942 1917 993 ἄκουε

325 1025 469 1075 αὐτοῦ
494 1023 720 1090 λέγοντος
746 1031 774 1055 “
793 1025 922 1091 Ἐγώ
948 1028 1038 1089 εἰμι
1063 1025 1092 1089 ἡ
1123 1025 1365 1090 ἀλήθεια.”
1419 1025 1640 1090 ἀληθείας
1675 1025 1758 1075 οὖν
1783 1022 1916 1077 ὄντος

325 1127 375 1157 τε
411 1106 487 1156 καὶ
520 1107 807 1170 κεκλημένου
840 1112 924 1158 τοῦ
957 1106 1077 1158 κατὰ
1112 1107 1263 1175 φύσιν
1290 1111 1422 1170 Υἱοῦ,
1448 1107 1600 1168 βλέπε
1633 1104 1792 1170 πόσην
1825 1104 1918 1173 ἔχει

325 1187 380 1240 τὸ
407 1191 604 1252 Πνεῦμα
627 1186 746 1255 πρὸς
773 1188 915 1240 αὐτὸν
940 1188 1025 1254 τὴν
1051 1188 1260 1254 ἑνότητα.
1314 1188 1442 1255 λέγει
1467 1187 1561 1255 γάρ
1586 1210 1678 1240 που
1704 1189 1808 1253 περὶ
1833 1192 1917 1238 τοῦ

328 1272 549 1336 Σωτῆρος
582 1270 715 1334 ἡμῶν
739 1269 960 1335 Ἰωάννης
996 1272 1020 1321 ὁ
1056 1270 1270 1336 μαθητής
1302 1278 1329 1300 “
1351 1269 1507 1324 Οὗτός
1542 1271 1673 1320 ἐστιν
1707 1270 1732 1319 ὁ
1765 1268 1918 1319 ἐλθὼν

327 1359 353 1382 “
381 1352 435 1402 δι’
478 1352 644 1406 ὕδατος
684 1353 760 1403 καὶ
798 1352 993 1416 αἵματος
1032 1355 1107 1403 καὶ
1145 1352 1424 1416 πνεύματος,
1456 1354 1641 1417 Ἰησοῦς
1681 1348 1912 1417 Χριστός·

327 1440 354 1463 “
381 1433 465 1484 οὐκ
503 1435 552 1485 ἐν
585 1438 651 1504 τῷ
687 1434 818 1485 ὕδατι
853 1433 1011 1497 μόνον,
1039 1435 1150 1485 ἀλλ’
1180 1436 1227 1485 ἐν
1259 1438 1324 1503 τῷ
1365 1436 1494 1485 ὕδατι
1534 1435 1609 1485 καὶ
1639 1436 1705 1502 τῷ
1736 1432 1913 1497 αἵματι·

327 1522 355 1545 “
382 1517 457 1566 καὶ
489 1514 543 1567 τὸ
578 1515 762 1579 πνεῦμά
795 1517 897 1567 ἐστι
932 1515 986 1567 τὸ
1021 1521 1302 1582 μαρτυροῦν,
1331 1515 1400 1566 ὅτι
1432 1515 1486 1566 τὸ
1517 1513 1701 1580 πνεῦμά
1731 1515 1917 1578 ἐστινὴ

601 1597 625 1614 ”
693 1597 839 1649 διάτοι
874 1603 1027 1661 τοῦτο,
1061 1600 1136 1648 καὶ
1171 1599 1458 1652 ἐνοικοῦντος
1496 1598 1606 1661 ἡμῖν
1638 1602 1720 1648 τοῦ
1750 1589 1920 1663 ἰΑγιόυ

327 1686 354 1709 “
383 1679 660 1743 Πνεύματος
699 1683 762 1734 εἷς
800 1679 882 1731 τὸν
920 1680 1017 1731 ε”σω
1057 1678 1349 1746 ἄνθρωπον,”
1387 1683 1616 1731 κατοικεῖν
1654 1676 1794 1733 αὐτὸς
1832 1679 1913 1729 λε’-

328 1783 457 1826 γεται
495 1760 722 1828 Χριστὸς,
763 1763 838 1812 καὶ
877 1763 1024 1814 οὕτως
1063 1762 1156 1829 ἔχει
1196 1760 1251 1812 τὸ
1289 1765 1489 1828 πρᾶγμα
1527 1765 1584 1828 τῇ
1625 1761 1786 1830 φύσει.
1842 1762 1919 1811 καὶ

327 1849 442 1909 γοῦν
470 1845 495 1894 ὁ
521 1842 748 1909 μακάριος
777 1847 974 1896 Παῦλος
1009 1843 1298 1909 σαφέστατα
1335 1849 1474 1894 τοῦτο
1501 1841 1739 1893 διδάσκων
1765 1842 1918 1911 φησίν

327 1932 354 1954 “
379 1925 540 1989 (Υμεῖς
590 1925 639 1976 δὲ
691 1926 774 1976 οὐκ
818 1925 925 1976 ἐστὲ
970 1927 1019 1976 ἐν
1063 1927 1207 1992 σαρκὶ
1252 1924 1362 1975 ἀλλ’
1410 1927 1458 1976 ἐν
1502 1923 1746 1988 πνεύματι,
1791 1923 1918 1990 εἴπερ

327 2014 354 2036 “
379 2012 563 2071 πνεῦμα
589 2011 714 2058 Θεοῦ
742 2011 857 2058 οἰκεῖ
878 2007 925 2057 ἐν
952 2009 1071 2070 ὑμῖν.
1124 2009 1160 2057 εἰ
1196 2007 1250 2057 δέ
1279 2030 1348 2060 τις
1381 2011 1563 2070 πνεῦμα
1590 2009 1808 2071 Χριστοῦ
1835 2007 1919 2056 οὐκ

328 2096 354 2119 “
381 2089 486 2156 ἔχει,
514 2090 648 2143 οὗτος
675 2090 756 2140 οὐκ
783 2089 915 2140 ἐστιν
941 2090 1098 2140 αὐτοῦ.
1153 2093 1190 2140 εὶ
1217 2089 1265 2140 δὲ
1291 2088 1504 2155 Χριστὸς
1530 2089 1578 2138 ἐν
1606 2089 1725 2151 ὑμῖν,
1752 2085 1807 2139 τὸ
1833 2086 1918 2150 μὲν

342 2175 523 2233 ζσῶμα
558 2194 721 2238 νεκρον
752 2172 806 2222 δι’
841 2171 1088 2236 ἀμαρτιαν,
1115 2193 1169 2221 το
1204 2170 1252 2222 δὲ
1289 2176 1470 2234 πνεῦμα
1506 2168 1597 2235 ζωὴ
1634 2168 1709 2220 δια
1743 2172 1916 2221 δικαιο-

281 2251 578 2318 (1“συ’νην.”
650 2253 807 2322 ὀξεῖαν
853 2250 889 2303 ὠ
940 2252 1077 2306 οὗτος
1129 2256 1226 2306 τοῖς
1277 2251 1530 2318 εἰρημένοις
1576 2250 1784 2319 ὑπόσχες
1831 2250 1918 2316 τὴν

327 2334 489 2398 ἀκοήν.
550 2339 745 2397 Πνεῦμα
784 2337 1001 2400 Χριστοῦ
1041 2333 1094 2384 τὸ
1134 2339 1379 2385 κατοικοῦν
1418 2335 1466 2384 ἐν
1506 2333 1614 2397 ἡμῖν
1653 2331 1914 2396 ὀνομάσας,

326 2416 562 2482 ἐπήγαγεν
598 2417 731 2470 εὐθύς
774 2420 832 2467 Εἰ
873 2414 920 2466 δὲ
966 2417 991 2466 ὁ
1031 2415 1246 2481 Χριστὸς
1292 2417 1340 2466 ἐν
1379 2416 1503 2478 ὑμῖν,
1544 2413 1919 2480 ἀπαράλλακτον

327 2498 561 2567 εἰσφέρων
594 2497 680 2563 τὴν
712 2498 962 2562 ὁμοιότητα
998 2503 1080 2548 τοῦ
1107 2500 1224 2548 Υἱοῦ
1264 2496 1383 2563 πρὸς
1422 2496 1476 2547 τὸ
1515 2496 1631 2547 ἰ’διον
1663 2497 1806 2547 αὐτοῦ
1840 2498 1917 2547 καὶ

324 2581 434 2647 παρ’
463 2581 606 2631 αὑτοῦ
643 2577 762 2631 κατὰ
796 2579 946 2648 φύσιν
979 2577 1298 2646 προχεόμενον
1325 2582 1539 2642 Πνεῦμα.
1595 2577 1743 2629 διάτοι
1778 2583 1917 2629 τοῦτο

328 2719 380 2753 D:
399 2719 437 2753 τὸ
455 2717 649 2763 προκῦπτον
668 2718 720 2753 ἀεὶ
737 2720 754 2752 ὁ
772 2719 868 2764 ἅγιος
886 2717 982 2753 οὗτος
998 2717 1200 2761 λαμβάνει’
1183 2717 1238 2751 επὶ
1255 2719 1315 2751 τοῦ
1333 2717 1377 2752 ὡς
1394 2717 1544 2751 αἰτιατοῦ
1563 2716 1598 2750 ἐκ
1615 2717 1676 2750 τοῦ
1693 2715 1801 2749 αἷτίου
1816 2719 1915 2759 προί-

327 2767 434 2801 όντος·
472 2765 523 2799 ἀει
547 2766 613 2810 γὰρ
640 2764 794 2809 εὑρήσεις
816 2765 917 2799 αὐτὸν
933 2766 992 2799 τὸν
1008 2765 1079 2798 υἱὸν
1095 2764 1241 2809 λέγοντα
1262 2763 1466 2808 προκύπτειν
1483 2766 1541 2807 τῆς
1558 2765 1617 2797 τοῦ
1634 2763 1762 2807 πατρὸς
1784 2762 1913 2798 οὐσίας.

325 2824 359 2856 5.
378 2812 435 2847 τὰς
453 2811 534 2854 ἐμὰς
552 2812 593 2847 Β.
611 2827 674 2856 μου
696 2811 761 2846 Ed.
847 2824 880 2857 9.
901 2826 951 2847 τις
968 2816 1191 2855 assumptum
1209 2823 1250 2844 ex
1270 2811 1311 2845 B.
1318 2811 1363 2844 D.
1422 2809 1500 2856 παρ’
1519 2810 1620 2844 αὐτὸν
1637 2815 1716 2842 ante
1733 2823 1783 2844 τις
1798 2812 1915 2843 trans-

325 2859 424 2903 ponit
444 2858 486 2893 Β.
607 2870 660 2893 10.
686 2859 787 2893 αὐτοῦ
805 2864 1027 2903 assumptum
1046 2869 1087 2891 ex
1107 2857 1147 2890 B.
1265 2868 1316 2902 13.
1344 2873 1361 2892 ο
1380 2857 1489 2891 ἐλθὼν
1508 2862 1586 2901 post
1602 2854 1791 2899 πνεύματος
1808 2862 1850 2889 tr.
1872 2855 1914 2889 B.

330 2915 383 2949 15.
409 2905 485 2950 οὐκ]
505 2906 558 2939 καὶ
575 2906 633 2939 οὐκ
653 2905 695 2940 Β.
945 2913 998 2950 17.
1024 2919 1073 2939 τοι
1092 2915 1161 2939 om.
1182 2903 1224 2939 Β.
1451 2913 1505 2949 27.
1533 2905 1550 2937 ὁ
1568 2908 1792 2947 assumptum
1810 2913 1852 2936 ex
1871 2901 1914 2937 B.

540 2952 609 2977 Κατὰ

326 2994 383 3029 29.
408 2983 507 3028 κατὰ]
527 3000 617 3030 παρα
637 2985 676 3019 Β,

1939 1046 1988 1072 10

1939 1866 1986 1891 20

1937 2272 1984 2312 25
