2021 3296
128 99 155 140 i.
175 114 213 155 9.
337 102 411 143 IN
453 103 493 143 S.
529 103 869 146 JOANNEM.
931 107 1056 149 LIB.
1090 109 1126 150 I.
1189 111 1323 153 CAP.
1357 113 1487 155 VIII.
1634 117 1717 159 103

119 284 257 326 ’Άλλα
282 289 381 338 μετὰ
406 288 662 341 παραθέσεως
688 291 828 343 ῥητῶν,
852 292 894 342 ἐξ
922 293 1204 346 ἁπλουστέρων
1225 295 1388 337 ἐννοιῶν
1416 298 1471 340 εἷς
1501 298 1719 352 ὁμολογίαν

239 361 462 414 συνάγοντα
483 362 571 405 τοὺς
594 362 909 415 ἐντευξομένους,
933 366 993 407 ὅτι
1019 368 1140 418 μόνος
1168 370 1188 408 ὁ
1209 369 1304 412 ’Υἱὸς
1331 374 1400 410 τοῦ
1423 375 1531 412 Θεοῦ
1559 372 1603 412 τὸ
1634 377 1718 425 φῶς

238 434 324 474 ε’στι
352 434 396 475 τὸ
425 436 631 487 ἀληθινὸν,
660 437 682 489 ἡ
713 439 755 478 δὲ
783 442 859 479 τῶν
887 444 1064 491 γενητῶν
1092 443 1212 493 φύσις
1242 444 1284 484 ἐκ
1313 445 1502 498 χορηγίας
1532 448 1598 496 τῆς
1627 447 1717 499 παρ’

237 507 355 548 αὐτοῦ
390 510 610 561 φωτίζεται,
647 510 692 551 τὸ
734 511 836 553 εἶναι
877 517 961 566 φῶς
1001 514 1198 559 οὐσιωδῶς
1238 517 1308 558 οὐκ
1348 518 1509 572 ἔχουσα,
1547 519 1719 572 καθάπερ

81 581 103 620 5
240 583 402 626 ἐκεῖνος.

198 718 260 769 Ὁ
288 719 555 790 ψαλμῳδός
582 728 608 752 “
627 723 942 790 Ἐσημειώθη,
971 729 1137 794 φησὶν,
1163 729 1234 798 ἐφ’
1262 729 1384 793 ἡμᾶς
1414 731 1468 782 τὸ
1501 736 1603 801 φῶς
1633 738 1717 785 τοῦ
1736 759 1757 786 e
1780 757 1895 790 Paiv.
1914 764 1943 800 7.

125 801 442 866 “προσώπου
467 825 558 854 σου
588 804 778 871 Κύριε.”
831 809 907 857 καὶ
938 813 1075 860 ποῖον
1101 810 1192 876 ἄρα
1226 813 1328 863 ἐστὶ
1363 812 1418 863 τὸ
1454 814 1718 914 πρόσωπον

122 886 205 931 τοῦ
232 885 358 933 Θεοῦ
385 906 460 934 και
490 885 695 952 Πατρος,
722 887 776 938 οῦ
810 911 864 940 το
900 894 1003 958 φῶς
1038 892 1110 961 ἐφ’
1139 893 1261 956 ἡμᾶς
1295 897 1645 960 σεσημείωται,
1688 896 1718 963 ἢ

121 962 310 1018 πάντως
337 966 362 1015 ὁ
389 968 669 1033 Μονογενὴς
694 975 777 1021 τοῦ
804 974 930 1022 Θεοῦ
956 971 1086 1032 Υὶος,
1117 975 1144 1039 ἡ
1172 975 1544 1042 ἀπαράλλακτος
1570 979 1718 1043 εἰκὼν,

55 1068 104 1093 10
123 1046 199 1096 καὶ
224 1045 300 1097 διὰ
326 1053 464 1099 τοῦτο
491 1049 646 1145 λέγων
673 1059 700 1081 “
719 1052 832 1103 O
809 1054 1022 1119 εωρακὼς
1050 1055 1128 1119 ἐμὲ
1154 1057 1329 1123 ἑώρακε
1353 1059 1436 1110 τὸν
1465 1061 1687 1127 Πατέρα·
1677 1103 1688 1123 ,
1692 1062 1715 1077 ”
1780 1077 1874 1127 Ipfra

121 1127 417 1195 ἐνεσημοῖνθη
453 1129 501 1181 δὲ
534 1133 658 1196 ἡμῖν,
685 1135 1055 1204 συμμόρφους
1029 1142 1149 1201 ημᾶς
1175 1140 1474 1209 ἀποδειῃξας
1452 1146 1614 1211 εαυτῶ,
1641 1166 1717 1194 και
1778 1131 1845 1153 le'
1868 1131 1899 1163 9-

122 1208 206 1260 τὸν
236 1210 312 1261 διὰ
351 1218 434 1263 τοῦ
466 1215 742 1278 Πνεύματος
782 1223 865 1268 τοῦ
905 1219 1020 1270 ἰδίου
1061 1221 1315 1288 φωτισμὸν
1346 1223 1615 1293 ἐγχαραξας
1655 1227 1717 1280 ὡς

123 1292 252 1343 θείαν
302 1293 456 1346 εἰκόνα
504 1301 601 1351 τοῖς
650 1298 961 1351 πιστεύουσιν
1010 1305 1073 1356 εἷς
1125 1301 1281 1366 αὐτον,
1333 1305 1408 1355 ἵνα
1458 1328 1534 1356 και
1585 1308 1756 1358 αὐτοιο
1813 1322 1871 1357 70
1888 1321 1940 1356 A.

121 1374 448 1441 χρηματίζοιεν
487 1379 575 1443 ἤδη
615 1381 713 1431 κατ’
755 1380 898 1432 αὐτον
937 1384 1037 1434 θεοί
1070 1407 1120 1435 τε
1159 1387 1235 1436 καὶ
1277 1389 1403 1437 Θεοῦ
1442 1389 1547 1439 υἱοί·
1601 1390 1713 1440 ἀλλ’

57 1468 102 1507 15
123 1455 251 1522 εἴπερ
290 1456 347 1522 ἧν
385 1482 429 1510 τι
467 1465 562 1511 τῶν
600 1467 809 1528 γενητῶν
847 1463 902 1515 τὸ
941 1469 1044 1533 φῶς
1083 1489 1137 1518 το
1181 1467 1422 1532 ἀληθινὸν,
1461 1474 1562 1524 πῶς
1605 1471 1716 1535 ἡμῖν

121 1539 452 1606 ἐνεσημάνθη·
440 1583 452 1605 ,
498 1551 524 1573 “
543 1567 597 1595 το
623 1544 717 1612 γὰρ
753 1550 855 1614 φῶς
890 1549 938 1598 ἐν
963 1552 1021 1616 τῇ
1055 1571 1225 1600 σκοτια
1261 1551 1455 1619 φαι’νει,”
1485 1552 1604 1603 κατὰ
1628 1552 1715 1617 τὴν
1775 1564 1892 1639 §3³1³

122 1621 310 1689 ἀψευδῆ
343 1629 427 1675 τοῦ
461 1628 853 1696 πνευματοφόρου
889 1630 1068 1698 φωνήν.
1124 1636 1228 1700 φῶς
1265 1632 1359 1699 γὰρ
1399 1634 1448 1684 ἐν
1485 1638 1552 1685 τῶ
1592 1637 1716 1705 φωτι
1863 1624 1892 1646 ὓ

121 1707 224 1756 πῶς
255 1702 313 1754 ἂν
338 1704 518 1771 γένοιτο
551 1709 852 1778 καταφανες·
841 1750 853 1772 ,

196 1805 329 1836 ΑΛΛΟ.
367 1788 431 1839 O
467 1791 734 1860 ψαλμωδός
769 1798 795 1821 “
817 1795 927 1847 Φῶς
964 1793 1170 1846 ἀνετειλε
1204 1799 1271 1865 τῷ
1306 1798 1507 1867 δικαι’ῳ,”
1542 1800 1708 1868 φησιν
1776 1797 1831 1873 ξ19
1850 1798 1936 1830 xcvi.

53 1886 102 1910 20
122 1869 159 1917 εἰ
183 1866 269 1931 μὲν
294 1868 447 1937 ε”χοντι
474 1894 549 1923 και
574 1871 640 1937 μὴ
667 1874 882 1944 δεομενω,
909 1875 1144 1941 περιττόν·
1199 1882 1236 1928 εἰ
1268 1878 1317 1930 δε
1349 1881 1412 1934 ὡς
1445 1881 1532 1949 οὐχ
1561 1905 1716 1950 εχοντι
1732 1893 1759 1934 b

121 1947 176 2000 τὸ
203 1953 306 2018 φῶς
331 1953 594 2017 ἀνατελλει,
620 1957 772 2023 φῶς’
749 1979 841 2022 αρα
864 1956 1008 2021 μόνος
1040 1959 1064 2009 ὁ
1094 1959 1387 2027 Μονογενὴς,
1415 1962 1574 2031 φωτος
1606 1963 1712 2015 δὲ
1687 1988 1715 2029 η

121 2031 274 2086 κτίσις
299 2034 510 2103 μέτοχος,
537 2060 611 2088 και
639 2036 714 2088 δια
740 2044 878 2090 τοῦτο
905 2041 1174 2110 ἀλλοφυής.

196 2134 329 2166 ΑΛΛο.
377 2119 440 2169 Ὁ
484 2118 754 2190 ψαλμῳδός
799 2126 952 2190 φησιν
997 2130 1024 2152 “
1045 2125 1122 2175 Οὐ
1166 2123 1261 2192 γὰρ
1305 2128 1353 2177 ἐν
1395 2131 1454 2195 τῇ
1502 2128 1716 2197 ῥομφαίᾳ
1775 2135 1831 2168 Ps.
1847 2136 1929 2168 xliii.

124 2202 152 2226 ‘⁶
176 2198 331 2250 αὐτῶν
376 2200 767 2268 ἐκληρονόμησαν
818 2206 921 2270 γῆν,
967 2207 1043 2256 καὶ
1095 2207 1119 2256 ὁ
1168 2209 1383 2276 βραχίων
1432 2211 1585 2261 αὐτῶν
1633 2211 1717 2261 οὐκ

53 2288 102 2326 25
124 2285 152 2309 ‘⁶
176 2278 361 2333 ἔσωσεν
387 2283 574 2345 αὐτοὺς,
604 2284 715 2335 ἀλλ’
744 2285 772 2349 ἡ
799 2285 931 2355 δεξιοί
954 2310 1046 2338 σου
1072 2290 1149 2339 καὶ
1175 2291 1200 2340 ὁ
1223 2291 1438 2358 βραχίων
1464 2314 1555 2343 σου
1582 2293 1657 2342 καὶ
1690 2293 1716 2342 ὃ

123 2367 152 2391 “
178 2363 428 2431 φωτισμὸς
462 2371 545 2416 τοῦ
578 2367 844 2433 προσώπου
878 2368 1012 2421 σου.”
1066 2372 1319 2438 φωτισμὸν
1345 2380 1427 2424 τοῦ
1452 2373 1717 2440 προσώπου

122 2449 206 2494 τοῦ
232 2448 356 2496 Θεοῦ
382 2449 459 2497 καὶ
486 2448 677 2515 Πατρὸς
703 2448 914 2517 ὀνομάζει
939 2451 1088 2503 πάλιν
1112 2455 1161 2504 ἐν
1186 2454 1379 2518 τούτοις,
1407 2454 1493 2519 τὴν
1518 2455 1575 2524 ἐξ
1597 2459 1715 2507 Υἱοῦ

122 2524 198 2575 διὰ
241 2533 324 2577 τοῦ
363 2529 639 2594 Πνεύματος
683 2529 1006 2601 ἀποκάλυψιν,
1042 2538 1118 2585 καὶ
1165 2534 1251 2599 τὴν
1289 2540 1353 2590 εἷς
1393 2536 1573 2588 ἕκαστα
1619 2542 1754 2591 τῶνο

121 2606 270 2659 ὄντων
295 2612 626 2677 χειραγωγίαν,
653 2611 678 2663 ὃ
704 2611 761 2677 δὴ
788 2616 863 2665 καὶ
889 2613 1036 2679 μόνον
1062 2617 1264 2668 διέσωσε
1291 2617 1374 2668 τὸν
1399 2618 1615 2685 Ἰσραὴλ,
1637 2621 1714 2671 καὶ

171 2770 204 2805 6.
231 2772 342 2816 φησὶν
358 2779 579 2827 assumptum
598 2788 640 2810 ex
658 2776 702 2811 B.
932 2789 984 2823 13.
1011 2778 1236 2813 πιστεύουσιν
1256 2779 1298 2814 Β.
1318 2779 1394 2815 Cat.
1412 2781 1450 2814 in
1468 2780 1525 2816 Ps.
1544 2782 1589 2817 iv.
1610 2781 1715 2828 [Maii

125 2818 219 2853 Bibl.
237 2818 342 2854 Nova
359 2819 452 2854 Patr.
470 2821 517 2855 iii.
541 2832 616 2867 155.
620 2822 635 2868 ]
655 2824 886 2860 πιστεύσασιν
904 2825 972 2859 Ed.
1186 2836 1238 2871 17.
1264 2826 1399 2872 ἀψευδῆ
1418 2834 1451 2862 et
1468 2830 1514 2874 τῷ
1532 2837 1716 2875 assumpta

124 2877 167 2899 ex
187 2865 229 2900 Β.
467 2878 523 2913 23.
548 2871 658 2913 φησιν
674 2882 745 2905 om.
765 2871 807 2905 B.
1049 2872 1104 2907 26.
1131 2875 1190 2907 τοῦ
1207 2875 1395 2918 προσώπου
1413 2875 1471 2910 alt.
1490 2883 1714 2927 assumptum

126 2924 167 2946 ex
186 2912 227 2946 Β.
233 2913 274 2948 Ε.
295 2912 414 2949 deest
407 2925 443 2948 m
463 2913 508 2949 D.
652 2928 707 2962 29.
733 2917 854 2964 ὄντων]
875 2919 1019 2954 δεόντων
1037 2918 1080 2955 Β.
