2084 3317
98 165 168 207 vii.
188 176 255 221 37.
352 166 427 207 IN
470 166 511 207 S.
546 166 881 208 JOANNEM.
945 166 1070 207 LIB.
1095 166 1148 206 V.
1211 164 1346 206 CAP.
1379 164 1414 204 Ι.
1601 162 1682 202 685

99 297 265 341 ριστον
291 278 385 325 τῶν
409 274 650 325 Ἰουδαίων
676 274 1003 327 ἀπολακτίσας
1029 274 1209 339 μητέρα
1233 272 1321 336 τὴν
1345 268 1680 337 Ἰερουσαλήμ.

100 355 303 421 ἐπιτήρει
329 355 378 407 δὲ
405 355 532 410 ὅπως
558 357 645 424 οὐχ
672 357 858 408 ἁπλοῦν
876 354 959 407 τὸν
979 357 1053 407 ἐπὶ
1078 354 1229 424 τούτῳ
1255 359 1498 405 ποιοῦνται
1521 351 1685 417 λόγον.

101 439 156 490 οὗ
196 438 288 505 γὰρ
328 437 398 489 ὅτι
436 438 581 501 μόνον
621 444 679 494 εἰς
718 439 786 498 τὴν
825 437 904 489 τῶν
941 438 1160 498 (Ελλήνων
1199 438 1536 502 ἀποδραμεῖται
1579 430 1684 483 διά-

69 534 72 537 ’
103 519 269 588 σποράν
300 520 741 583 ὑπολαμβάνουσιν,
775 519 886 570 ἀλλ’
913 518 1149 584 ἐπάγουσι
1188 516 1468 582 δυστρόπως
1504 515 1576 566 ὅτι
1611 515 1687 564 καὶ

60 622 82 660 5
103 602 266 671 μέλλει
295 599 519 653 διδάσκειν
545 602 641 657 τοὺς
658 601 904 664 “Ἐλληνάς,
929 601 1006 652 ἵνα
1040 600 1189 652 πάλιν
1215 601 1369 652 αὐτοῖς
1405 596 1689 663 κατηγορίας

104 683 309 753 ἀποτέκῃ
344 683 594 752 πρόφασιν
625 686 699 735 καὶ
739 684 767 748 ἡ
806 684 917 749 παρ’
946 684 1099 734 αὐτῶν
1133 682 1333 750 ὑποψία.
1389 679 1443 730 τὸ
1478 678 1563 742 μὲν
1595 677 1689 744 γὰρ
1709 701 1732 729 c

103 766 404 831 ἐπιμίγεσθαι
443 771 544 820 ταῖς
585 771 679 817 τῶν
715 764 969 830 Ἑλλήνων
1009 767 1290 829 διασποραῖς
1332 761 1409 813 διὰ
1448 767 1532 812 τοῦ
1573 758 1692 826 πρὸς

103 847 188 902 τὰς
214 849 397 900 ἐκείνων
424 847 534 899 ἰέναι
560 848 719 901 πόλεις
746 846 775 912 ἢ
804 847 975 915 χώρας,
1001 846 1303 913 τετριμμένον
1330 868 1379 895 τε
1407 846 1482 894 καὶ
1509 844 1689 905 ἀκατη-

105 930 308 996 γόρητον
342 929 472 996 παρὰ
510 935 606 984 τοῖς
641 931 884 984 Ἰουδαίοις
921 930 1186 995 ηὑρίσκετο·
1236 926 1289 978 τὸ
1329 925 1378 978 δὲ
1417 926 1692 995 ἐξηγεῖσθαι

39 1039 87 1064 10
106 1017 201 1066 τοῖς
227 1011 510 1078 ἀλλογενέσι
537 1012 620 1063 τὸν
647 1012 806 1075 νόμον,
834 1013 909 1062 καὶ
936 1010 996 1062 τὰ
1022 1014 1123 1061 θεῖα
1147 1014 1243 1062 τοῖς
1271 1007 1493 1072 ἀμυήτοις
1520 1009 1695 1057 ἀνακα-

106 1094 303 1145 λύπτειν
334 1093 585 1160 μυστήρια,
614 1092 991 1157 διαβεβλημένον
1024 1094 1098 1142 καὶ
1137 1093 1220 1142 οὐκ
1259 1091 1551 1157 ἀνέγκλητον
1582 1088 1693 1154 παρ’

107 1177 277 1231 αὐτοῖς.
334 1179 409 1227 καὶ
448 1182 563 1241 γοῦν
602 1174 1019 1244 ἀδιαφορήσαντάς
1056 1197 1186 1227 τινας
1224 1174 1328 1239 περὶ
1367 1178 1507 1224 τοῦτο
1546 1194 1690 1239 κατῃ-

106 1263 239 1310 τιᾶτο
279 1258 401 1313 Θεὸς
440 1258 514 1309 διὰ
553 1264 635 1309 τοῦ
674 1257 926 1325 προφήτου
965 1256 1122 1322 λέγων
1155 1256 1380 1321 Ἱερεμίου
1415 1262 1442 1284 “
1463 1257 1556 1305 Καὶ
1595 1254 1696 1304 ἀνέ-
1758 1250 1922 1334 &mosim

108 1348 136 1370 “
162 1363 359 1406 γνωσαν
393 1339 485 1406 ἔξω
526 1340 716 1404 νόμον.”
763 1344 941 1404 πικρῶς
980 1339 1061 1390 οὖν
1101 1338 1193 1404 ἄρα
1231 1339 1384 1406 φασὶν
1423 1336 1495 1387 ὅτι
1533 1336 1696 1403 μέλλει

41 1438 88 1476 15
111 1420 334 1475 διδάσκειν
360 1423 455 1477 τοὺς
477 1422 724 1484 “Ἐλληνάς,
751 1424 813 1476 ὡς
840 1422 1034 1484 ἑτοίμως
1058 1420 1417 1486 παραβαίνοντα
1444 1418 1526 1469 τὸν
1554 1417 1698 1479 νόμον

110 1505 425 1571 διασύροντες,
453 1506 526 1555 καὶ
553 1506 603 1555 ἐκ
629 1509 724 1555 τῶν
750 1504 838 1568 ἤδη
866 1503 1286 1570 προειργασμένων
1312 1502 1359 1552 ἐν
1386 1501 1536 1569 ἡμέρᾳ
1562 1505 1691 1559 σαβ-
1716 1506 1745 1547 d

108 1586 260 1648 βάτου
304 1586 358 1637 τὸ
408 1587 565 1638 πάντα
613 1586 837 1653 πράττειν
881 1584 1250 1651 ἀπερισκέπτως,
1290 1581 1377 1634 κᾶν
1419 1587 1515 1636 τοῖς
1560 1583 1699 1635 θείοις

110 1668 270 1738 ἀπᾴδῃ
306 1668 477 1731 νόμοις,
512 1668 713 1733 σύνηθες
752 1666 804 1719 ὂν
840 1669 966 1738 αὐτῷ
1005 1669 1079 1719 καὶ
1116 1668 1165 1718 ἐν
1199 1670 1266 1735 τῷ
1304 1667 1464 1730 μηδενὶ
1504 1661 1699 1731 γεγονὸς

109 1751 424 1805 πιστεύοντες.

43 1885 183 1929 2οἘν
227 1886 273 1929 δὲ
322 1891 373 1946 τῷ
417 1887 575 1946 ἑσχάτῌ
627 1887 766 1945 ἡμέρᾳ
809 1891 883 1929 τῆς
932 1886 1085 1943 ἓορτιῖιο
1127 1888 1178 1944 τῷ
1228 1885 1393 1943 μετάλῌ
1443 1882 1629 1927 εἱστήκει
1677 1884 1768 1928 ἔ37

172 1971 354 2023 ἸΗσοῡε,
393 1971 462 2012 καὶ
499 1971 652 2029 ἔκραὲε
691 1970 828 2018 λὲι-ων
861 1969 967 2012 Ἐάν
1005 1985 1068 2011 τις
1107 1969 1225 2029 διψᾷ,
1263 1969 1456 2026 ἐρχέσθω
1497 1967 1606 2025 Πρὸς
1648 1967 1700 2016 μὲ

181 2053 250 2095 καὶ
287 2054 462 2096 Πινέτω.

189 2153 425 2218 Ζητητέον
451 2154 500 2205 εὖ
533 2152 669 2217 μάλα
703 2154 790 2203 κάν
815 2152 980 2222 τούτῳ,
1006 2153 1054 2203 τί
1085 2150 1141 2216 δὴ
1177 2150 1325 2203 πάλιν
1356 2151 1380 2200 ὁ
1416 2149 1702 2219 σοφώτατος
1722 2174 1744 2201 e

113 2235 222 2300 ἡμῖν
240 2234 603 2303 Εὑαγγελιστὴς
630 2236 940 2286 ὑπαινίττεται
967 2233 1085 2297 μετὰ
1111 2236 1300 2297 πολλῆς
1326 2255 1451 2286 τινος
1479 2232 1602 2297 ἄγαν
1620 2233 1704 2295 τῆς

47 2329 94 2368 25
114 2316 445 2383 ἐπιτηρήσεως,
493 2317 715 2386 μεγάλην
763 2315 1004 2380 ὀνομάσας
1055 2316 1141 2379 τὴν
1187 2316 1394 2379 ἐσχάτην
1441 2313 1515 2374 τῆς
1566 2312 1705 2383 ἑορτῆς

115 2398 288 2470 ἡμέραν,
313 2399 341 2465 ἢ
368 2400 417 2451 τί
444 2399 498 2451 τὸ
529 2398 904 2466 παρασκευάσαν
930 2397 1012 2450 τὸν
1043 2397 1220 2464 Κύριον
1245 2397 1377 2461 ἡμῶν
1402 2397 1595 2461 Ἰησοῦν
1621 2395 1705 2446 τὸν

164 2538 195 2561 2.
221 2526 328 2572 ὅπως]
350 2526 400 2560 ὅτι
419 2538 449 2560 a.
468 2527 511 2562 ὡς
529 2538 558 2560 c.
579 2525 687 2560 Cord.
753 2525 880 2560 ἄπνουν
899 2525 941 2559 Β.
1101 2535 1135 2569 3.
1162 2523 1214 2558 ὅτι
1232 2535 1250 2557 e
1270 2523 1348 2558 Cat.
1368 2522 1468 2557 Harl.
1487 2521 1582 2556 Aub.
1601 2521 1705 2556 etsie

117 2573 210 2609 Catt.
229 2574 278 2607 ἔτι
295 2574 336 2608 Β.
352 2573 470 2607 Holst.
531 2573 773 2616 ὑποδραμεῖται
791 2585 821 2607 a.
841 2573 1070 2616 διαδραμεῖται
1088 2571 1122 2605 b.
1142 2571 1385 2615 ἀποδραμεῖται
1404 2569 1534 2603 habent
1548 2580 1578 2602 c.
1594 2568 1705 2602 Cord.

115 2630 150 2666 5.
175 2619 298 2664 μέλλοι
317 2632 345 2655 c.
429 2617 631 2665 κατηγορίας
648 2619 761 2655 αὐτοῖς
778 2620 916 2653 inverso
937 2619 1058 2652 ordine
1075 2618 1109 2652 b.
1114 2630 1144 2652 c.
1165 2617 1272 2651 Cord.
1352 2616 1476 2650 Statim
1495 2615 1654 2649 ἀποτέκοι
1673 2626 1704 2649 a.

114 2666 261 2710 ἀποτεκῃ
279 2666 385 2701 habet
403 2678 433 2701 c.
450 2666 646 2701 ἀποτέκοιεν
665 2665 742 2700 Cat.
764 2666 863 2699 Harl.
882 2671 970 2700 teste
987 2665 1083 2699 Aub.
1279 2672 1311 2708 7.
1336 2662 1555 2708 ἐπιμιγεσθαι
1576 2662 1618 2695 Β.
1640 2662 1705 2695 Ht.

116 2713 362 2758 ἐπιμίσγεσθαι
379 2713 474 2748 Aub.
593 2713 626 2746 8.
652 2712 872 2756 τοτριμμένον
890 2713 932 2746 Β.
951 2713 989 2746 τὸ
1007 2725 1188 2756 τριμμενον
1209 2710 1410 2744 Ht.1
1422 2720 1450 2743 1.
1477 2706 1702 2754 ἀνέγκλητον]

121 2765 158 2801 -1-
180 2759 220 2803 ἧν
236 2772 254 2793 e
273 2760 350 2794 Cat.
372 2759 472 2794 Harl.
490 2759 585 2793 Aub.
603 2759 721 2793 invitis
742 2759 782 2793 B.
786 2772 815 2794 a.
820 2759 854 2794 b.
857 2771 886 2793 c.
907 2758 1014 2792 Cord.
1199 2769 1251 2799 14.
1277 2757 1388 2801 φησὶν
1407 2756 1449 2790 B.
1469 2754 1669 2789 emendavit
1688 2766 1705 2788 e

119 2806 197 2841 Cat.
215 2807 309 2841 Aub.
473 2816 526 2851 15.
552 2805 679 2850 ἐτύμως
699 2806 741 2841 Β.
759 2806 958 2841 emendavit
978 2804 1041 2838 Ht.
1196 2815 1252 2849 23.
1280 2800 1489 2847 Ζητητέον]’
1493 2807 1545 2855 ῌν
1561 2802 1622 2845 μὲν
1638 2801 1706 2856 γὰρ

118 2865 227 2898 αὐτῶν
243 2864 297 2897 καὶ
315 2865 389 2919 ἔτερ
409 2863 565 2909 ζητητέον
584 2864 625 2898 Β.
644 2864 739 2898 unde
756 2864 851 2898 Aub.
870 2862 965 2899 αυθις
982 2874 1046 2908 pro
1063 2863 1171 2896 αὐτῶν
1188 2861 1379 2896 emendans
1397 2867 1438 2895 ut
1455 2860 1624 2894 adnotat
1618 2871 1706 2904 lpse,

112 2921 182 2957 Ἠν
198 2923 259 2966 μὲν
274 2924 340 2968 γὰρ
358 2922 452 2958 αὖθις
468 2922 522 2956 καὶ
539 2921 654 2966 ἕτερον
672 2921 840 2966 ζητητεον.
936 2921 970 2956 τί
987 2921 1026 2963 δὴ
1045 2919 1137 2954 edidi
1158 2932 1199 2954 ex
1221 2931 1251 2954 a.
1271 2918 1310 2963 δὴ
1331 2919 1374 2954 Β.
1391 2919 1425 2953 τί
1442 2918 1568 2963 δήποτε
1586 2930 1707 2952 emen-

120 2969 215 3005 davit
232 2969 326 3004 Aub.
471 2968 527 3004 26.
552 2970 611 3004 τὸν
627 2970 687 3003 alt.
705 2974 927 3014 assumptum
946 2980 987 3002 ex
1008 2967 1071 3001 Β
1056 2978 1231 3012 s.uprascr
