2021 3296
284 142 338 181 12
683 140 734 180 Β.
767 138 1041 180 CYRILLI
1081 138 1461 180 ALEXANDR.

281 247 336 298 τὸ
378 247 663 315 σοφίζεσθαι
704 246 900 313 περιττὰ
938 246 1339 313 παραιτουμέναις,
1378 243 1415 314 ᾧ
1457 245 1513 309 δὴ
1552 243 1740 296 πάντως
1784 244 1861 292 καὶ

61 338 154 372 SA·
240 327 334 379 arb
365 328 710 392 ἐκπλήττεσθαι
745 328 1024 392 συμβαίνειν
1054 329 1312 390 ἀκολουθεῖ,
1338 329 1413 377 καὶ
1450 326 1505 377 τὸ
1543 327 1593 376 ἐκ
1631 330 1713 376 τοῦ
1752 323 1861 374 λίαν

279 410 503 460 ἐκκλίνειν
533 413 595 463 εἷς
630 408 784 478 δεξιὸν
817 412 900 473 τῆς
935 410 1109 462 εὐθείας
1143 410 1219 459 καὶ
1256 410 1512 471 βασιλικῆς
1549 406 1639 474 ἔξω
1677 405 1862 456 πίπτειν

57 489 155 573 ξων·
175 501 207 521 x.
280 492 405 543 ὁδοῦ.
452 497 479 520 “
497 491 752 557 Πορεύεται
776 489 870 556 γὰρ
895 489 1143 553 πεποιθὼς,
1170 488 1221 543 ὃς
1246 490 1412 542 ἁπλῶς
1436 487 1718 554 πορεύεται,”
1740 483 1861 536 κατὰ

279 571 365 636 τὴν
389 578 471 623 τοῦ
497 576 779 634 Σολομῶνος
805 571 984 639 φωνήν.
1881 582 1905 620 5

355 652 653 717 Θαυμαστὴν
676 651 725 703 δὲ
752 653 860 702 λίαν
885 650 1088 719 ἐχόντων
1112 656 1207 702 τῶν
1232 652 1379 717 ἁγίων
1405 651 1758 715 εὐαγγελιστῶν
1777 646 1864 710 τὴν

56 736 219 810 Ξζῃὲῐζξῖὴ·
281 736 329 785 ἐν
348 738 414 803 τῷ
438 733 638 802 γράφειν
657 734 910 800 ἀκρίβειαν·
938 734 991 783 οὐ
1017 732 1110 799 γὰρ
1140 733 1270 783 αὐτοὶ
1296 737 1520 794 λαλοῦσι,
1538 728 1656 781 κατά
1676 728 1761 793 τὴν
1780 732 1864 778 τοῦ

282 818 502 881 Σωτῆρος
537 813 713 883 φωνὴν,
739 814 870 864 ἀλλὰ
903 813 957 864 τὸ
991 819 1174 876 πνεῦμα
1207 819 1289 864 τοῦ
1318 812 1509 878 Πατρὸς
1538 810 1593 862 τὸ
1619 812 1669 861 ἐν
1694 811 1862 871 αὐτοῖς,

277 896 466 949 πάντως
504 895 711 961 εὐλόγως
749 895 953 946 ἐπέκεινα
991 895 1227 958 θαύματος
1261 893 1348 956 τὴν
1376 900 1459 944 τοῦ
1490 893 1710 944 Ἰωάννου
1742 913 1863 956 συγ-

278 977 470 1046 γραφὴν
495 979 820 1028 ἀνατεθεῖσθαι
847 977 947 1039 δοίη
973 998 1043 1029 τις
1069 974 1139 1037 ἂν,
1167 975 1228 1028 ε’ίς
1261 998 1311 1026 τε
1343 974 1396 1025 τὸ
1429 979 1524 1025 τῶν
1551 970 1863 1039 θεωρημάτων
1887 996 1934 1022 10

233 1066 260 1107 b
279 1058 569 1120 ἀποβλέπων
595 1057 863 1126 ὑπερφερὲς,
889 1059 964 1107 καὶ
997 1060 1079 1121 τῆς
1114 1057 1318 1109 διανοίας
1352 1056 1497 1106 αὐτοῦ
1531 1055 1617 1119 τὴν
1643 1054 1861 1122 ὀξύτητα,

277 1142 353 1190 καὶ
396 1139 482 1203 τὴν
520 1142 695 1206 συνεχῆ
741 1140 816 1189 καὶ
859 1137 1240 1201 ἀλλεπάλληλον
1281 1142 1376 1187 τῶν
1418 1135 1664 1200 νοημάτων
1707 1137 1864 1186 ἐπεισ-

277 1220 447 1289 φοράν.
510 1220 766 1287 σύνδρομοι
808 1218 894 1283 μὲν
937 1218 1030 1285 γὰρ
1075 1217 1308 1282 ἀλλήλοις
1354 1219 1444 1268 εἶσὶ
1487 1219 1593 1283 περὶ
1640 1215 1726 1280 τὴν
1769 1220 1865 1266 τῶν

278 1302 413 1352 θείων
468 1301 717 1366 δογμάτων
767 1300 1011 1370 ἐξήγησιν,
1067 1302 1142 1350 καὶ
1197 1298 1315 1365 πρὸς
1372 1299 1452 1349 ἕνα
1508 1297 1718 1364 καθάπερ
1769 1297 1864 1348 ἀπὸ

278 1382 462 1446 νύσσης
506 1382 701 1450 ἀφέντες
747 1385 1097 1448 ἱπποδρομοῦσι
1142 1380 1340 1431 σκοπόν
1400 1379 1627 1447 διάφορον
1671 1379 1730 1429 δέ
1763 1402 1863 1432 πως
1886 1395 1933 1433 15

277 1464 432 1516 αὐτοῖς
470 1463 767 1531 ἐξυφαίνεται
805 1468 888 1513 τοῦ
926 1462 1075 1527 λόγου
1117 1461 1171 1512 τὸ
1212 1464 1393 1528 σχῆμα,
1432 1461 1512 1510 καί
1551 1483 1630 1523 μοι
1671 1463 1865 1510 δοκοῦσι

276 1545 600 1610 προσεοικέναι
634 1547 775 1606 τισὶν,
808 1542 875 1597 οἷς
910 1548 972 1597 εἰς
1006 1544 1118 1607 μίαν
1149 1545 1483 1609 συνενεχθῆναι
1517 1540 1602 1604 μὲν
1631 1539 1775 1592 πόλιν
1809 1540 1864 1591 τὸ

278 1625 549 1691 σύνταγμα,
597 1625 650 1676 τὸ
704 1624 855 1691 γεμὴν
901 1623 976 1676 διὰ
1021 1629 1128 1688 μιᾶς
1174 1625 1249 1674 καὶ
1295 1626 1378 1687 τῆς
1429 1623 1569 1686 αὐτῆς
1618 1621 1866 1690 λεωφόρου

240 1706 480 1772 οβαδίζειν
526 1708 579 1758 οὐ
626 1706 814 1760 πάντως
864 1710 1141 1757 συνδοκοῦν.
1210 1705 1314 1756 ε”στι
1357 1704 1442 1767 μὲν
1485 1703 1580 1770 γὰρ
1625 1703 1731 1757 τοῦς
1780 1702 1866 1767 μὲν

279 1788 460 1841 ἄλλους
505 1790 618 1855 ὁρᾶν
660 1787 1006 1854 εὐαγγελιστάς
1049 1786 1168 1851 μετὰ
1211 1788 1401 1849 πολλῆς
1444 1808 1569 1839 τινος
1611 1787 1694 1848 τῆς
1737 1786 1866 1851 άκρι-
1888 1807 1936 1831 20

278 1870 408 1930 βείας
446 1868 529 1920 τὸν
565 1871 671 1935 περὶ
709 1872 793 1933 τῆς
831 1868 951 1920 κατὰ
989 1867 1147 1935 σάρκα
1185 1867 1491 1933 γενεαλογίας
1528 1871 1611 1917 τοῦ
1646 1869 1867 1932 Σωτῆρος

57 1967 217 2017 §.matth
279 1950 412 2013 ἡμῶν
444 1950 744 2014 ποιουμένους
782 1949 946 2015 λόγον,
972 1952 1046 2000 καὶ
1083 1947 1191 2003 τοῦς
1223 1949 1280 2017 ἐξ
1309 1947 1535 2014 Ἀβραὰμ
1569 1947 1653 2001 ἕως
1678 1945 1865 2015 Ἰωσὴφ

57 2022 90 2103 ¹83
106 2054 188 2085 Luc.
281 2031 537 2099 στοιχηδὸν
563 2031 929 2100 καταφέροντας,
956 2031 985 2096 ἢ
1012 2032 1071 2081 αὖ
1096 2030 1244 2082 πάλιν
1269 2029 1640 2096 άναβιβάζοντας
1672 2027 1779 2082 τοὺς
1813 2028 1871 2097 ἐξ

57 2107 103 2127 m'
281 2113 467 2182 Ἰωσὴφ
506 2115 581 2165 ἐπὶ
619 2112 701 2164 τὸν
730 2112 904 2176 Ἀδάμ·
962 2111 1044 2163 τὸν
1081 2112 1136 2162 δέ
1168 2135 1223 2177 γε
1259 2110 1490 2177 μακάριον
1522 2108 1758 2174 Ἰωάννην,
1784 2113 1868 2173 τῆς

280 2194 365 2258 μὲν
398 2196 473 2246 ἐπὶ
505 2194 686 2248 τούτοις
723 2195 777 2245 οὐ
811 2194 922 2245 λίαν
954 2193 1302 2262 πεφροντικότα
1337 2194 1564 2255 σπουδῆς,
1594 2190 1867 2260 θερμοτάτῳ
1888 2212 1937 2251 25

282 2276 338 2326 δέ
355 2299 444 2326 τινι
470 2278 546 2326 καὶ
572 2275 783 2345 διαπύρῳ
814 2275 1017 2329 διανοίας
1051 2275 1268 2339 κινήματι
1301 2272 1599 2341 κεχρημένον,
1626 2274 1688 2326 ὡς
1714 2273 1869 2323 αὐτῶν

281 2356 517 2409 ἅπτεσθαι
550 2362 645 2408 τῶν
671 2357 785 2424 ὑπὲρ
813 2362 923 2408 νοῦν
948 2355 1032 2407 τὸν
1064 2355 1360 2422 ἀνθρώπινον
1387 2356 1646 2422 ἐπιχειρεῖν,
1674 2355 1750 2404 καὶ
1783 2352 1870 2417 τὴν

238 2443 265 2484 d
282 2437 484 2505 ἄῤῥητόν
508 2461 558 2489 τε
592 2440 667 2488 καὶ
700 2437 953 2505 ἄφραστον
980 2442 1063 2487 τοῦ
1096 2439 1219 2487 Θεοῦ
1246 2435 1407 2500 Λόγου
1441 2434 1664 2499 γέννησιν
1688 2434 1870 2503 ἐξηγεῖ-

61 2523 160 2553 Prov.
283 2523 398 2569 σθαι
423 2524 620 2581 τολμᾶν.
662 2519 758 2583 ἤδει
783 2516 868 2581 μὲν
893 2517 986 2583 γὰρ
1013 2516 1083 2567 ὅτι
1103 2515 1284 2584 ((Δόξα
1305 2519 1430 2566 Θεοῦ
1456 2514 1649 2582 κρύπτει
1674 2515 1867 2580 λόγον,”

62 2576 141 2596 XXV.
162 2574 188 2596 2·

284 2601 358 2649 καὶ
384 2599 545 2663 πάσης
575 2601 679 2650 ἐστὶ
714 2597 867 2664 μεῖζον
891 2601 974 2662 τῆς
999 2600 1048 2649 ἐν
1073 2598 1181 2661 ἡμῖν
1207 2597 1384 2650 ἐννοίας
1419 2619 1469 2647 τε
1506 2598 1582 2647 καὶ
1617 2599 1777 2663 φωνῆς
1814 2595 1868 2648 τὸ
1889 2615 1941 2652 3ο

334 2746 366 2769 2.
390 2737 429 2769 τὸ
447 2737 504 2770 alt.
522 2742 742 2782 assumptum
761 2748 803 2771 ex
821 2736 962 2771 B.D.E.
1089 2747 1122 2781 3.
1148 2736 1310 2771 ἐκκλίνειν
1327 2741 1549 2780 assumptum
1567 2747 1609 2769 ex
1628 2735 1722 2770 D.E.
1786 2735 1869 2770 ὁδοῦ

286 2781 350 2825 ἔξω
367 2782 500 2816 πίπτειν
516 2783 655 2817 inverso
672 2783 794 2817 ordine
812 2783 855 2818 B.
983 2791 1016 2827 5.
1042 2785 1239 2827 Σολομῶνος
1258 2783 1300 2816 Β.
1320 2784 1537 2825 Σολομῶντος
1555 2781 1623 2816 Ed.
1750 2793 1783 2826 9.
1807 2784 1868 2816 τοῦ

286 2833 508 2871 assumptum
526 2840 567 2861 ex
583 2829 624 2863 B.
724 2838 777 2871 15.
802 2829 946 2874 ἀφέντες
961 2840 1032 2863 om.
1047 2829 1089 2863 B.
1189 2837 1243 2874 17.
1269 2828 1508 2872 συνενεχθῆναι
1525 2828 1586 2870 μέν
1603 2827 1669 2862 hoc
1686 2827 1807 2862 ordine
1822 2827 1866 2861 B.

287 2873 342 2906 28.
367 2872 604 2916 ἇνέκφραστον
623 2874 665 2910 Β.
685 2875 746 2909 Sed
763 2874 944 2920 ἄφραστον
963 2875 992 2908 Β
1009 2886 1083 2919 mg.
1418 2884 1473 2919 29.
1499 2876 1587 2908 Θεοῦ
1606 2873 1648 2908 Β.
1665 2873 1779 2918 κυρίου
1796 2872 1865 2908 Ed.

286 2918 329 2952 cf.
348 2918 438 2952 insta
455 2919 524 2963 670
535 2931 565 2953 c.
