2084 3317
360 169 443 208 626
761 169 811 208 B.
845 167 1119 208 CYRILLI
1161 167 1543 208 ALEXANDR.
1791 167 1862 208 vii.
1881 179 1946 219 24.

359 277 624 341 ἐπαγωγῆς.
665 276 975 342 βαστάγματι
998 274 1081 340 μὲν
1101 275 1194 342 γὰρ
1221 276 1304 327 οὐκ
1330 277 1382 344 ἐᾷ
1407 276 1785 342 καταβρίθεσθαί
1806 298 1949 338 τινας,

362 358 424 411 ὡς
450 358 637 412 οὐδενὸς
666 359 731 409 ἔτι
759 360 857 408 κατ’
887 360 1029 408 ἐκεῖνο
1057 363 1218 423 καιροῦ
1243 357 1297 408 τὸ
1335 356 1572 425 δυσαχθὲς
1605 361 1689 421 τῆς
1722 358 1953 424 ἁμαρτίας

363 441 735 508 ἀναληψομένου
771 440 984 508 φορτίον·
1028 439 1275 505 ἁγιότητος
1313 438 1408 505 γὰρ
1449 441 1474 490 ὁ
1513 440 1685 506 καιρὸς,
1709 439 1954 507 οἰχομένης

362 519 447 583 μὲν
474 525 535 574 εἰς
561 521 801 588 ἀναίρεσιν
827 524 1038 585 παντελῆ
1066 524 1148 584 τῆς
1174 521 1370 588 ἀρχαίας
1397 521 1640 587 ἁμαρτίας,
1668 520 1953 587 ἀνακαινιζο-

362 603 501 666 με’νης
529 602 579 653 δὲ
605 606 687 663 τῆς
714 601 917 654 ἑκάστου
941 606 1104 671 ψυχῆς
1133 606 1194 656 εἰς
1222 604 1320 671 ἕξιν
1341 605 1544 655 ἀκλινῶς
1569 602 1654 667 τὴν
1682 602 1952 671 φιλάρετον.
1974 623 1997 661 5

139 700 226 734 428
242 699 292 734 A.
322 684 494 735 ἃάλλὰ
534 687 609 735 καὶ
648 684 702 736 τὸ
742 685 833 753 ἔξω
870 689 1040 752 φοιτᾶν
1075 689 1169 735 τῶν
1204 688 1287 748 τῆς
1312 683 1631 751 Ἰερουσαλὴμ
1670 686 1753 735 οὐκ
1790 685 1956 752 ἐφίησι

361 771 542 819 πυλῶν.
595 769 672 817 καὶ
709 766 804 834 γὰρ
843 765 899 831 δὴ
940 765 1060 818 κατὰ
1097 766 1179 817 τὸν
1206 768 1362 830 ἀληθῆ
1400 790 1449 817 τε
1485 768 1560 817 καὶ
1601 767 1753 833 ὀρθῶς
1787 766 1957 833 ἔχοντα

362 849 512 915 λόγον
556 849 736 913 οἰκήσει
784 850 968 914 παγίως
1011 850 1036 899 ὁ
1082 847 1305 915 λαμπρὸς
1350 853 1445 900 τῶν
1491 849 1640 914 ἁγίων
1687 847 1829 916 χορὸς
1869 846 1957 912 τὴν

361 929 638 995 ἐπουράνιον
662 928 996 996 Ἰερουσαλὴμ,
1023 933 1100 982 καὶ
1124 929 1211 994 τὴν
1238 932 1378 997 ἁγίαν
1404 932 1487 982 οὐκ
1512 930 1766 995 ἐκβήσεται
1790 928 1953 992 πόλιν,

360 1014 496 1065 ἔσται
524 1011 571 1063 δὲ
597 1017 790 1076 μᾶλλον
818 1010 895 1062 διὰ
928 1012 1107 1066 παντὸς
1143 1014 1191 1063 ἐν
1218 1014 1334 1080 αὐτῇ
1371 1014 1446 1063 καὶ
1481 1013 1600 1079 πρὸς
1634 1012 1688 1063 τὸ
1723 1011 1956 1063 δύνασθαι
1980 1039 2030 1065 ιο

360 1095 657 1161 δραπετεύειν
693 1095 909 1157 οὐδαμῶς
948 1098 1044 1145 τῶν
1083 1094 1218 1163 ἅπαξ
1256 1094 1488 1146 δοθέντων
1527 1095 1721 1159 ἀγαθῶν
1759 1098 1818 1161 τῇ
1857 1094 1957 1163 θείᾳ

138 1170 235 1200 Rom.
253 1170 296 1202 Χῖ·
361 1176 551 1240 δυνάμει
578 1176 986 1240 διακρατούμενος.
1031 1183 1058 1206 “
1078 1174 1449 1240 Ἀμεταμέλητα
1475 1174 1570 1241 γὰρ
1598 1175 1657 1227 Τὰ
1680 1176 1957 1243 Χαρῖσματα

139 1224 188 1255 29.
361 1267 388 1289 ‘6
475 1261 489 1278 Χ
547 1260 556 1272 ²
671 1261 690 1270 Α
873 1264 893 1273 Α
1025 1263 1043 1271 Α
1066 1259 1089 1274 θ’
1222 1257 1234 1275 Χ
1308 1258 1320 1272 Χ
1400 1257 1421 1274 ΡΙ
1646 1264 1665 1272 οι
1840 1259 1851 1273 2
1951 1256 1965 1273 Ι

415 1282 491 1310 και
531 1283 559 1322 η
599 1266 772 1322 κλησις
811 1281 894 1309 του
919 1262 1061 1319 Θεου,
1120 1281 1239 1308 κατα
1274 1281 1357 1309 τον
1391 1280 1527 1323 αγιον
1557 1262 1774 1309 Παυλον.
1829 1280 1877 1308 εν
1910 1259 1958 1307 δε

314 1358 415 1407 bys
442 1345 508 1410 τῷ
534 1339 682 1392 πάλιν
709 1344 851 1391 εἰπεῖν
879 1341 986 1390 Οὐκ
1022 1339 1337 1408 ἐξελεύσεσθε
1373 1340 1573 1394 ἕκαστος
1607 1341 1657 1390 ἐκ
1691 1345 1774 1390 τοῦ
1809 1338 1957 1391 τόπου
2082 1398 2084 1415 1

136 1423 251 1499 {3¹²2-
361 1425 505 1487 ὑμῶν,
532 1424 676 1473 ἐκεῖνο
703 1422 758 1485 δὴ
784 1421 918 1484 μάλα
944 1425 1118 1490 σαφῶς
1148 1421 1294 1473 ε”οικεν
1321 1423 1604 1482 ὑποδηλοῦν.
1656 1423 1839 1473 πολλαὶ
1871 1420 1957 1486 μὲν
1980 1442 2027 1480 15
2081 1430 2084 1512 A

359 1505 454 1572 γὰρ
490 1504 637 1559 ὅντως
669 1508 715 1555 αἱ
748 1506 886 1567 μοναὶ
922 1503 1052 1570 παρὰ
1079 1508 1145 1573 τῷ
1173 1507 1281 1573 Θεῷ
1307 1506 1382 1555 καὶ
1411 1507 1582 1571 Πατρὶ,
1609 1503 1728 1554 κατὰ
1762 1502 1848 1568 τὴν
1873 1508 1957 1554 τοῦ
2080 1527 2084 1627 ³

363 1591 584 1654 Σωτῆρος
610 1585 793 1657 φωνήν·
843 1590 918 1637 καὶ
951 1587 1119 1637 τούτου
1155 1585 1211 1650 δὴ
1247 1585 1396 1638 πάλιν
1423 1591 1655 1653 λαμπρῶς
1688 1584 1958 1652 ἀνεπλήρου

136 1680 251 1755 ξέξέίί
270 1734 285 1756 2
361 1671 445 1723 τὸν
478 1670 628 1722 τύπον
662 1670 690 1734 ἡ
726 1669 838 1735 ἁγία
874 1668 1042 1733 σκηνὴ,
1071 1669 1181 1719 δέκα
1217 1668 1539 1730 λαμβάνουσα
1574 1667 1658 1722 τὰς
1694 1667 1855 1730 αὐλὰς,
1883 1669 1959 1718 καὶ
2078 1630 2084 1774 ἓ

254 1750 260 1756 “
290 1748 296 1755 ’
363 1752 617 1818 δοθήσεται
655 1751 740 1815 μὲν
779 1750 967 1820 ἑκάστῳ
1007 1749 1127 1801 κατὰ
1165 1749 1252 1814 τὴν
1287 1750 1427 1819 ἀξίαν
1461 1753 1537 1801 καὶ
1577 1748 1825 1816 ἀναλόγως
1862 1753 1958 1802 τοῖς

362 1834 746 1902 κατωρθωμένοις
791 1834 820 1897 ἡ
865 1832 1002 1897 μονή·
1077 1836 1120 1883 οἱ
1172 1831 1220 1883 δὲ
1268 1831 1392 1886 ὅλως
1437 1833 1486 1883 ἐν
1530 1831 1820 1899 κατασχέσει
1864 1835 1959 1882 τῶν
1979 1858 2029 1884 20

362 1920 512 1969 ἐκεῖσε
569 1914 896 1980 σκηνωμάτων
949 1914 1263 1981 γεγενημένοι,
1316 1914 1392 1966 διὰ
1452 1913 1630 1969 παντὸς
1693 1913 1777 1977 μὲν
1828 1914 1959 1964 αὐτοὶ
2076 1974 2080 1995 ¹

323 1997 748 2063 οένδιαιτήσονται,
788 1999 1062 2058 βαδιοῦνται
1101 1995 1150 2046 δὲ
1190 1996 1405 2058 οὐδαμῶς
1441 1998 1502 2049 εἷς
1542 1995 1826 2047 ἀπόπτωσιν
1863 2000 1960 2046 τῶν

362 2082 411 2132 ἐκ
447 2081 571 2134 θείας
607 2080 762 2132 αὐτοῖς
796 2077 1186 2142 ἀπονεμηθέντων
1221 2079 1411 2143 δωρεᾶς.
1475 2079 1551 2128 καὶ
1584 2075 1767 2142 ἀληθὴς
1797 2077 1907 2141 ἡμῖν
1932 2078 1958 2129 ὁ

362 2162 542 2230 μάρτυς
581 2159 875 2225 εἶσβήσεται·
920 2160 1049 2225 λέγει
1087 2158 1182 2226 γὰρ
1222 2160 1368 2213 οὕτως
1407 2160 1432 2210 ὃ
1472 2158 1723 2228 προφήτης
1747 2158 1958 2213 Ἡσαΐας

139 2243 252 2317 ἔξω·
363 2249 467 2311 περὶ
507 2249 602 2295 τῶν
637 2242 861 2294 τοιούτων
897 2241 1152 2310 διειληφώς
1189 2244 1300 2292 “Oi
1341 2242 1591 2309 ὀφθαλμοί
1625 2263 1717 2292 σου
1755 2240 1958 2310 ὄψονται
1979 2263 2027 2303 25

144 2339 193 2361 ²0·
364 2335 391 2357 ‘⁶
418 2324 754 2393 Ἰερουσαλὴμ,
783 2323 926 2378 πόλις
961 2323 1194 2386 πλουσία,
1225 2324 1397 2387 σκηναὶ
1424 2322 1471 2373 αἳ
1497 2324 1550 2374 οὐ
1575 2321 1641 2387 μὴ
1668 2327 1954 2386 σεισθῶσιν,

1601 2403 1626 2420 ’2

365 2416 392 2439 ‘⁶
419 2410 518 2460 οὐδ’
548 2409 601 2458 οὐ
637 2406 702 2471 μὴ
738 2410 996 2470 κινηθῶσιν
1024 2408 1084 2458 εἰς
1118 2403 1201 2456 τὸν
1227 2408 1374 2455 αἰῶνα
1407 2403 1595 2472 χρόνον.
1679 2406 1727 2455 ἐν
1763 2404 1857 2471 γὰρ
1892 2411 1959 2474 τῷ

363 2490 427 2555 μὴ
466 2491 686 2541 σείεσθαι
724 2488 882 2554 λέγειν
920 2487 1003 2540 τὰς
1042 2488 1090 2537 ἐν
1128 2491 1186 2554 τῇ
1229 2488 1444 2556 πλουσίᾳ
1482 2486 1620 2538 πόλει
1661 2486 1861 2551 σκηνὰς,
1903 2486 1959 2538 τὸ

364 2571 649 2634 ἀμετάθετον
687 2573 770 2635 τῆς
812 2571 860 2620 ἐν
901 2571 1018 2636 αὐτῇ
1060 2571 1282 2632 διαμονῆς
1321 2570 1396 2619 καὶ
1440 2567 1768 2633 ἐνδιαιτήσεως
1808 2591 1953 2619 κατα-

368 2656 523 2717 δηλοῖ.
581 2651 714 2703 ἀλλὰ
753 2653 828 2703 καὶ
867 2650 986 2717 πρὸς
1030 2650 1210 2704 τούτοις
1255 2650 1333 2712 ἔτι,
1372 2655 1468 2701 πᾶν
1507 2650 1661 2717 ἔργον,
1701 2652 1866 2719 φησὶν,
1905 2652 1958 2701 οὐ
1979 2673 2028 2708 30

1524 2766 1539 2780 κ
1587 2766 1602 2781 ν

418 2804 446 2826 l.
473 2792 702 2836 Βαστάγματα
722 2790 763 2824 Β.
986 2802 1019 2835 5.
1045 2789 1189 2824 ἀκλινῶς
1206 2789 1265 2833 τὴν
1283 2788 1488 2835 φιλάρετον]
1509 2790 1643 2833 ἀληθῶς
1660 2790 1720 2833 τὴν
1738 2790 1894 2834 ἐνάρετον
1914 2789 1955 2823 Β.

366 2852 400 2884 9.
420 2840 617 2881 ἐπουράνιον
638 2838 678 2871 Β.
696 2838 851 2882 οὐράνιον
870 2836 938 2871 Ed.
1039 2847 1091 2870 10.
1110 2837 1163 2869 καὶ
1181 2843 1406 2881 assumptum
1424 2849 1465 2871 ex
1487 2836 1528 2870 B.
1631 2848 1683 2879 14.
1703 2837 1807 2871 εἰπεῖν
1823 2848 1894 2870 om.
1915 2835 1956 2869 B.

371 2895 424 2929 15.
451 2886 511 2929 μὲν
529 2896 598 2918 om.
620 2885 661 2918 B.
942 2883 994 2917 18.
1022 2884 1080 2918 τὰς
1098 2894 1168 2917 om.
1186 2882 1226 2916 B.
1501 2895 1557 2918 21.
1583 2884 1678 2918 αὐτοὶ
1698 2883 1740 2917 Β.
1758 2884 1870 2918 αὐτοῖς
1888 2883 1955 2917 Ed.

369 2942 425 2976 27.
451 2931 519 2965 οὐδ’
539 2932 577 2965 οὐ
599 2931 638 2965 Β.
660 2931 792 2973 (Alex.)
812 2931 889 2964 οὐδὲ
910 2930 976 2964 Ed.
995 2930 1039 2965 ef.
1058 2941 1129 2963 var.
1150 2931 1173 2963 1.
1192 2930 1227 2963 in
1246 2930 1292 2963 xii
1313 2929 1443 2974 Proph.
1464 2929 1530 2976 667
1546 2930 1579 2965 b.
1651 2928 1850 2974 κινηθῶσιν]
1870 2934 1906 2970 -Ι-
1925 2930 1957 2963 οἱ

368 2979 546 3013 πάσσαλοι
564 2979 622 3022 τῆς
639 2979 762 3021 σκηνῆς
779 2978 879 3020 αὐτῆς
899 2976 965 3011 Ed.
983 2977 1102 3011 invitis
1123 2976 1215 3011 B.D.
1237 2976 1390 3022 Georgio
1407 2976 1513 3021 Trap.
