2084 3317
145 199 271 241 v-23.
360 186 434 226 IN
476 186 518 227 S.
552 184 886 226 JOANNEM.
950 185 1074 225 LIB.
1110 185 1170 225 II.
1233 186 1367 227 CAP.
1392 187 1521 228 VIII.
1653 189 1737 227 3:39

143 294 255 345 ἀλλ’
296 294 398 345 ἔστι
442 293 612 360 Πατὴρ
654 294 752 345 κατ’
795 293 1020 358 ἀλήθειαν
1057 295 1082 345 ὁ
1121 293 1258 347 Θεός·
1320 293 1434 348 Υἱὸς
1483 295 1574 360 ἄρα
1619 295 1738 345 κατὰ

144 375 295 443 φύσιν
323 377 348 426 ὁ
379 376 671 442 Μονογενὴς,
697 375 810 427 εἵσω
837 399 886 426 τε
920 374 1108 428 πάντως
1143 376 1244 426 ἐστὶ
1282 380 1376 426 τῶν
1403 380 1484 439 τῆς
1520 375 1737 439 θεότητος

143 457 281 523 ὅρων·
337 457 458 511 Θεὸς
497 458 590 524 γὰρ
629 460 678 509 ἐκ
719 461 844 509 Θεοῦ
883 456 1176 525 τεχθήσεται,
1217 456 1429 524 καθάπερ
1469 458 1550 508 οὖν
1589 458 1614 508 ὁ
1656 458 1737 507 ἄν-

142 543 330 605 θρωπος
368 539 426 608 ἐξ
461 540 712 606 ἀνθρώπου
751 538 908 607 τυχὸν,
944 541 1017 590 καὶ
1053 540 1107 590 οὐ
1144 539 1457 607 διαψεύσεται
1492 545 1575 590 τοῦ
1611 542 1776 589 Θεοῦυ

98 622 218 676 5καὶ
259 620 450 688 Πατρὸς
488 622 516 686 ἡ
555 622 614 673 τὰ
651 621 808 673 πάντα
848 621 1151 688 ὑπερκειμένη
1192 621 1354 690 φύσις,
1393 620 1476 672 τὸν
1515 623 1632 688 αὐτῇ
1672 621 1736 685 μὴ

141 702 384 770 πρέποντα
419 710 624 755 τεκοῦσα
656 702 851 769 καρπόν.

216 785 410 849 Ἐπειδὴ
449 785 499 837 δὲ
537 790 789 846 δυσσεβῶς
828 809 876 836 τε
913 787 988 836 καὶ
1023 785 1232 850 ἀνοήτως
1268 787 1421 854 φασὶν
1452 786 1505 836 οὐ
1539 784 1625 850 τὴν
1654 790 1738 836 τοῦ

143 871 268 919 Θεοῦ
309 890 359 918 τε
403 871 477 919 καὶ
519 868 712 934 Πατρὸς
752 867 1082 936 ἐξυβρίζεσθαι
1121 867 1271 936 φύσιν
1310 870 1358 918 ἐν
1396 871 1510 937 Υὶῲ,
1549 867 1615 931 μὴ
1655 871 1737 930 τῆς

141 950 481 1015 προσηκούσης
519 949 809 1001 ἀπολαύοντι
849 949 990 1019 δόξης
1029 950 1149 1017 πρός
1187 974 1339 1012 τινων,
1376 952 1436 1003 ὡς
1475 950 1647 1003 εἰκόνος
1687 948 1736 1000 δὲ

75 1054 123 1078 10
141 1035 332 1093 μᾶλλον
367 1032 484 1086 ἰδίας
519 1031 841 1096 ἠτιμασμένης
875 1034 924 1082 ἐν
957 1033 1082 1101 αὐτῷ
1116 1034 1433 1100 χαλεπαίνειν,
1462 1032 1647 1085 εἰκότως
1683 1055 1737 1097 γε

142 1113 199 1178 δὴ
225 1120 449 1165 ποιοῦντα
476 1117 551 1165 καὶ
578 1119 749 1168 καλῶς·
795 1116 1050 1181 ἐρωτητέον
1077 1114 1256 1177 αὐτοὺς,
1286 1113 1404 1165 κατὰ
1431 1115 1534 1165 τίνα
1560 1114 1738 1181 τρόπον

142 1195 295 1247 εἰκόνα
322 1196 581 1256 βούλονται
608 1203 691 1248 τοῦ
716 1197 907 1263 Πατρός
935 1195 1054 1248 εἷναί
1074 1220 1122 1247 τε
1151 1199 1226 1247 καὶ
1253 1197 1481 1262 λέγεσθαι
1508 1195 1590 1247 τὸν
1605 1197 1736 1248 Υὶόν.

140 1283 331 1341 μᾶλλον
357 1278 406 1330 δὲ
432 1281 563 1330 αὐτοὶ
590 1278 673 1330 τὸν
698 1280 806 1345 παρ’
837 1279 1022 1330 ἐκείνων
1050 1277 1324 1347 φθάσαντες
1361 1278 1511 1345 λόγον
1536 1281 1732 1345 προδια-

141 1359 426 1424 στὲλλωμεν
464 1364 547 1425 τῆς
586 1361 759 1415 εἰκόνος
806 1360 866 1412 τὰ
911 1361 1022 1425 ε’ίδη,
1061 1360 1182 1412 κατά
1223 1383 1276 1426 γε
1318 1360 1400 1412 τὸν
1439 1363 1779 1428 ἐγχωροῦνταιι
1810 1375 1895 1408 230
1910 1372 1963 1408 A·

70 1455 122 1494 Ἰ5
143 1442 304 1509 λόγον·
346 1444 467 1495 οὕτω
496 1443 589 1510 γὰρ
616 1442 675 1494 ἂν
701 1443 884 1510 γένοιτο
910 1443 1075 1511 σαφής
1101 1466 1151 1494 τε
1179 1445 1254 1494 καὶ
1281 1443 1391 1494 λίαν
1412 1444 1740 1510 εὐκρινεστέρα

140 1529 236 1576 τῶν
261 1525 553 1592 ζητουμένων
583 1526 611 1590 ἡ
648 1528 843 1593 εὕρεσις.
906 1526 1073 1577 οὐκοῦν
1104 1526 1189 1589 μία
1223 1525 1307 1588 μὲν
1340 1525 1427 1589 ἤδη
1463 1526 1539 1575 καὶ
1573 1527 1739 1592 πρώτη

141 1610 224 1671 τῆς
250 1608 369 1658 κατὰ
397 1608 547 1676 φύσιν
572 1606 857 1673 ταυτότητος
884 1610 931 1659 ἐν
951 1606 1340 1675 ἀπαραλλάκτως
1368 1612 1463 1661 τοῖς
1490 1608 1740 1671 ἰδιώμασιν

142 1690 170 1753 ἡ
214 1689 363 1753 εἰκὼν,
409 1693 471 1744 ὡς
516 1691 573 1760 ἐξ
613 1689 771 1754 Ἀδὰμ
819 1692 844 1741 ὁ
883 1688 1060 1753 Quid,
1103 1688 1133 1755 ἢ
1177 1688 1346 1741 Ἰσαὰκ
1391 1690 1449 1759 ἐξ
1492 1690 1733 1756 (Αβραάμ.

142 1771 332 1839 δευτέρα
366 1771 414 1824 δὲ
447 1771 648 1837 πάλινή
688 1771 808 1823 κατὰ
841 1771 989 1837 μόνην
1022 1772 1107 1837 τὴν
1139 1777 1222 1823 τοῦ
1256 1775 1553 1840 χαρακτῆρος
1587 1772 1735 1839 ἐμφέ-

74 1877 123 1901 20
140 1876 282 1920 ρειαν,
318 1856 393 1905 καὶ
430 1854 485 1906 τὸ
521 1852 710 1920 ἀκριβὲς
746 1860 828 1905 τοῦ
865 1854 1012 1907 εἴδους
1047 1854 1314 1917 ἐκτύπωμα,
1346 1855 1558 1920 καθάπερ
1595 1855 1621 1918 ἡ
1656 1860 1739 1906 τοῦ

140 1935 382 1997 βασιλέως
409 1938 456 1987 ἐν
483 1935 617 2005 ξύλῳ
643 1935 822 2004 γραφὴ,
844 1934 872 2001 ἢ
901 1938 975 1987 καὶ
1003 1937 1113 1987 καθ’
1142 1935 1300 2003 ἕτερόν
1324 1959 1429 1986 τινα
1452 1935 1739 2000 πεποιημένη

140 2016 330 2083 τρόπον,
365 2020 427 2072 ὡς
461 2018 580 2084 πρὸς
617 2017 759 2069 αὑτὸν
790 2018 966 2085 ἄριστά
1000 2041 1049 2069 τε
1085 2021 1158 2069 καὶ
1195 2017 1550 2085 ἐντεχνέστατα.
1607 2018 1740 2069 εἰκὼν
1756 2027 1782 2067 b

141 2099 190 2150 δὲ
215 2099 347 2166 ἑτέρα
373 2099 668 2164 λαμβάνεται
695 2099 843 2151 πάλιν
869 2100 989 2166 πρὸς
1025 2101 1115 2166 ἤθη
1151 2104 1226 2152 καὶ
1264 2100 1466 2168 τρόπους
1494 2102 1568 2151 καὶ
1596 2108 1736 2151 πολι-

140 2183 267 2233 τείαν
291 2186 365 2233 καὶ
392 2180 581 2247 θέλημα
607 2181 661 2234 τὸ
688 2183 766 2233 ἐπί
787 2206 915 2234 τισιν
941 2184 1136 2248 ἀγαθοῖς
1163 2181 1192 2248 ὴ
1220 2183 1436 2252 φαύλοις,
1460 2186 1522 2237 ὡς
1548 2182 1738 2233 ἐοικέναι

68 2276 122 2314 25
142 2264 369 2330 λέγεσθαι
408 2264 552 2332 τυχὸν
587 2263 790 2329 τὸνμὲν
823 2266 1209 2332 ἀγαθοεργοῦντα
1242 2269 1308 2334 τῷ
1347 2266 1545 2335 Παύλῳ,
1577 2263 1659 2315 τὸν
1691 2264 1738 2314 δὲ

141 2345 207 2412 μὴ
233 2352 445 2398 τοιοῦτον
471 2349 537 2416 τῷ
567 2346 705 2398 Κάϊν.
752 2345 806 2397 τὸ
837 2346 930 2414 γὰρ
958 2349 1006 2398 ἐν
1030 2353 1127 2402 τοῖς
1154 2348 1275 2401 ’ίσοις
1303 2349 1507 2414 ὁρᾶσθαι
1535 2347 1739 2414 φαύλοις

142 2451 191 2480 τε
237 2431 314 2480 καὶ
361 2429 574 2494 ἀγαθοῖς,
616 2427 702 2493 τὴν
741 2429 970 2493 ὁμοίωσιν
1015 2429 1203 2500 ἑκάστῳ
1244 2429 1625 2496 πραγματεύεται
1664 2431 1738 2479 καὶ

141 2512 437 2578 περιτίθησιν
464 2509 664 2564 εἰκότως.
720 2509 839 2565 εἶδος
874 2511 929 2562 δέ
957 2535 1058 2566 πως
1096 2511 1270 2566 εἰκόνος
1308 2514 1440 2563 ἐστὶν
1466 2512 1636 2575 ἕτερον,
1664 2512 1740 2561 καὶ

140 2593 195 2646 τὸ
222 2595 271 2645 ἐν
295 2593 527 2662 ἀξιώματι
555 2595 629 2644 καὶ
656 2597 767 2662 τιμῇ
794 2595 870 2645 καὶ
907 2593 1025 2663 δόξῃ
1062 2596 1138 2646 καὶ
1174 2596 1397 2662 ὑπεροχῇ,
1427 2593 1590 2659 ὥσπερ
1618 2591 1675 2643 ἂν
1701 2593 1744 2644 εἴ

0 2655 3 2826 ι
75 2697 124 2733 30
143 2699 210 2730 τις
245 2674 389 2743 τυχὸν
415 2675 503 2740 τήν
533 2699 656 2730 τινος
692 2675 844 2744 ἀρχὴν
870 2677 1144 2745 διαδέχοιτο,
1173 2678 1246 2727 καὶ
1280 2676 1435 2728 πάντα
1472 2675 1599 2745 δρῴη
1637 2676 1735 2740 μετ’
1755 2702 1776 2727 0

0 2830 6 2935 ἱ
192 2872 223 2895 2.
249 2860 380 2896 πάντως
399 2859 445 2894 D.
463 2861 597 2894 πάντων
617 2861 658 2895 Β.
676 2875 747 2897 πως
767 2861 832 2895 Ed.
1025 2872 1058 2906 3.
1086 2863 1104 2894 ὀ
1122 2868 1346 2905 assumptum
1366 2873 1405 2895 ex
1428 2861 1468 2894 B.
1660 2871 1692 2905 5.
1720 2861 1737 2904 ἡ

142 2920 214 2942 Oln.
236 2907 275 2941 B.
440 2907 472 2941 8.
499 2921 534 2941 τε
553 2915 774 2951 assumptum
794 2920 834 2942 ex
856 2908 897 2941 B.
1072 2919 1122 2942 10.
1150 2907 1396 2951 ἡτοιμασμένης
1415 2908 1494 2950 (Sic)
1516 2908 1560 2942 D.
1634 2909 1738 2952 χαλε-

143 2955 253 3035 παίνεδι
274 2954 314 3010 [ὅ.
338 3000 364 3034 B
445 2965 497 2998 13.
525 2953 656 2989 ἐκείνων
677 2955 717 2989 B.
737 2955 863 2989 ἐκείνου
883 2954 948 2989 Ed.
1072 2964 1124 2999 15.
1153 2954 1275 3000 λόγον]
1296 2956 1422 2999 τρόπον
1441 2955 1482 2989 Β.
1548 2955 1587 2989 ἂν
1605 2966 1674 2989 om.
1698 2954 1738 2989 B.

145 3013 200 3046 30.
249 3016 316 3046 ρων
370 3027 377 3035 .

881 3068 1002 3097 XXZ
