2084 3317
113 191 140 233 i.
164 205 227 235 10.
358 191 433 233 IN
474 191 518 233 S.
549 188 887 232 JOANNEM.
949 188 1073 229 LIB.
1107 189 1143 231 Ι.
1204 189 1339 230 CAP.
1375 190 1454 230 IX.
1624 192 1705 231 129

113 299 321 352 ἐπέκεινα
345 299 536 367 δρόμον,
552 298 794 366 κατέχωσε
819 297 1067 367 ῥᾳθυμίαις
1092 296 1176 347 τὸν
1202 295 1470 364 φωτισμὸν,
1491 297 1704 361 ἠμέλησε

111 387 195 432 τοῦ
242 381 552 449 χαρίσματος,
598 380 714 447 ὅπερ
761 379 839 430 ἵνα
889 377 953 443 μὴ
1004 377 1163 441 πάθοι,
1209 378 1376 448 νήφειν
1427 379 1452 429 ὁ
1506 381 1703 433 Παῦλος

111 462 287 514 κελεύει
324 467 390 532 τῷ
427 462 576 532 οἰκείῳ
614 465 819 530 μαθητῇ·
874 459 1008 511 οὐδὲν
1040 461 1122 511 οὖν
1152 460 1245 526 ἄρα
1282 459 1402 527 πρὸς
1439 458 1494 512 τὸ
1534 465 1637 528 φῶς
1675 462 1703 525 ἡ

110 548 204 595 τῶν
230 543 568 613 φωτισθέντων
593 542 857 613 φαυλότης·
901 542 1046 610 ὅνπερ
1073 541 1166 609 γὰρ
1198 541 1378 610 τρόπον
1403 543 1589 610 ἀνίσχει
1618 543 1704 606 μὲν
1722 556 1749 596 b

68 637 90 676 5
111 625 262 678 ἅπασι
285 631 370 677 τοῦ
395 626 531 691 ἡλίου
556 624 611 678 τὸ
639 630 754 696 φῶς,
782 627 1034 694 ὠφελεῖται
1068 623 1117 676 δὲ
1151 623 1287 677 οὐδὲν
1312 625 1338 675 ὃ
1363 623 1562 694 τυφλὸς,
1589 626 1702 676 ἀλλ’

110 708 163 758 οὐ
188 706 264 759 διὰ
289 713 428 760 τοῦτο
453 711 537 772 τῆς
563 708 760 772 ἡλιακῆς
785 705 845 758 ἂν
865 705 1074 773 εὐλόγως
1100 704 1516 773 κατηγορήσαιμεν
1542 708 1706 773 αὐγῆς,

110 789 432 854 αἱτιασῶμεθα
470 789 518 841 δὲ
555 794 748 854 μᾶλλον
787 788 842 839 τὸ
880 791 964 853 τῆς
1002 787 1161 857 ὅψεως
1198 787 1367 842 πάθος·
1422 789 1450 853 ἡ
1490 788 1575 852 μὲν
1611 787 1706 855 γὰρ

109 867 397 938 ἐφώτιζεν,ή
433 870 482 922 δὲ
517 871 600 922 τὸν
627 869 881 940 φωτισμὸν
908 871 992 921 οὐκ
1019 870 1219 937 ἐδέχετο·
1264 871 1412 924 οὕτως
1448 868 1577 934 οἶμαι
1612 873 1706 921 δεῖν

109 953 185 1002 καὶ
235 953 311 1004 ἐπὶ
359 958 444 1004 τοῦ
491 957 795 1019 Μονογενοῦς
847 954 1031 1015 ἐννοεῖν,
1080 952 1152 1002 ὅτι
1204 955 1308 1021 φῶς
1357 951 1443 1015 μέν
1494 954 1600 1003 ε’στι
1651 951 1706 1003 τὸ

41 1057 89 1082 ιο
109 1034 335 1099 ἀληθινόν
377 1042 406 1065 “
431 1036 494 1087 Ὁ
538 1035 588 1087 δὲ
636 1035 741 1089 θεὸς
785 1040 868 1086 τοῦ
913 1038 1080 1088 αἰῶνος
1126 1033 1339 1097 τούτου,”
1385 1032 1509 1085 καθὰ
1555 1036 1631 1085 καὶ
1681 1035 1706 1085 ὁ

109 1115 306 1170 Παῦλός
344 1121 511 1186 φησιν,
550 1124 578 1147 “
603 1117 857 1185 ἐτύφλωσε
895 1115 955 1167 τὰ
995 1114 1209 1181 νοήματα
1252 1120 1349 1166 τῶν
1387 1115 1606 1166 ἀπίστων
1644 1119 1708 1170 εἰς

108 1204 136 1227 “
160 1196 215 1249 τὸ
253 1197 319 1263 μὴ
358 1198 571 1266 αὐγάσαι
607 1197 692 1250 τὸν
731 1196 1019 1266 φωτισμὸν”
1060 1199 1108 1248 ἐν
1147 1198 1305 1252 αὐτοῖς
1350 1200 1434 1262 τῆς
1479 1197 1747 1262 γνώσεωςο

107 1285 191 1331 τοῦ
230 1284 372 1332 Θεοῦ.
432 1281 686 1351 τύφλωσιν
724 1280 781 1331 δέ
813 1285 971 1350 φαμεν
1008 1278 1095 1344 τὴν
1132 1281 1182 1331 ἐν
1219 1278 1402 1333 τούτοις
1442 1281 1708 1343 ὑποστῆναι

107 1361 191 1413 τὸν
217 1361 482 1430 ἄνθρωπον,
509 1364 592 1414 οὐκ
627 1367 690 1417 εὶς
727 1361 997 1429 ὁλόκληρον
1027 1367 1111 1413 τοῦ
1146 1360 1308 1431 φωτὸς
1345 1362 1540 1428 ἐρημίαν
1565 1360 1703 1428 ἐρχό-

43 1462 89 1500 15
108 1463 265 1509 μενον·
330 1444 530 1513 σώζεται
579 1444 674 1512 γὰρ
725 1446 774 1496 ἐν
824 1448 884 1512 τῇ
935 1443 1082 1513 φύσει
1132 1442 1323 1498 πάντως
1373 1444 1401 1508 ἡ
1453 1442 1707 1497 θεόσδοτος

108 1525 320 1581 σύνεσις·
376 1528 487 1578 ἀλλ’
528 1531 592 1581 εἰς
630 1527 728 1596 ἕξιν
766 1525 1096 1593 ἀμαθεστέραν
1133 1525 1590 1589 κατασβεννύμενον,
1630 1526 1707 1577 καὶ

108 1613 209 1663 ταῖς
252 1610 328 1660 ἐπὶ
367 1608 428 1660 τὰ
467 1609 608 1677 χείρω
652 1612 981 1675 παρατροπαῖς
1025 1606 1436 1674 καταμαραίνοντά
1479 1631 1581 1661 πως
1631 1610 1707 1658 καὶ

107 1691 434 1756 κατατήκοντα
469 1690 524 1743 τὸ
562 1694 646 1755 τῆς
683 1688 876 1758 χάριτος
913 1688 1100 1757 μέτρον·
1161 1688 1238 1740 διά
1275 1712 1347 1740 τοι
1386 1695 1526 1740 τοῦτο
1566 1691 1641 1740 καὶ
1682 1691 1707 1740 ὁ

107 1772 392 1841 σοφώτατος
425 1772 653 1843 μελῳδὸς,
681 1772 757 1823 ὅτε
792 1770 876 1823 τὸν
907 1777 1121 1823 τοιοῦτον
1154 1771 1265 1835 ἡμῖν
1297 1771 1551 1838 ἄνθρωπον
1584 1772 1705 1823 ὑπο-

42 1876 91 1902 20
108 1854 325 1921 κρίνεται,
365 1853 471 1907 τότε
513 1854 570 1919 δὴ
610 1856 686 1906 καὶ
728 1854 915 1909 δικαίως
957 1853 1371 1923 καταφωτίζεσθαι
1415 1858 1703 1920 παρακαλεῖ,

107 1934 265 2003 λέγων
290 1938 353 1991 ὡς
389 1936 509 2005 πρὸς
540 1935 667 1988 Θεόν
693 1943 720 1967 “
745 1935 1099 2005 Ἀποκάλυψον
1127 1934 1236 1990 τοὺς
1271 1935 1553 2004 ὀφθαλμούς
1588 1958 1702 1999 μου,
1723 1954 1748 1994 d

108 2024 136 2047 ‘⁴
160 2021 237 2070 καὶ
281 2019 565 2084 κατανοήσω
615 2018 676 2071 τὰ
719 2017 965 2083 θαυμάσια
1010 2041 1103 2069 σου
1153 2019 1203 2069 ἐκ
1246 2022 1330 2068 τοῦ
1375 2016 1522 2081 νόμου
1566 2018 1702 2068 σου·”

108 2106 136 2130 “
162 2099 331 2165 Νόμον
364 2101 458 2169 γὰρ
492 2105 555 2156 εἰς
589 2100 814 2166 βοήθειαν
844 2099 1024 2163 ἕδωκε,”
1053 2100 1106 2152 τὸ
1143 2104 1266 2151 θεῖον
1298 2101 1347 2151 ἐν
1378 2099 1488 2164 ἡμῖν
1520 2100 1699 2167 ἀναζω-

106 2181 391 2250 πυρήσαντα
436 2187 553 2253 φῶς,
589 2185 666 2235 καὶ
707 2181 870 2250 ὥσπερ
914 2182 1019 2234 τινὰ
1058 2182 1218 2248 λήμην
1255 2187 1352 2233 τῶν
1390 2184 1474 2246 τῆς
1512 2182 1706 2248 καρδίας

43 2281 90 2319 25
109 2266 377 2334 ὀφθαλμῶν
413 2267 752 2333 ἐκκαθαίροντα
796 2265 880 2316 τὸν
917 2265 976 2335 ἐξ
1015 2267 1214 2333 ἀρχαίας
1254 2265 1460 2329 ἀμαθίας
1500 2264 1702 2329 ἐπισκή-

108 2350 273 2416 ψαντα
308 2347 591 2413 σκοτισμόν.
648 2348 930 2417 ἀχαριστίας
969 2348 1053 2398 οὖν
1085 2346 1185 2411 ἅμα
1219 2350 1295 2398 καὶ
1331 2346 1652 2411 ἀναισθησίας
1687 2352 1706 2398 o‘

111 2430 280 2499 κόσμος
306 2431 355 2481 ἐν
379 2431 561 2485 τούτοις
588 2430 805 2494 ὑπομένει
830 2428 1038 2498 γραφὴν,
1064 2431 1140 2480 καὶ
1165 2428 1248 2480 τὸν
1274 2432 1442 2479 οἰκεῖον
1461 2426 1707 2493 ἀγνοήσας

108 2511 456 2579 γενεσιουργὸν,
477 2514 553 2564 καὶ
578 2510 662 2563 τὸν
687 2513 737 2563 ἐκ
762 2517 846 2563 τοῦ
871 2511 1176 2581 πεφωτίσθαι
1203 2509 1386 2578 καρπὸν
1413 2510 1496 2560 οὐκ
1522 2508 1707 2574 ἀγαθὸν

109 2593 354 2662 ἐπιδείξας,
397 2594 473 2645 ἵνα
522 2596 730 2663 φανῆται
781 2592 953 2645 λοιπὸν
1002 2594 1071 2646 ἐπ’
1125 2594 1252 2662 αὐτῷ
1313 2593 1497 2643 κάκεῖνο
1556 2588 1742 2641 πάλινθ

44 2698 94 2733 30
112 2673 299 2739 ἀληθὲς,
318 2674 372 2726 τὸ
399 2675 471 2744 ἐφ’
501 2679 612 2730 υἱοῖς
635 2674 841 2743 Ἰσραὴλ
867 2674 943 2726 διὰ
968 2677 1265 2743 προφητικῆς
1292 2671 1520 2742 ᾀδόμενον
1543 2674 1705 2740 φωνῆς

164 2866 193 2889 1.
218 2853 364 2899 ῥᾳθυμίᾳ
383 2854 427 2889 Β.
601 2867 636 2902 3.
661 2857 700 2891 τὸ
718 2856 828 2902 φῶςὴ
847 2855 930 2902 τῶν]
950 2871 988 2891 το
1005 2855 1136 2901 φωτίσι
1154 2869 1213 2889 τον
1230 2853 1312 2898 (Sic)
1332 2852 1375 2887 B.
1559 2863 1571 2884 1
1583 2863 1611 2886 1.
1638 2854 1706 2885 τῶν

111 2901 296 2946 ἀνθρώπων
312 2905 378 2936 τῶν
394 2901 549 2937 ἀπίστων
566 2902 608 2937 Ε.
738 2915 792 2938 12.
818 2903 966 2949 αὐγάσαι
987 2903 1028 2937 Β.
1047 2902 1231 2947 διαυγάσαι
1250 2899 1317 2934 Ed.
1447 2908 1500 2944 17.
1525 2897 1583 2943 τὰ]
1603 2898 1642 2931 τὸ
1664 2898 1705 2932 B.

115 2949 167 2982 18.
192 2963 245 2982 τοι
263 2954 486 2993 assumptum
503 2960 545 2984 ex
565 2948 606 2983 B.
715 2961 767 2995 19.
794 2950 972 2995 ἄνθρωπον
989 2949 1066 2994 ἡμῖν
1082 2949 1223 2985 inverso
1240 2946 1362 2982 ordine
1382 2945 1424 2981 B.
1523 2956 1579 2980 22.
1605 2959 1705 2979 κατα-

111 2996 236 3039 νόησον
253 2995 334 3039 (Sic)
354 2995 396 3030 Ε.
540 3004 595 3040 27.
622 2997 679 3031 τὸν
695 3009 767 3032 om.
789 2997 830 3032 B.

169 3063 260 3091 VOL.
286 3063 315 3091 Ι.
900 3065 918 3092 S

1771 310 1784 331 1
1794 301 1878 332 Tim.
1888 301 1931 332 iv.

1770 353 1818 384 14.

1769 388 1926 419 2Tim.iv.

1768 440 1797 470 5.

1773 1039 1786 1060 2
1800 1030 1873 1061 Cor.
1889 1030 1932 1061 iv.

1771 1086 1801 1112 4.

1766 1938 1818 1967 Ps.

1764 1981 1874 2011 cxviii.

1770 2026 1818 2055 18.

1765 2102 1820 2132 Es.
1835 2102 1899 2132 viii.

1767 2156 1818 2177 το.
