2084 3317
158 182 242 222 viii.
270 193 332 237 15,
358 184 419 224 16.
481 183 552 223 IN
596 183 638 223 S.
672 180 1007 223 JOANNEM.
1071 179 1195 220 LIB.
1219 180 1270 219 V.
1334 178 1467 218 CAP.
1502 177 1562 217 II.
1655 175 1735 215 721

157 290 232 341 διὰ
266 292 352 356 τὴν
382 293 538 359 σάρκα
572 292 626 343 τὸ
662 291 807 356 μηδὲν
836 289 955 342 εἶναι’
987 313 1043 354 με
1083 287 1346 355 λογίζεσθε,
1372 292 1446 338 καὶ
1485 286 1561 337 διὰ
1599 292 1736 337 τοῦτο
1755 293 1782 334 b

156 374 469 438 κατεκρίνατε·
511 372 603 440 ἐγὼ
631 374 679 425 δὲ
704 375 790 440 οὐχ
817 374 938 424 οὕτω
970 370 1260 436 λελόγισ-μαι
1293 371 1397 434 περὶ
1435 370 1579 431 ὑμῶν,
1606 367 1738 418 ἀλλά

155 475 199 503 τι
230 454 352 520 μέγα
378 458 452 506 καὶ
478 456 630 520 τίμιον
653 458 814 523 χρῆμα
847 454 929 505 τὸν
955 454 1219 520 ἄνθρωπον,
1245 455 1283 502 εὶ
1318 452 1392 501 καὶ
1423 449 1617 515 γε’γονεν
1644 448 1737 499 ἀπὸ

154 537 256 599 γῆς,
297 536 622 602 ἐπιστάμενος·
679 537 827 588 καίτοι
866 534 988 590 Θεὸς
1027 535 1251 602 ὑπάρχων
1289 531 1534 596 ἀληθινὸς,
1576 532 1652 581 καὶ
1691 532 1740 581 ἐν

114 631 135 670 5
155 622 319 685 μορφῇ
345 620 678 685 γεγεννηκότος
703 641 760 683 με
783 616 988 684 Πατρὸς,
1009 616 1209 681 ἐμαυτὸν
1229 616 1522 666 ἐταπείνωσα
1547 610 1740 680 μορφὴν

156 698 328 750 δούλου
355 700 534 763 λαβὼν,
562 703 637 751 καὶ
664 701 913 767 ἅνθρωπος
941 699 1166 765 γεγονώς·
1210 698 1284 766 ἐφ’
1312 694 1349 767 ᾧ
1385 695 1441 761 δὴ
1477 698 1574 747 νυνὶ
1610 694 1740 764 μόνῳ

155 783 491 849 κατακρίνομαι
534 782 644 849 παρ’
689 785 831 847 ὑμῶν,
877 782 1027 833 καίτοι
1074 781 1244 847 κρίνων
1288 777 1427 833 αὐτὸς
1471 779 1545 829 ἐπὶ
1588 777 1739 846 τούτῳ

154 864 344 927 μηδένα.
410 871 487 916 καὶ
528 864 600 916 {Em
641 868 759 934 κρίνω
798 863 899 930 ἐγῶ,
936 867 957 924 ἦ
998 865 1135 933 κρίσις
1173 865 1195 923 ἡ
1231 861 1310 930 ἐμὴ
1353 861 1504 912 δικαία
1538 861 1628 912 ἐστὶ
1665 862 1740 910 καὶ

153 944 327 1008 ἀληθὴς,
355 946 415 997 ’ότι
442 948 569 1013 μόνος
597 951 672 998 οὐκ
700 952 802 1015 εἰμὶ,
829 951 938 997 ἀλλ’
969 944 1057 1012 ἐγῶ
1086 951 1162 997 καὶ
1193 951 1210 996 ὁ
1236 940 1447 1012 πέμψας
1473 966 1532 1010 με
1562 943 1724 1010 Πατήρ.
1758 958 1780 984 0

89 1047 136 1073 10
228 1067 254 1089 ‚,
275 1025 385 1093 5Ap’
414 1029 509 1091 οὖν,
535 1030 632 1095 ἐρεῖ
657 1051 727 1082 τις
758 1027 902 1096 τυχὸν
928 1033 1022 1079 τῶν
1047 1027 1271 1078 τάναντία
1294 1031 1392 1080 τοῖς
1417 1028 1500 1089 τῆς
1525 1026 1736 1087 Ἐκκλη-

154 1149 181 1171 ,,
207 1109 316 1162 σίας
361 1110 665 1178 φρονούντων
706 1109 932 1176 δόγμασι,
971 1108 1047 1160 διὰ
1086 1114 1226 1160 τοῦτο
1267 1110 1344 1159 καὶ
1385 1106 1531 1171 μόνον
1573 1105 1742 1171 κρίνειν

154 1231 180 1253 ,,
208 1191 359 1257 ὀρθῶς
391 1190 513 1243 οἶδεν
543 1194 566 1243 ὁ
599 1192 726 1254 Υἱὸς,
754 1193 940 1258 ἐπείπερ
977 1192 1103 1260 αὐτῷ
1139 1196 1278 1242 τοῦτο
1313 1192 1482 1255 δρῶντι
1517 1187 1743 1238 σύνεστιν

153 1312 181 1336 ,,
208 1274 233 1323 ὁ
270 1273 438 1339 Πατήρ
456 1296 469 1336 3
516 1273 684 1325 τούτου
719 1273 768 1325 δὲ
802 1276 912 1342 τῇδε
945 1273 1168 1337 κειμένου,
1196 1274 1271 1323 καὶ
1306 1271 1497 1339 ἔχοντος
1531 1273 1740 1334 ἀληθῶς,

155 1394 181 1417 ,,
208 1355 258 1405 τί
279 1354 449 1407 λοιπόν
475 1358 577 1407 ἐστι
601 1355 654 1407 τὸ
682 1356 947 1407 διακωλύον
973 1359 1115 1407 εἰπεῖν
1141 1354 1216 1406 διὰ
1240 1356 1422 1417 βουλῆς
1448 1358 1532 1403 τοῦ
1552 1350 1744 1417 Πατρὸς

88 1451 136 1490 15
154 1477 182 1500 ,,
207 1439 632 1506 πηδαλιουχεῖσθαι
657 1437 834 1504 τρόπον
859 1436 963 1488 τινὰ
988 1436 1108 1504 πρὸς
1135 1436 1369 1503 ὀρθότητα
1394 1434 1477 1486 τὸν
1496 1433 1631 1496 Υἱὸν,
1660 1435 1744 1485 οὐκ

153 1560 181 1583 ,,
211 1519 380 1587 ἔχοντα
403 1526 543 1572 τοῦτο
568 1521 771 1583 τελείως,
797 1518 826 1584 ἢ
854 1521 927 1571 καὶ
955 1518 1258 1586 ἀνεγκλήτως
1284 1516 1541 1581 δυνάμενον
1566 1539 1740 1582 κατορ-

153 1641 182 1664 ,,
209 1605 323 1653 θοῦν
349 1602 407 1671 ἐξ
429 1604 594 1654 ἑαυτοῦ
617 1603 661 1665 ;”

228 1684 295 1735 Τι’
329 1685 410 1735 οὖν
441 1685 533 1751 ἄρα
572 1686 647 1735 καὶ
688 1685 815 1749 ἡμεῖς
854 1689 950 1737 τοῖς
988 1682 1098 1749 παρ’
1125 1683 1308 1734 ἐκείνων
1338 1684 1617 1747 ἀντεροῦμεν
1651 1681 1735 1731 λό-

153 1788 286 1832 γοις;
330 1766 566 1827 δυσσεβὲς
598 1768 740 1829 ὑμῶν,
768 1765 804 1816 ῶ
835 1766 976 1829 οὗτοι,
1002 1764 1056 1816 τὸ
1090 1764 1324 1834 φρόνημα,
1353 1766 1428 1815 καὶ
1451 1762 1616 1828 μόναις
1641 1768 1741 1816 ταῖς

87 1867 136 1892 20
153 1847 393 1900 Ἰουδαίων
419 1848 658 1903 ἀπονοίαις
685 1848 755 1899 ὅτι
781 1850 997 1911 μάλιστα
1023 1846 1440 1914 πρεπωδέστατον·
1481 1847 1535 1896 οὐ
1560 1845 1652 1912 γὰρ
1680 1847 1741 1897 ὡς
1761 1854 1787 1894 d

153 1931 237 1982 οὐκ
271 1931 392 1998 ἔχων
424 1929 478 1982 τὸ
512 1931 665 1981 δίκαια
699 1931 867 1997 κρίνειν
895 1930 951 1999 ἐξ
981 1930 1146 1981 ἑαυτοῦ
1183 1929 1429 1990 δύνασθαι,
1456 1926 1516 1978 τὰ
1550 1927 1743 1977 τοιαῦτά

154 2017 307 2080 φησιν
333 2014 358 2063 ὁ
384 2012 516 2066 Υἱός·
558 2012 927 2078 ἐπιμαρτυρήσει
952 2010 1046 2078 γὰρ
1073 2012 1199 2078 αὐτῷ
1229 2010 1385 2075 λέγων
1411 2011 1486 2060 καὶ
1522 2009 1546 2059 ὃ
1582 2015 1738 2078 μελῳ-

153 2095 233 2148 δὸς
271 2097 319 2145 ἐν
348 2093 589 2158 Πνεύματι
622 2095 731 2145 “Ὁ
760 2093 883 2147 Θεὸς
917 2092 1075 2160 κριτὴς
1108 2091 1327 2146 δίκαιος.”
1384 2091 1455 2142 ὅτι
1495 2090 1545 2141 δὲ
1583 2089 1741 2156 κριτὴς
1804 2089 1927 2164 ξζῆἰ·

152 2199 305 2242 ετερος
331 2175 441 2242 παρ’
470 2175 611 2226 αὑτὸν
638 2176 798 2237 οὐδεὶς,
825 2173 964 2229 αὐτὸς
998 2177 1315 2241 εἶσδραμεῖται
1349 2172 1527 2238 μάρτυς
1562 2173 1671 2236 ἡμῖν
1694 2172 1741 2221 ἐν

86 2276 135 2315 25
155 2257 443 2323 εὐαγγελιοις
471 2257 613 2308 ειπών
639 2264 666 2286 “
687 2256 814 2308 Οὐδε
840 2280 934 2323 γαρ
961 2258 985 2307 ὁ
1015 2255 1185 2322 Πατὴρ
1221 2278 1361 2322 κρινει
1395 2255 1579 2316 οὐδένα,
1611 2253 1740 2303 ἀλλὰ
1804 2246 1956 2319 {Quam

171 2344 372 2390 ίποῖσαν
398 2337 485 2402 τὴν
511 2361 668 2405 κρισιν
695 2339 864 2389 δεδωκε
889 2342 956 2389 τῶ
982 2337 1131 2389 Υιῶ.”
1180 2335 1272 2404 ἆρα
1297 2338 1379 2388 οὐν
1405 2339 1467 2390 ὡς
1493 2337 1577 2386 οὐκ
1603 2337 1739 2387 ειδότι

154 2422 325 2486 κρίνειν
350 2422 501 2485 ὀρθῶς
535 2420 621 2485 τὴν
648 2421 806 2487 κρίσιν
833 2391 1075 2472 δεδῶκεν
1056 2443 1081 2471 ο
1115 2418 1237 2473 Θεὸς
1272 2442 1347 2470 και
1382 2417 1580 2484 Πατήρ·
1569 2459 1581 2480 ,
1627 2419 1739 2467 ἀλλ

155 2501 282 2566 οἶμαι
321 2505 404 2567 τῆς
443 2503 645 2554 ἁπασῶν
678 2502 884 2570 ἐσχάτης
918 2503 1141 2555 ἀπονοίας
1177 2502 1279 2565 δοίη
1313 2524 1382 2554 τις
1416 2500 1475 2550 ἂν
1505 2499 1559 2550 τὸ
1595 2502 1741 2552 οὕτως
1762 2528 1782 2551 e

206 2626 237 2650 1.
263 2630 332 2659 με
323 2621 545 2659 assumptum
564 2627 605 2648 ex
624 2626 654 2650 a.
861 2626 893 2660 3.
919 2613 1048 2660 χρῆμα]
1073 2617 1110 2654 -ὖ-
1132 2628 1215 2648 ειναι
1232 2625 1250 2647 e
1269 2612 1346 2647 Cat.
1364 2612 1457 2646 Aub.
1477 2609 1559 2645 εἶναι
1577 2612 1719 2656 χρῆμα
1710 2623 1740 2644 a.

157 2672 190 2707 5.
216 2677 257 2706 με
275 2668 498 2705 assumptum
517 2674 557 2695 ex
578 2661 619 2695 B.
685 2661 829 2704 ἐμαυτὸν
845 2662 1055 2696 ἐταπείνωσα
1075 2660 1142 2693 hoc
1159 2659 1281 2693 ordine
1301 2659 1342 2692 B.
1346 2671 1376 2692 a.
1505 2657 1538 2692 6.
1565 2673 1621 2691 νυι
1624 2659 1635 2690 ὶ
1652 2659 1742 2702 μόνῳ

156 2707 413 2754 κατακρινομαι]
431 2709 483 2741 καὶ
501 2709 592 2753 μόνῳ
610 2707 847 2751 κατακρίνομαι
865 2711 922 2742 νῦν
937 2720 965 2741 3.
1052 2716 1084 2751 7.
1103 2707 1158 2741 ἐπὶ
1176 2705 1283 2763 τούτῳ
1299 2706 1398 2740 αὐτὸς
1415 2705 1474 2738 inv
1477 2716 1554 2738 erso
1572 2704 1693 2738 ordine
1712 2716 1742 2737 3.

157 2756 190 2790 8.
217 2757 271 2789 καὶ
297 2753 527 2800 prius—clm]
547 2755 607 2788 κᾶν
632 2756 732 2798 κρίνω
758 2755 796 2788 δέ
819 2756 941 2800 φησιν,
962 2753 1090 2797 ἀληθής
1115 2753 1210 2787 ἐστιν
1235 2752 1253 2796 ἡ
1280 2753 1391 2795 κρίσις
1415 2766 1492 2793 μου,
1513 2750 1565 2784 ὅτι
1590 2751 1650 2783 οὐκ
1676 2750 1741 2791 εἰμὶ

157 2803 258 2847 μόνος
275 2814 306 2836 a.
471 2813 504 2846 9.
530 2803 632 2845 μόνος
649 2816 688 2835 ου
706 2802 765 2835 οὐκ
783 2801 849 2845 εἷμὶ
868 2802 947 2845 (sic)
969 2800 1010 2834 B.
1182 2810 1235 2833 10.
1261 2803 1303 2843 ἀρ
1305 2798 1375 2832 ’.Β
1380 2810 1409 2832 3.
1430 2798 1547 2831 Holst.
1566 2796 1631 2840 ἆρα
1649 2797 1742 2886 Aul»,5

157 2849 262 2893 τυχὸν
279 2852 345 2882 τῶν
361 2848 518 2882 τάναντία
535 2854 716 2891 assumpta
733 2860 773 2881 ex
793 2848 835 2883 Β.
936 2858 990 2881 12.
1016 2848 1137 2891 δρῶντι
1158 2846 1199 2880 Β
1222 2845 1284 2880 Ht.
1303 2845 1420 2888 ερῶντι
1439 2844 1532 2878 Aub.
1645 2843 1696 2876 16.

160 2895 203 2929 Β.
221 2895 250 2928 εἷ
271 2895 332 2929 Ht.
353 2894 419 2929 Ed.
563 2905 618 2928 21.
648 2895 758 2928 δίκαια
776 2894 914 2939 κρίνειν]
936 2894 1114 2937 διακρίνειν
1131 2905 1161 2927 3.
1310 2893 1363 2925 28.
1392 2892 1585 2935 Assumpta
1605 2891 1676 2933 δοίη
1694 2905 1744 2925 τις

159 2943 199 2976 ἂν
222 2954 262 2975 ex
289 2941 344 2981 Β..
363 2942 402 2975 τὸ
428 2953 467 2974 ex
496 2941 538 2975 B.
543 2953 573 2975 a.
599 2941 801 2984 διητὴσαντο
826 2942 906 2985 (sic)
929 2940 1003 2980 Ht.,
1023 2940 1118 2985 quod
1144 2951 1214 2973 om.
1234 2950 1315 2972 cum
1343 2937 1418 2972 Cat.
1436 2944 1475 2971 ut
1501 2937 1644 2971 adnotat
1670 2938 1743 2981 ipse

160 2988 254 3022 Aub.

218 3054 309 3082 VOL.
333 3055 361 3082 1.
926 3055 953 3095 4
974 3054 994 3080 z
