2073 3296
68 2102 124 2134 ΡΞ.

66 2145 183 2178 xxxiii.
197 2145 228 2178 6.

246 880 274 922 b

250 1464 272 1491 Ο

290 108 346 148 98
692 114 743 155 B.
776 115 1050 157 CYRILLI
1092 116 1472 158 ALEXANDR.
1790 114 1817 153 i·
1837 127 1875 168 9-

288 217 429 268 ποιάν
461 221 611 272 αἰτίαν
640 223 715 274 ἐπὶ
748 222 894 287 μόνου
927 225 1126 276 τέθειται
1160 231 1299 276 τοῦτο
1335 231 1416 276 τοῦ
1443 227 1560 276 Υἱοῦ
1578 245 1590 285 ;
1639 224 1759 290 χρῆν
1786 220 1879 289 γὰρ

289 298 441 362 δήπου
479 301 600 353 κατά
637 326 693 369 γε
730 303 813 356 τὸν
844 309 927 370 τῆς
965 305 1186 370 ἰσότητος
1223 305 1388 372 λόγον,
1428 309 1504 357 καὶ
1541 309 1636 359 τοῖς
1675 325 1874 366 πεποιη-

288 380 443 443 μένοις
468 384 831 452 ἐπιφημίζεσθαι
867 386 921 437 τὸ
957 386 1147 448 ἀληθινὶν
1174 386 1288 439 εἶναι
1315 388 1426 457 φῶς.
1478 387 1590 437 ἀλλ’
1620 385 1769 436 οὐδενὶ
1795 383 1881 448 μὲν

291 461 491 528 ἁρμόσει
516 470 611 516 τῶν
637 472 860 532 γενητῶν,
888 473 1217 535 κατηγορεῖται
1243 468 1292 519 δὲ
1317 468 1463 532 μόνης
1489 471 1572 532 τῆς
1599 467 1763 520 οὐσίας
1796 470 1880 516 τοῦ

289 547 425 595 Υἱοῦ.
479 546 645 613 κυρίως
668 547 761 613 ἄρα
786 551 862 599 καὶ
888 551 1081 614 ἀληθῶς
1107 551 1310 601 κείσεται
1342 549 1428 614 μὲν
1453 551 1520 601 ἐπ’
1549 550 1705 611 αὐτοῦ,
1731 549 1804 599 ἐπὶ
1831 546 1881 597 δὲ
1900 564 1923 602 5

289 630 384 677 τῶν
408 627 683 692 ποιημάτων
709 630 874 682 οὐκέτι.
930 636 1030 685 πῶς
1057 632 1139 683 οὖν
1165 632 1232 683 ε”τι
1266 635 1325 700 τῇ
1363 632 1513 683 κτίσει
1538 629 1778 699 συμφυὴς,
1806 630 1882 680 καὶ

288 708 392 775 οὐχὶ
425 713 617 771 μᾶλλον
649 715 744 762 τῶν
776 711 891 779 ὑπὲρ
924 712 1011 778 τὴν
1037 715 1208 777 κτίσιν,
1236 717 1298 768 ὡς
1332 713 1447 780 ὑπὲρ
1484 712 1630 777 αὐτὴν
1656 711 1883 779 ὑπάρχων

289 788 410 853 μετὰ
439 791 660 858 Πατρός;

365 892 498 923 ΑΛΛο.
538 877 597 925 Εἰ
632 876 756 943 φωτὶ
789 879 856 945 τῷ
892 876 1013 928 κατὰ
1047 877 1274 942 ἀλήθειαν
1301 879 1354 929 οὐ
1392 876 1563 929 ταύτόν
1589 878 1692 927 ἐστι
1726 873 1780 926 τὸ
1814 874 1881 939 μὴ

290 953 410 1006 κατὰ
447 954 673 1019 ἀλήθειαν
712 961 830 1026 φῶς·
885 958 979 1027 ἔχει
1023 959 1117 1026 γάρ
1162 983 1207 1011 τι
1250 959 1305 1012 τὸ
1351 962 1551 1027 ἑτεροῖον
1589 959 1618 1023 ἡ
1663 956 1882 1024 ἑκατέρου
1905 979 1953 1005 10

289 1036 519 1101 δήλωσις·
561 1037 660 1106 φῶς
696 1039 744 1090 δὲ
782 1039 975 1101 ἀληθινὶν
1012 1043 1037 1092 ὁ
1073 1041 1189 1096 Υἱὸς
1226 1041 1606 1106 κατωνόμασται,
1633 1041 1708 1091 καὶ
1742 1038 1882 1092 τοῦτό

288 1120 392 1169 ἐστι
435 1118 555 1169 κατὰ
599 1120 767 1188 φύσιν·
828 1122 912 1174 οὐκ
956 1123 1048 1189 ἄρα
1089 1125 1116 1188 ἦ
1159 1125 1312 1179 κτίσις
1351 1122 1543 1185 ἀληθινὶν
1581 1122 1715 1174 ἔσται
1761 1121 1877 1192 φῶς.

290 1201 457 1251 οὐκοῦν
484 1200 589 1253 οὐδὲ
616 1204 851 1268 ἀλλήλοις
878 1205 1068 1274 ὁμοφυῆ
1093 1204 1152 1257 τὰ
1178 1207 1324 1260 οὕτως
1350 1204 1702 1275 ἐξηλλαγμένα.

363 1303 495 1333 AAAO.
538 1287 596 1334 Εἰ
629 1284 696 1348 μὴ
730 1283 874 1348 μόνος
911 1287 935 1336 ὁ
974 1287 1254 1353 Μονογενὴς
1288 1287 1342 1339 τὸ
1379 1291 1481 1357 φῶς
1518 1288 1623 1338 ἐστι
1660 1284 1714 1337 τὸ
1753 1286 1878 1349 άλη-

289 1363 433 1427 θινὸν,
459 1365 551 1432 ε”χει
579 1364 628 1415 δὲ
653 1367 728 1416 καὶ
755 1368 783 1431 ἡ
809 1367 963 1421 κτίσις
993 1367 1047 1419 τὸ
1083 1367 1198 1420 εἶναι
1233 1373 1337 1438 φῶς
1372 1367 1613 1434 ἀληθινὸν,
1639 1367 1716 1419 διὰ
1740 1369 1882 1419 ποίαν
1905 1389 1951 1428 15

289 1446 441 1497 αἰτίαν
479 1445 618 1501 αὐτὸς
648 1455 676 1477 “
696 1448 884 1516 φωτίζει
923 1448 1080 1501 πάντα
1118 1451 1370 1518 ἄνθρωπον
1408 1449 1660 1519 ἐρχόμενον
1698 1454 1761 1505 εἰς
1798 1449 1882 1502 τὸν

289 1534 316 1558 “
342 1526 527 1592 κόσμον
550 1530 592 1592 ;”
650 1529 853 1598 ἐχούσης
899 1531 993 1599 γὰρ
1034 1532 1218 1585 οἴκοθεν
1256 1539 1395 1585 τοῦτο
1440 1535 1515 1584 καὶ
1557 1536 1640 1597 τῆς
1683 1535 1881 1598 γενητῆς

288 1610 467 1673 οὐσίας,
494 1611 716 1678 περιττὸν
742 1611 801 1676 ἧν
827 1613 893 1665 ε”τι
927 1612 982 1665 τὸ
1019 1615 1310 1683 φωτίζεσθαι
1350 1616 1406 1667 δι’
1435 1619 1571 1667 Υἱοῦ·
1622 1613 1754 1666 ἀλλὰ
1787 1613 1882 1680 μὴν

288 1693 470 1762 φωτίζει
496 1691 583 1757 μὲν
609 1693 762 1758 αὐτὸς,
788 1695 980 1764 μέτοχοι
1015 1697 1064 1748 δὲ
1098 1698 1243 1749 αὐτοῦ
1279 1696 1452 1752 πάντες
1489 1698 1635 1761 ἡμεῖς·
1680 1698 1763 1748 οὐκ
1789 1697 1882 1763 ἄρα

287 1772 459 1825 ταύτὸν
485 1777 548 1829 εἷς
575 1776 742 1830 οὐσίας
765 1777 996 1842 ποιότητα
1021 1779 1136 1833 Υἱὸς
1162 1782 1239 1831 καὶ
1265 1780 1436 1834 κτίσις·
1478 1777 1642 1846 ὥσπερ
1669 1779 1751 1830 οὖν
1777 1776 1882 1830 οὐδὲ
1902 1804 1952 1829 20

288 1858 356 1925 τῷ
380 1857 625 1925 μετέχοντι
649 1857 704 1909 τὸ
728 1859 1057 1927 μετεχόμενον.

363 1958 495 1989 ΑΛΛΟ.
548 1942 608 1990 Εἰ
651 1938 717 2004 μὴ
761 1940 891 2011 μόνῳ
935 1941 1174 2009 πρόσεστι
1218 1943 1339 1994 κατὰ
1384 1943 1534 2012 φύσιν
1571 1946 1639 2012 τῷ
1678 1943 1780 2011 Υἱῲ
1825 1941 1882 1993 τὸ

290 2018 516 2088 ὑπάρχειν
542 2021 641 2090 φῶς
674 2021 880 2086 ἀληθινέν,
908 2023 1002 2091 ἔχει
1038 2023 1087 2075 δὲ
1122 2025 1235 2076 αὐτὸ
1270 2027 1347 2077 καὶ
1385 2026 1413 2090 ἡ
1451 2026 1618 2089 κτίσις,
1644 2023 1878 2091 περιττὸς,

291 2103 354 2155 ὡς
389 2099 530 2165 οἶμαι,
558 2106 774 2171 φανεῖται
808 2104 928 2172 πρός
964 2129 1092 2161 τινας
1130 2108 1286 2174 λέγων
1312 2110 1337 2160 ὁ
1363 2107 1633 2177 ψαλμῳδός
1660 2113 1686 2137 “
1706 2111 1877 2172 Προσ-

360 2181 374 2199 l
615 2184 628 2199 Χ
746 2186 756 2200 2
794 2184 806 2199 ἱ
943 2190 957 2207 χ
1118 2190 1129 2207 J
1296 2191 1322 2207 ‚⁵
1409 2189 1422 2205 Χ
1520 2188 1533 2206 ἱ
1614 2189 1636 2206 ΓΙ
1868 2189 1879 2204 ’

247 2188 320 2229 d“
346 2187 506 2234 ελθετε
542 2207 663 2250 προς
703 2209 844 2237 αυτον
883 2210 959 2239 και
1001 2193 1291 2258 φωτισθητε·
1376 2213 1430 2241 το
1476 2212 1569 2256 γαρ
1612 2196 1736 2243 ολως
1779 2211 1869 2239 κατ
1904 2207 1953 2246 25

290 2263 517 2329 ἀλήθειαν
549 2269 667 2334 φῶς,
695 2267 777 2318 οὐκ
811 2266 870 2318 ἂν
901 2270 1084 2335 γένοιτο
1121 2272 1306 2341 μεθέξει
1343 2276 1402 2339 τῇ
1439 2270 1559 2338 πρὸς
1597 2270 1754 2337 ἕτερόν
1778 2293 1884 2321 τινα

291 2350 408 2415 φῶς,
444 2348 556 2397 ἀλλ’
595 2347 699 2398 οὐδὲ
737 2349 982 2419 ἐλλάμψει
1020 2357 1079 2420 τῇ
1117 2355 1227 2420 παρ’
1270 2354 1426 2420 ἑτέρου
1464 2351 1884 2422 φαιδρυνθήσεται,

290 2429 474 2480 τελείαν
509 2427 557 2479 δὲ
595 2434 788 2494 μᾶλλον
824 2432 918 2483 ἀπὸ
957 2436 1040 2497 τῆς
1079 2435 1196 2489 ἰδίας
1235 2436 1429 2504 φύσεως
1465 2434 1553 2499 τὴν
1583 2433 1884 2501 καθαρότητα

292 2510 688 2578 χορηγηθήσεται·
729 2514 842 2563 ἀλλ’
872 2514 1054 2580 ὁρῶμεν
1081 2515 1152 2567 ὅτι
1179 2517 1337 2585 φωτὸς
1363 2516 1544 2581 ἐπιδεὴς
1570 2518 1595 2567 ὁ
1622 2517 1883 2584 ἄνθρωπος,

293 2596 489 2657 κτιστῆς
521 2592 747 2662 ὑπάρχων
772 2594 981 2664 φύσεως·
1024 2600 1100 2648 καὶ
1126 2598 1345 2664 ἀληθεύει
1378 2603 1509 2661 βοῶν
1535 2600 1560 2649 ὁ
1596 2598 1880 2669 ψαλμῳδὸς,
1904 2624 1955 2660 30

340 2762 374 2796 3.
401 2751 498 2787 οὐδὲν
512 2752 554 2787 Β.
698 2766 731 2796 4.
757 2753 903 2800 ἁρμόσει
923 2755 964 2790 Β.
982 2755 1120 2801 ἁρμόζει
1139 2757 1206 2791 Ed.
1352 2767 1382 2803 7.
1409 2758 1469 2802 τὴν
1486 2770 1555 2793 om.
1572 2757 1615 2793 E.
1766 2760 1819 2796 18.
1844 2762 1883 2795 τὸ

293 2805 516 2843 assumptum
534 2811 575 2834 ex
595 2799 732 2836 B.D.E.
951 2812 1006 2846 25.
1032 2804 1248 2850 φωτίσθητε]
1274 2809 1309 2846 -Ι-
1330 2805 1407 2840 ἀλλ’
1426 2807 1557 2851 ὁρῶμεν
1577 2804 1656 2851 [i.e.
1675 2818 1736 2851 per
1754 2808 1883 2842 saltum

293 2858 336 2893 ad
356 2860 415 2917 ²9]
439 2861 480 2895 B.
553 2909 559 2920 ἱ
735 2872 788 2909 27.
815 2864 907 2911 φῶς]
929 2866 1050 2912 σαφῶς
1068 2867 1214 2913 conjecit
1232 2868 1279 2902 D.
1360 2869 1554 2916 ἐλλάμψει]
1575 2860 1721 2916 εζλάψει
1738 2870 1818 2916 (sic)
1839 2871 1881 2906 Β.
