2084 3317
116 146 283 191 viii.12.
364 149 436 189 IN
479 150 521 190 S.
556 149 893 190 JOANNEM.
957 150 1082 190 LIB.
1107 149 1157 188 V.
1222 149 1356 188 CAP.
1390 147 1451 187 ΙΙ.
1618 144 1699 186 713

113 253 362 322 ἄνθρωπός
387 280 435 309 τε
462 258 696 325 ὁρώμενος
721 261 796 309 καὶ
822 257 941 322 μετὰ
968 256 1159 323 σαρκὸς,
1187 258 1269 308 οὐκ
1296 258 1344 307 ἐν
1371 256 1474 320 ἐμοί
1496 259 1621 323 φησι
1645 252 1699 304 τὸ
1720 273 1740 299 0

113 340 229 404 φῶς,
256 340 366 390 ἀλλ’
395 340 486 406 ἐγώ
509 345 596 409 εἶμι
623 341 669 392 τὶ
698 340 811 408 φὶὖς,
829 340 906 391 ἵνα
930 339 994 403 μή
1022 362 1090 393 τις
1116 343 1178 392 εἶς
1205 342 1314 390 υἱῶν
1341 337 1487 387 δυάδα
1512 335 1701 403 διατέμῃ

1768 428 1779 449 1
1798 419 1870 449 Cor.

112 419 328 484 Χριστὸν
362 421 480 484 μετὰ
518 422 604 486 τὴν
636 421 711 473 διὰ
748 425 830 485 τῆς
869 420 1270 487 ε’νανθρωπήσεως
1309 418 1590 481 οἰκονομίαν·
1639 416 1701 470 εἷς
1764 462 1820 492 viii
1847 461 1866 492 6

111 499 205 566 γὰρ
243 501 416 569 Κύριος
445 505 635 569 Ἰησοῦς
670 504 898 570 Χριστὸς,
925 505 988 556 ὡς
1026 504 1051 553 ὁ
1092 500 1289 555 Παῦλός
1328 505 1465 569 φησι,
1494 501 1569 550 καὶ
1607 498 1701 564 πρὸ

68 589 91 628 5
111 581 291 648 σαρκὸς
328 588 404 636 καὶ
442 585 560 649 μετὰ
597 584 791 652 σαρκὸς,
823 587 897 636 καὶ
937 583 1000 638 εἷς
1039 585 1114 635 καὶ
1146 582 1288 647 μόνος
1324 580 1443 633 κατὰ
1476 579 1702 645 ἀλήθειαν

110 663 225 718 Υἱὸς
263 666 287 716 ὁ
323 668 373 718 ἐκ
409 671 534 718 Θεοῦ
569 667 760 733 Πατρὸς
788 665 958 732 Λόγος,
995 668 1069 717 καὶ
1103 664 1177 716 ὅτε
1213 664 1406 731 γέγονεν
1441 663 1701 729 ἅνθρωπος,

111 746 194 796 οὐκ
239 748 288 797 ἐν
332 748 456 814 με’ρει
501 749 712 803 τεθέντος
757 754 840 800 τοῦ
890 750 940 799 ἐκ
984 746 1203 814 γυναικὸς
1254 745 1520 814 ληφθέντος
1570 751 1699 796 ναοῦ·

111 828 253 879 αὐτοῦ
282 828 376 896 γὰρ
406 830 523 881 ’ίδιον
546 829 600 882 τὸ
637 835 794 894 σῶμα,
822 833 896 880 καὶ
931 829 986 880 τὸ
1021 828 1277 892 διατέμνειν
1305 827 1428 881 ὅλως
1464 826 1582 892 μετὰ
1616 826 1702 891 τὴν

110 909 372 976 σάρκωσιν,
400 911 520 963 κατά
555 936 608 977 γε
642 911 726 963 τὸν
751 915 833 975 τῆς
870 910 1078 975 υἱότητος
1118 910 1279 976 λόγον,
1306 910 1580 976 δυσφημίας
1619 910 1703 960 οὐκ

44 1008 92 1033 10
111 992 302 1058 ἀμοιρεῖ.
365 993 495 1058 πλὴν
534 993 702 1056 ἱστεόν,
743 994 814 1044 ὅτι
858 992 947 1044 κᾶν
990 996 1334 1059 σεσαρκῶσθαι
1379 991 1607 1057 λέγωμεν,
1648 992 1742 1042 oba
1771 1005 1859 1038 486
1875 1004 1923 1038 Α.

109 1072 230 1142 μόνῃ
255 1076 399 1140 σαρκὶ
424 1076 810 1142 περιβεβλῆσθαί
834 1080 992 1143 φαμεν
1018 1073 1102 1125 τὸν
1127 1079 1210 1125 τοῦ
1237 1077 1362 1124 Θεοῦ
1391 1073 1566 1139 Λόγον,
1587 1074 1697 1124 ἀλλ’

109 1156 157 1206 ἐν
182 1160 248 1226 τῷ
274 1160 357 1222 τῆς
382 1157 562 1225 σαρκὸς
589 1157 784 1222 ὀνόματι
811 1157 893 1209 τὸν
919 1155 1076 1208 πάντα
1103 1159 1337 1219 δηλοῦμεν
1364 1155 1628 1222 ἄνθρωπον.

157 1351 213 1393 ‘O
251 1351 503 1394 ἀκολουθῶν
541 1353 636 1403 ἐμοὶ
674 1353 722 1394 οὐ
761 1353 816 1402 μή
857 1352 1139 1409 Περιπατήσει
1176 1351 1220 1392 ἐν
1258 1352 1308 1408 τῇ
1349 1349 1509 1409 σκοτίᾳ,
1548 1350 1634 1391 ἀλλ’

618 1438 706 1479 ἕξει
742 1436 790 1478 τὸ
829 1435 924 1491 φῶς
960 1437 1037 1476 τῇο
1075 1436 1197 1491 ςωιῖιε.

42 1546 89 1585 ¹5
182 1544 455 1596 ‘Yvrovreleec
492 1543 640 1596 πάλιν
675 1543 841 1598 αὐτοῦς
880 1541 1176 1611 πανταχόθεν
1206 1542 1260 1593 τὸ
1301 1547 1587 1594 λυσιτελοῦν
1617 1546 1700 1606 θη-

106 1629 285 1692 ρᾶσθαι
335 1631 505 1696 φιλεῖν,
552 1628 627 1678 καὶ
677 1629 1086 1693 παιδαγωγεῖσθαι
1136 1629 1329 1688 μᾶλλον
1378 1624 1554 1675 ἐθέλειν
1604 1629 1700 1677 τοῖς

110 1708 253 1759 αὐτοῦ
288 1707 620 1775 διατάγμασιν,
647 1709 795 1775 ἤγουν
829 1713 930 1762 ταῖς
965 1712 1109 1775 σφῶν
1140 1707 1294 1758 αὐτῶν
1326 1706 1545 1769 ἀμαθίαις
1581 1708 1697 1757 ἀκο-
1718 1709 1746 1749 b

108 1794 295 1841 λουθεῖν
328 1790 590 1855 ἑλομένους,
624 1795 698 1842 καὶ
736 1791 877 1854 αὐτῆς
915 1792 998 1854 τῆς
1037 1788 1223 1840 αἰωνίου
1258 1791 1529 1854 στερεῖσθαι
1564 1788 1695 1855 ζωῆς.

109 1871 228 1924 ὅσον
260 1872 308 1924 δὲ
345 1874 596 1937 πειθηνίοις
634 1873 760 1941 αὐτῷ
798 1870 1023 1938 γεγονόσι
1063 1871 1330 1937 προσέσται
1363 1870 1417 1921 τὸ
1457 1872 1696 1939 ὠφελοῦν,

41 1975 90 2001 20
111 1955 450 2018 ὑποδείκνυσιν,
475 1956 661 2021 ἐπείπερ
697 1956 800 2005 ἐστὶ
834 1953 954 2005 κατὰ
988 1953 1138 2022 φύσιν
1165 1952 1343 2019 ἀγαθὸς
1369 1954 1445 2003 καὶ
1473 1958 1500 1981 “
1519 1951 1700 2006 πάντας
1761 1947 1867 2031 ζΤὺΠ
1892 1947 1923 1976 ἦ·

110 2044 137 2067 “
163 2036 438 2103 ἀνθρώπους
488 2035 616 2088 θέλει
668 2039 882 2100 σωθῆναι
933 2036 1009 2086 καὶ
1059 2039 1122 2089 εἷς
1174 2035 1430 2101 ἐπίγνωσιν
1480 2034 1700 2098 ἀληθείας

109 2126 138 2149 “
162 2119 362 2170 ε’λθεῖν.”
405 2118 560 2183 ἐπειδὴ
588 2118 636 2169 δὲ
670 2117 769 2186 ᾔδει
802 2117 951 2170 πάλιν
978 2119 1286 2183 ἀντεροῦντας
1313 2118 1374 2170 ὡς
1399 2115 1535 2178 Θεὸς,
1562 2116 1701 2167 εἰκόνι

107 2199 402 2267 πραγμάτων
447 2199 727 2270 ἀρχαιοτέρα
770 2197 1154 2251 συναναπλάττει
1199 2197 1282 2249 τὸν
1324 2196 1488 2263 λόγον,
1528 2200 1604 2248 καὶ
1649 2199 1701 2251 ,ἐκ

107 2286 203 2334 τῶν
235 2287 330 2336 τοῖς
363 2281 614 2349 προγόνοις
648 2281 1038 2346 συμβεβηκότων,
1067 2280 1136 2331 ὅτι
1170 2279 1288 2346 πρὸς
1322 2282 1512 2343 πολλῆς
1546 2280 1701 2334 αὐτοῖς

40 2376 88 2415 25
108 2365 337 2434 ὠφελείας
371 2363 619 2430 γενήσεται
653 2363 707 2415 τὸ
746 2365 1020 2414 ἀκολουθεῖν
1055 2361 1232 2413 ἐθέλειν
1267 2362 1408 2430 αὐτῷ,
1443 2360 1700 2427 διαγορεύει

107 2451 296 2516 σαφῶς.
355 2446 618 2513 γέγραπται
656 2446 810 2497 τοίνυν
849 2448 955 2512 περὶ
993 2449 1088 2496 τῶν
1126 2445 1182 2513 ἐξ
1215 2443 1432 2509 Ἰσραὴλ,
1469 2445 1540 2494 ὅτι
1577 2446 1738 2494 “Kaio
1759 2436 1874 2509 {EQ-vn.

107 2536 136 2559 ‘⁶
161 2528 409 2595 ὡδήγησεν
444 2527 610 2582 αὐτοῦς
650 2530 698 2579 ἐν
734 2526 912 2597 νεφέλῃ
951 2526 1138 2593 ἡμέρας,
1172 2527 1248 2576 καὶ
1287 2525 1406 2590 ὅλην
1436 2524 1523 2589 τὴν
1555 2524 1699 2576 νύκτα
1764 2532 1811 2562 ¹4·

713 2611 723 2627 ἱ

108 2616 136 2640 ‘c
172 2612 182 2626 9
465 2614 486 2623 Α
641 2610 651 2625 Ῑ
699 2611 709 2627 9
783 2610 805 2627 (Ι
949 2609 961 2626 ἲ
1080 2606 1092 2622 x
1323 2612 1342 2621 Α
1561 2606 1573 2621 Ι

160 2634 209 2662 εν
251 2614 488 2680 φωτισμῳ
530 2633 695 2677 πυρος.
781 2633 857 2662 οτε
903 2632 998 2675 γαρ
1042 2631 1127 2672 την
1166 2615 1396 2659 πλατειαν
1438 2607 1699 2673 διεβαδιζον

159 2778 190 2802 2.
216 2768 254 2801 τὸ
272 2768 348 2812 φῶς
364 2771 588 2812 assumptum
607 2779 649 2802 ex
667 2767 744 2802 B.a.
915 2779 948 2809 4.
975 2766 1028 2799 καὶ
1045 2776 1107 2809 pro
1125 2766 1143 2798 ὁ
1161 2776 1191 2799 a.
1363 2776 1396 2808 9.
1422 2762 1650 2807 βλασφημίας
1667 2775 1698 2797 a.

113 2825 167 2849 11.
193 2816 296 2858 μόνον
313 2826 344 2849 a.
409 2817 468 2849 τοῦ
488 2813 592 2859 Θεοῦ]
614 2815 700 2848 Θεὸν
717 2826 747 2849 a.
871 2825 923 2847 12.
951 2813 1119 2856 δηλοῦμεν
1136 2823 1167 2846 a.
1187 2810 1264 2844 Cat.
1285 2810 1385 2844 Harl.
1405 2809 1613 2854 δηλούμενον
1630 2808 1698 2844 Ed.

113 2870 167 2906 17.
194 2864 297 2907 ἤγουν
313 2863 386 2897 ταῖς
403 2861 598 2895 emendavi.
617 2861 775 2906 ἥγουνταὶ
796 2860 836 2894 Β.
855 2860 1013 2905 ἡγοῦνται
1033 2858 1151 2892 Holst.
1170 2857 1188 2901 ἢ
1207 2859 1279 2892 ταῖς
1297 2869 1326 2890 a.
1348 2857 1414 2891 Ed.
1547 2867 1599 2901 19.
1625 2871 1699 2890 πει-

110 2907 236 2952 θηνίοις
255 2908 298 2943 Β.
317 2908 381 2942 Ht.
400 2908 569 2943 πειθανοῖς
587 2908 681 2942 Aub.
746 2908 956 2951 πειθομένοις
973 2906 1086 2940 αὐτοῖς
1104 2917 1165 2949 pro
1183 2904 1365 2947 πειθηνίοις
1383 2904 1471 2948 αὐτῷ
1489 2904 1648 2947 γεγονόσι
1667 2914 1697 2937 a.

109 2954 239 3000 ὄφελος
256 2966 288 2989 a.

0 3006 3 3126 ἱ
167 3022 258 3050 vol..
283 3023 312 3050 1.
859 3023 885 3060 4
910 3021 929 3047 ϊ
