2084 3317
354 161 440 200 416
758 163 808 204 B.
841 164 1116 205 CYRILLI
1157 163 1535 205 ALEXANDR.
1586 200 1589 204 .
1798 161 1852 202 vi.
1879 173 1939 199 11.

293 337 535 389 ΙΙἜλαβεν
575 337 648 382 οὖν
688 341 786 382 τοὺς
829 342 986 399 ἄρτους
1030 344 1053 384 ὁ
1087 343 1254 384 ἸΗσοῦε
1299 342 1367 383 καὶ
1410 341 1719 399 εὐχαριστήσας
1762 339 1944 382 διέδωκε

422 419 511 463 τοῖο
560 423 873 473 ἀνακειμένοις·
934 424 1096 474 ὁμοίως
1150 425 1196 466 δὲ
1246 425 1315 466 καὶ
1363 426 1410 467 ἐκ
1463 425 1549 467 τῶν
1598 423 1796 481 ὀψαρίων
1843 423 1945 464 ὅσον

424 504 592 549 ἤθελον.

431 614 724 680 Εὐχαριστεῖ
756 613 841 677 μὲν
877 619 939 668 εἰς
977 616 1126 666 τύπον
1163 615 1396 683 ἡμέτερον,
1423 618 1499 667 καὶ
1538 618 1621 679 τῆς
1659 613 1947 682 ὀφειλούσης·

311 701 338 741 b
357 693 465 756 ἡμῖν
490 695 764 763 ἐνυπάρχειν
791 696 1036 758 εὐλαβείας
1065 697 1388 764 ὑπογραμμόν.
1433 697 1683 761 ἀνατίθησι
1710 695 1758 746 δὲ
1784 694 1944 756 πάλιν,
1966 715 1988 753 5

357 776 418 828 ὡς
454 774 715 842 ἅνθρωπος,
742 781 800 845 τῇ
828 779 929 847 θείᾳ
964 777 1106 846 φύσει
1142 779 1226 843 τὴν
1253 782 1325 831 ἐπὶ
1354 784 1419 849 τῷ
1445 777 1702 846 παραδόξῳ
1730 777 1942 838 δύναμιν.

357 857 645 908 κατείθισται
684 858 778 925 γάρ
816 883 916 914 πως
955 861 1089 914 οὗτος
1130 862 1154 912 ὁ
1194 860 1368 926 τρόπος
1406 863 1546 930 αὐτῷ,
1574 862 1649 910 καὶ
1683 862 1948 926 ὠφελοῦντι

354 938 473 1004 πρὸς
519 941 831 1007 ὑπογραμμὸν
875 943 1135 1006 εὐλαβείας,
1175 943 1387 1009 καθάπερ
1427 942 1688 1009 εἰρήκαμεν,
1728 940 1835 994 τοὺς
1873 942 1944 1009 ἐφ’

355 1020 422 1074 οἶς
470 1023 724 1090 ἀναδειχθῇ
769 1028 863 1074 τῶν
902 1024 1181 1076 καλλίστων
1222 1024 1489 1090 εἰσηγητὴς,
1529 1026 1605 1075 καὶ
1649 1027 1950 1087 οἰκονομικῶς

355 1103 734 1170 κατακρύπτοντί
755 1129 856 1158 πως
884 1106 948 1156 ε”τι
977 1105 1030 1156 τὸ
1058 1106 1310 1174 θεοπρεπὲς
1336 1107 1535 1175 ἀξίωμα,
1563 1109 1674 1172 πρὶν
1702 1106 1950 1168 ἐπιστῆναι

355 1191 438 1236 τοῦ
467 1190 635 1237 παθεῖν
660 1186 744 1238 τὸν
770 1187 949 1253 καιρόν·
993 1188 1051 1253 ἧν
1084 1188 1178 1256 γὰρ
1214 1188 1270 1253 δὴ
1307 1191 1383 1240 καὶ
1423 1188 1497 1240 διὰ
1537 1189 1786 1257 φροντίδος
1825 1188 1951 1256 αὐτῷ

1973 1124 2020 1148 10

1976 1947 2025 1973 20

132 1275 257 1358 ξξξῑέο
357 1266 411 1318 τὸ
439 1271 600 1319 λαθεῖν
627 1270 895 1335 ἐπείγεσθαι
922 1269 1005 1320 τὸν
1030 1271 1238 1338 ἄρχοντα
1263 1276 1346 1321 τοῦ
1373 1275 1538 1324 αἰῶνος
1563 1269 1747 1320 τούτου.
1804 1267 1951 1318 διάτοι

192 1343 198 1349 ”
260 1343 266 1348 ”
319 1355 497 1402 οτοῦτο
530 1353 604 1401 καὶ
638 1352 687 1401 ἐν
720 1351 890 1417 ἑτέροις
925 1352 1008 1406 τὰς
1042 1353 1127 1416 μὲν
1150 1354 1415 1420 ἀνθρώποις
1450 1351 1728 1419 πρεπούσας
1751 1373 1948 1418 σχημα-

357 1429 525 1496 τίζεται
585 1431 761 1500 φωνὰς,
814 1436 877 1488 ὡς
932 1434 1196 1501 ἄνθρωπος’
1264 1434 1506 1501 θεραπεύει
1555 1433 1603 1484 δὲ
1659 1432 1808 1485 πάλιν
1857 1436 1952 1483 τῶν

358 1513 666 1578 ἀκροωμένων
705 1514 788 1566 τὸν
827 1522 950 1579 νοῦν,
978 1517 1270 1585 σοφωτάτην
1305 1517 1413 1569 ἐσθ’
1441 1516 1517 1567 ότε
1555 1514 1828 1578 ποιούμενος
1867 1513 1952 1579 τὴν

133 1605 228 1679 {¹1¹er
359 1595 627 1693 ἐπαγωγὴν,
660 1599 721 1652 ὡς
760 1599 809 1649 ἐν
846 1603 913 1668 τῷ
953 1606 979 1628 “
1001 1598 1177 1666 Πατερ,
1210 1601 1476 1667 εὐχαριστῶ
1515 1621 1595 1649 σοι
1635 1620 1707 1648 οτι
1743 1595 1952 1662 ἤκουσάς

136 1674 143 1679 ⁴
172 1659 244 1688 ⁴4⁵
360 1683 387 1706 ‘⁶
412 1677 551 1741 μου.”
603 1680 735 1748 ὁρᾷς,
767 1679 893 1734 ὅπως
932 1681 1338 1748 ἀνθρωποπρεπὴς
1374 1683 1398 1732 ὁ
1438 1681 1597 1746 λόγος,
1626 1703 1702 1730 και
1739 1677 1825 1742 τὴν
1859 1682 1953 1730 τῶν

359 1759 695 1827 ἀκεραιοτερων
721 1761 929 1813 διανοιαν
955 1761 1210 1832 ἐκταράξαι
1245 1763 1530 1827 δυναμενος’
1519 1804 1530 1824 ,
1572 1760 1684 1813 ἀλλ’
1713 1783 1789 1812 οτε
1814 1757 1953 1812 τοῦτό

361 1844 526 1909 φησιν,
567 1845 629 1895 ὡς
667 1843 928 1909 ἄνθρωπος,
967 1844 1073 1896 τότε
1114 1844 1170 1910 δὴ
1210 1844 1358 1897 πάλιν
1397 1844 1530 1899 εὐθὺς
1571 1847 1653 1908 τῆς
1692 1843 1954 1907 οἰκονομίας·
2001 1837 2014 1843 ἡ

360 1923 594 1991 ἐξηγεῖται
627 1924 710 1975 τὸν
737 1926 934 1991 τρόπον,
970 1929 1044 1977 καὶ
1081 1926 1164 1978 τὸν
1190 1929 1263 1978 ἐπὶ
1299 1932 1366 1997 τῷ
1402 1926 1668 1988 βούλεσθαι
1703 1924 1954 1977 λανθάνειν

315 2015 342 2055 d
362 2004 560 2069 σκοπὸν,
588 2006 763 2072 ἄριστα
801 2007 857 2072 δὴ
885 2010 994 2059 λίαν
1021 2012 1279 2072 οἰκονομῶν
1305 2011 1380 2060 καὶ
1414 2008 1711 2076 ἀνατειχίζων
1736 2014 1951 2073 παραλε-

138 2095 255 2135 lb·42·
363 2088 564 2151 λυμένον
602 2093 696 2140 τῶν
735 2089 1077 2157 ἁπλουστέρων
1112 2090 1194 2142 τὸν
1230 2097 1356 2142 νοῦν.
1416 2098 1442 2121 “
1468 2089 1599 2156 Ἐγὼ
1639 2088 1731 2156 γὰρ
1777 2087 1951 2158 ᾕδειν,”

362 2172 532 2238 φησὶν,
560 2177 588 2199 “
615 2169 685 2221 ὅτι
715 2171 920 2223 πάντοτέ
953 2196 1043 2236 μου
1070 2173 1295 2227 ἀκούεις.”
1348 2174 1473 2227 τίνος
1499 2173 1580 2224 οὖν
1607 2172 1738 2223 ἕνεκα
1764 2177 1956 2222 τοιαῦτα

360 2256 525 2305 λαλεῖς
546 2273 558 2314 ;
604 2259 630 2282 “
652 2252 748 2303 Διά
773 2252 856 2304 τὸν
884 2253 1033 2321 ὄχλον
1060 2255 1143 2305 τὸν
1169 2260 1464 2321 περιεστῶτα
1493 2253 1637 2317 εἶπον,
1661 2254 1737 2305 ἵνα
1761 2252 1954 2305 πιστεύ-

359 2341 386 2363 “
413 2357 557 2396 σωσι,
599 2338 764 2402 φησὶν,
807 2335 878 2386 ὅτι
924 2335 990 2387 σύ
1033 2359 1090 2399 με
1134 2338 1461 2391 ἀπε’στειλας.”
1528 2335 1600 2404 ἆρ’
1645 2337 1726 2387 οὖν
1771 2336 1853 2386 οὐκ
1897 2334 1955 2386 ἂν

358 2416 540 2481 γένοιτο
576 2415 652 2468 διὰ
687 2417 867 2469 τούτων
898 2418 1178 2488 καταφανὲς,
1207 2420 1277 2470 ὅτι
1317 2420 1631 2486 πολυτρόπως
1670 2420 1790 2483 ἡμᾶς
1828 2421 1952 2482 ὠφε-

359 2502 473 2561 λῶν,
507 2501 583 2549 καὶ
622 2498 705 2551 τὸν
739 2500 1055 2567 κεκρυμμένον
1089 2504 1171 2566 τῆς
1211 2501 1327 2564 μετὰ
1366 2501 1546 2569 σαρκὸς
1585 2501 1863 2564 οἰκονομίας,
1894 2503 1956 2554 ὡς

358 2579 417 2631 ἂν
442 2581 568 2650 αὐτῷ
599 2581 783 2648 πρέποι,
810 2581 1009 2633 διανύων
1040 2582 1239 2645 σκοπὸν,
1264 2583 1569 2650 ταπεινότερα
1603 2606 1718 2646 πως,
1745 2581 1773 2647 ἢ
1809 2583 1857 2632 ἐν
1888 2580 1958 2635 οἷς

360 2664 492 2713 ἐστιν
518 2665 724 2727 άληθῶς,
751 2663 860 2715 ἔσθ’
891 2663 966 2715 ὅτε
993 2670 1164 2727 λαλεῖς
1210 2668 1271 2718 ὡς
1311 2667 1391 2716 οὖν
1419 2668 1466 2717 ἐν
1501 2667 1687 2719 ἐκείνοις
1726 2669 1954 2728 οἰκονομι-

410 2830 440 2853 2.
468 2819 554 2866 τοῖς]
579 2825 615 2861 -f-
634 2821 807 2864 μαθηταῖς,
835 2823 866 2856 οἱ
892 2823 928 2856 δε
953 2822 1097 2865 μαθηται
1123 2825 1193 2858 τοῖς
1212 2823 1278 2857 Ed.
1298 2824 1408 2858 invito
1430 2823 1574 2857 Β.δέ
1602 2828 1824 2867 assumptum
1851 2833 1893 2855 ex
1914 2821 1956 2855 B.

362 2865 394 2900 6.
421 2867 459 2900 τὸ
476 2867 671 2911 παράδοξον
692 2868 732 2902 Β.
943 2870 977 2904 8.
1003 2868 1097 2915 τοὺς]
1117 2884 1177 2903 του
1197 2870 1240 2904 Β.
1460 2881 1511 2904 10.
1539 2870 1587 2904 ἔτι
1606 2874 1826 2913 assumptum
1846 2879 1887 2901 ex
1907 2868 1954 2902 D.

360 2912 450 2955 πλὴν
468 2925 628 2994 ρῐὲἀπριν
648 2914 690 2949 Β
840 2916 895 2951 28.
922 2916 1003 2951 αυτὸ
1021 2917 1160 2962 πρέπων
1179 2917 1220 2950 Β.
1288 2918 1331 2953 ὡς
1350 2929 1412 2961 plo
1431 2916 1448 2960 ἢ
1470 2916 1511 2951 Β.
1674 2927 1729 2960 29.
1755 2913 1892 2950 ἐκείνοις
1911 2914 1954 2948 Β.

362 2958 476 3005 ἐκείνῳ
