2084 3317
130 159 201 201 vii.
224 174 287 216 13.
369 162 445 204 IN
487 165 528 206 S.
563 166 899 209 JOANNEM.
961 169 1086 210 LIB.
1120 170 1198 211 IV.
1261 171 1396 212 CAP.
1420 172 1473 212 V.
1634 173 1717 214 597

129 269 203 319 ἐπὶ
236 270 426 327 ταύταις
460 275 615 326 αὐτῶν
641 282 742 332 ταῖς
767 281 1022 346 λοιδορίαις
1049 281 1344 347 ἐγκλήματα·
1383 289 1410 314 “
1432 284 1557 335 Οὐαὶ
1569 284 1594 301 ”
1622 283 1717 350 γάρ
1780 286 1932 370 {3³⁸²st-

129 353 281 417 φησιν
322 360 348 383 “
375 355 542 418 αὐτοῖς,
582 357 653 409 ὅτι
692 361 1005 427 (ἐπεπήδησαν
1042 363 1122 415 ἀπ’
1159 365 1288 428 ἐμοῦ·
1345 366 1543 416 δείλαιοί
1575 370 1713 430 εἰσιν,

128 438 156 460 “
181 432 252 483 ὅτι
282 434 535 500 ἠσέβησαν
561 443 624 494 εἷς
658 442 752 505 ε’μέ·
793 442 886 509 ἐγὼ
921 443 969 495 δὲ
1003 445 1352 512 ἐλυτρωσάμην
1378 446 1558 512 αὐτοὺς,
1584 449 1717 500 αὐτοὶ

1015 528 1082 544 ⁶„

128 520 154 543 ‘⁶
180 514 228 565 δὲ
253 518 590 584 κατελάλησαν
616 524 715 574 κατ’
743 526 855 588 ἐμοῦ
881 528 1050 595 ψεύδη.

82 699 105 738 5
149 702 301 747 Οὐδεὶς
337 706 482 755 μέντοι
519 709 564 751 ἐν
602 711 819 772 ΠαῤῥΗσίᾳ
855 714 1001 756 ἐλάλει
1038 715 1135 774 περὶ
1173 716 1303 759 αὑτοῦ
1342 717 1410 760 διὰ
1448 718 1521 762 τὸν
1559 722 1692 775 φόβον
1739 730 1785 767 13

739 801 826 843 τῶν
857 802 867 815 ’
881 803 1096 846 Ιουὸαίων.

196 901 284 952 Ἐν
320 907 416 957 τοῖς
448 905 688 961 Ἰουδαίοις
727 910 753 959 ὁ
791 912 1087 977 γογγυσμὸς,
1122 916 1199 965 καὶ
1238 912 1315 967 δια
1352 915 1420 968 τὶν
1459 918 1597 986 φὸβον
1634 918 1755 970 τῶνε
1780 932 1872 967 408
1887 932 1938 967 A·

122 980 349 1047 Ἰουδαίων,
378 986 542 1038 οὐδένα
569 988 807 1041 δύνασθαί
827 996 979 1060 φησιν
1005 995 1043 1046 ἐν
1069 999 1291 1068 παρ’ῥησ-ία
1317 1003 1500 1050 λαλεῖν.
1547 1001 1716 1052 οὐκοῦν

120 1063 364 1131 ἐξαιρέτως
390 1066 630 1124 Ἰουδαίους
656 1071 866 1139 ὀνομάζει
893 1074 1000 1129 τοὺς
1026 1081 1120 1127 τῶν
1145 1079 1385 1131 Ἰουδαίων
1412 1080 1714 1149 ἐξάρχοντας,

53 1163 100 1188 10
121 1146 203 1196 οὐκ
241 1147 470 1216 ἀξιώσας,
505 1150 567 1205 ὤς
605 1175 661 1218 γε
699 1177 779 1216 μοι
818 1157 1047 1225 φαίνεται,
1078 1161 1430 1228 πρεσβυτέρους
1469 1163 1649 1227 αὐτοὺς,
1683 1164 1712 1230 ἢ

119 1228 278 1293 ἱερέας,
319 1228 347 1295 ἢ
392 1231 550 1299 ἕτερόν
590 1257 635 1285 τι
673 1244 948 1302 προσειπεῖν
987 1244 1082 1291 τῶν
1121 1243 1345 1294 τοιούτων
1384 1245 1409 1295 ὁ
1454 1246 1711 1301 θεσπέσιος

119 1310 498 1378 Εὑαγγελιστὴς,
526 1313 654 1386 ζήλῳ
679 1322 746 1386 τῷ
770 1318 890 1386 πρὸς
925 1322 1169 1382 εὐσέβειαν
1194 1323 1313 1391 πρὸς
1343 1325 1430 1390 τὴν
1456 1328 1525 1379 ἐπ’
1555 1329 1711 1382 αὐτοῖς

118 1391 278 1455 λύπην
303 1394 601 1461 ἠκονημένος,
628 1398 709 1453 οὓς
741 1399 798 1465 δὴ
828 1404 904 1453 καὶ
940 1403 1142 1467 εἰκότως,
1169 1408 1231 1460 ὡς
1257 1406 1340 1458 τὸν
1364 1407 1533 1473 νοητὸν
1558 1433 1704 1461 κατα-

118 1473 398 1541 φθείροντας
440 1479 714 1545 ἀμπελῶνα,
751 1489 1042 1537 καταιτιᾶται
1088 1487 1245 1553 λέγων
1283 1490 1332 1539 ἐν
1369 1490 1638 1559 προφήταις
1683 1494 1708 1544 ὁ

51 1565 96 1603 Ῑ5
118 1555 238 1609 Θεός
283 1559 555 1621 ίίΠοιμένες
602 1567 780 1614 πολλοὶ
831 1566 1098 1635 διέφθειραν
1148 1568 1231 1620 τὸν
1282 1573 1543 1634 ἀμπελῶνα
1592 1597 1702 1638 μου,
1724 1572 1932 1654 ῂξῖοἱὶθζῇῆ·

115 1643 142 1666 “
169 1636 402 1701 ἐμόλυναν
434 1641 520 1706 τὴν
549 1645 713 1710 μερίδα
749 1669 855 1710 μου,
883 1648 1060 1701 ἔδωκαν
1091 1652 1256 1718 μερίδα
1294 1654 1584 1719 ἐπιθυμητήν
1614 1680 1706 1720 μου

113 1725 141 1747 “
166 1724 229 1773 εἷς
280 1721 453 1787 ἔρημον
497 1724 691 1790 ἄβατον,
738 1728 934 1795 ἐγενήθη
984 1734 1047 1786 εἷς
1099 1735 1376 1802 ἀφανισμὸν
1419 1738 1689 1792 ἀπωλείας.’

112 1805 213 1854 πῶς
251 1801 343 1868 γὰρ
383 1806 465 1856 οὐκ
503 1807 762 1871 οἰησόμεθα
801 1812 1125 1880 κατεφθάρθαι
1163 1815 1262 1866 κατ’
1291 1816 1518 1881 ἀλήθειαν
1551 1821 1702 1884 ἀμπε-

112 1887 245 1934 λῶνα
282 1884 365 1935 τὸν
403 1888 687 1941 δεσποτικὸν
725 1897 826 1946 ταῖς
864 1894 1041 1946 ἑαυτῶν
1078 1897 1363 1964 βδελυρίαις,
1404 1899 1479 1951 ὅτε
1526 1903 1602 1952 καὶ
1651 1902 1703 1953 τὸ

1693 1740 1704 1756 )

43 1983 93 2008 20
111 1971 347 2017 συνειπεῖν
373 1972 439 2037 τῷ
472 1971 636 2035 ἀγαθῶ
669 1975 745 2024 καὶ
772 1975 1015 2039 θαυμάσαι
1041 1977 1188 2042 μόνον
1214 1979 1269 2030 τὸ
1301 1980 1540 2045 θαύματος
1566 1984 1702 2053 ἄξιον

109 2048 374 2115 ἐπισφαλὲς
415 2051 742 2117 ἀπεδείκνυον,
804 2058 1153 2126 φορτικωτέραν
1195 2061 1244 2112 δὲ
1289 2061 1361 2113 ὅτι
1407 2068 1505 2119 τοῖς
1552 2066 1695 2131 ἡγου-

107 2128 261 2193 μένοις
301 2136 396 2182 τῶν
435 2132 674 2186 Ἰουδαίων
715 2136 802 2201 τὴν
842 2138 1047 2192 κόλασιν
1088 2143 1396 2210 ἀπεργάζεται
1440 2145 1559 2210 μετὰ
1604 2153 1700 2198 τῶν

108 2211 276 2263 ἄλλων
301 2215 377 2264 καὶ
403 2221 555 2279 τοῦτο,
584 2217 673 2268 τίνι
705 2224 800 2270 τῶν
826 2222 876 2272 εὖ
911 2223 1215 2290 φρονούντων
1242 2228 1519 2294 ἀμφίβολον
1543 2250 1554 2290 3
1600 2229 1697 2282 ἰδοὺ
1715 2248 1738 2276 0

108 2292 202 2359 γὰρ
226 2293 338 2357 ἰδοῦ,
366 2296 490 2347 δέδιέ
509 2320 558 2348 τε
586 2301 661 2350 καὶ
687 2304 990 2372 καταφρίττει
1020 2306 1105 2369 μὲν
1131 2307 1254 2361 ἅπας
1291 2308 1457 2364 αὐτοὺς
1495 2311 1521 2360 ὃ
1556 2311 1693 2375 λαὸς,

40 2396 87 2434 25
106 2376 160 2426 οὐ
185 2379 555 2444 παιδαγωγεῖται
580 2380 629 2431 δὲ
656 2382 776 2433 κατὰ
802 2385 960 2449 νόμον,
986 2389 1096 2438 ἀλλ’
1125 2389 1230 2440 οὐδὲ
1261 2390 1349 2456 ζῆν
1375 2391 1697 2445 ἐκδιδάσκεται

105 2456 225 2508 κατὰ
251 2458 402 2524 λόγον
426 2460 509 2511 τὸν
531 2461 783 2528 πρέποντα,
808 2468 955 2518 καίτοι
984 2472 1060 2520 καὶ
1085 2472 1219 2533 μάλα
1244 2472 1499 2539 προθύμως
1524 2474 1696 2543 οἷσπερ

105 2537 163 2589 ἂν
204 2540 469 2609 ἐπιτάξειαν
516 2545 824 2609 ὑποκείμενος.
895 2551 1134 2620 ἀπόδειξις
1179 2553 1272 2619 γὰρ
1313 2557 1396 2618 τῆς
1441 2560 1504 2610 εἷς
1549 2558 1695 2624 ἄκρον

105 2622 343 2688 ὑποταγῆς
382 2624 407 2673 ὁ
447 2624 617 2692 φόβος·
659 2636 947 2696 παρανομεῖν
979 2640 1244 2701 τοιγαροῦν,
1275 2634 1304 2700 ἢ
1344 2635 1399 2688 τὸ
1436 2642 1504 2708 τῷ
1545 2662 1687 2704 νομο-

149 2786 182 2822 5.
209 2777 285 2823 περὶ
306 2778 347 2813 Β.
365 2779 449 2825 ὑπὲρ
468 2780 535 2815 Ed.
746 2797 799 2820 10.
825 2786 844 2831 ἢ
862 2799 933 2822 om.
953 2788 995 2822 B.
1213 2802 1265 2825 11.
1292 2791 1310 2835 ἦ
1330 2791 1463 2839 ἕτερόν]
1482 2793 1628 2841 ὕστερόν
1647 2797 1689 2832 Β.

106 2835 159 2866 14.
186 2826 204 2858 ὁ
222 2832 447 2871 assumptum
465 2839 506 2862 ex
525 2828 566 2862 Β.
786 2843 838 2876 15.
865 2835 923 2869 τὸν
940 2835 1123 2879 ἀμπελῶνά
1140 2836 1222 2882 μου]
1242 2838 1302 2881 τὴν
1318 2840 1462 2884 ποίμνην
1478 2856 1543 2885 μου
1561 2844 1615 2877 καὶ
1632 2845 1691 2879 τὸν

623 2885 682 2902 &TN-²)

102 2903 281 2948 ἀμπελῶνά
299 2922 364 2949 μου
384 2907 424 2941 Β.
540 2919 592 2954 17.
619 2911 775 2951 ἀμελείας
796 2913 836 2947 Β.
954 2926 1006 2960 19.
1033 2917 1159 2950 ἑαυτῶν
1179 2917 1220 2951 Β.
1239 2918 1349 2953 αὐτῶν
1366 2919 1434 2954 Ed.
1499 2922 1538 2955 τὸ
1556 2933 1626 2958 om.
1647 2923 1688 2957 B.

104 2973 158 2997 21.
186 2963 236 2997 ὅτι
256 2976 324 2998 orn.
349 2965 388 2999 B.
533 2979 586 3009 24.
616 2958 705 3002 δέ’διέ
720 2969 772 3014 τε]
794 2971 881 3005 δέδει
901 2972 993 3009 ἐντὸς
1014 2973 1054 3007 Β.
1121 2974 1207 3010 ἅπας
1225 2984 1447 3022 assumptum
1467 2990 1506 3013 ex
1528 2979 1569 3013 Β.
