2021 3296
137 138 164 181 i.
188 150 226 181 2.
383 138 458 180 IN
501 140 543 180 S.
575 137 913 181 JOANNEM.
976 137 1102 178 LIB.
1135 137 1171 178 Ι.
1233 136 1368 177 CAP.
1402 136 1480 177 IV.
1671 138 1723 176 55

134 243 201 309 μὴ
239 243 373 299 ὄντος
410 244 554 309 τινὸς,
585 247 638 298 οὗ
677 244 824 312 λόγος
862 245 1024 307 ἐστίν;
1077 243 1209 295 ἀλλὰ
1246 249 1386 295 τοῦτο
1425 243 1621 294 ἄτοπον·
1674 244 1728 293 οὐ

135 324 228 393 γὰρ
266 326 401 378 ἔσται
437 326 554 379 ποτὲ
593 333 677 380 τοῦ
715 325 781 392 μὴ
820 325 935 378 εἶναι
974 325 1157 390 δεκτικὴ
1192 326 1220 390 ἡ
1256 324 1356 376 θεία
1387 326 1463 375 καὶ
1497 323 1728 390 ἀκήρατος

135 407 295 476 φύσις,
341 407 445 460 οὐδὲ
494 408 822 478 μεταχωρήσει
872 406 984 460 ποτὲ
1035 411 1097 462 εἷς
1137 407 1298 473 Λόγον
1343 407 1368 457 5
1415 404 1598 472 Πατὴρ,
1641 403 1728 456 κᾶν

135 488 386 554 ὃμοούσιος
424 489 613 560 ὑπάρχῃ
654 489 815 560 Λόγῳ·
877 494 1006 554 μενεῖ
1045 488 1093 541 δὲ
1134 487 1320 555 Πατὴρ,
1359 487 1413 539 οῦ
1455 489 1530 539 καὶ
1569 484 1728 553 Λόγος

91 583 112 622 5
134 572 265 622 ἐστὶν
291 571 316 622 5
341 570 470 626 Υἱός.
1746 572 1773 612 d

207 673 339 703 AAAO.
394 657 453 704 ΕΞ
491 656 667 721 τροπῆς
697 652 889 717 ἁπάσης
920 653 996 704 καὶ
1029 652 1336 706 ἀλλοιώσεως
1375 654 1456 716 τῆς
1491 649 1610 702 κατὰ
1645 649 1728 701 τὸν

133 736 218 799 τῆς
244 735 408 789 οὐσίας
434 733 583 801 λόγον
608 735 635 799 ἡ
662 735 762 787 θεία
789 734 936 804 φύσις
961 735 1258 788 ἁνεπίδεκτος
1291 732 1404 784 εἶναι
1437 731 1723 785 πιστεύεται’

133 820 235 872 πῶς
272 816 354 868 τὸν
391 820 556 868 οἰκεῖον
595 816 760 884 ὥσπερ
799 818 934 886 ἀφεὶς
973 815 1132 878 τόπον,
1160 819 1223 870 εἰς
1261 815 1315 866 τὸ
1355 813 1467 865 εἶναι
1507 812 1663 880 Λόγος
1702 814 1727 864 5

136 897 306 964 Πατὴρ
346 899 696 963 μεταστήσεται
714 920 727 961 3
786 901 962 965 τροπῆς
1002 897 1094 964 γὰρ
1135 897 1269 948 ε”σται
1314 895 1532 959 δεκτικὸς,
1574 897 1636 949 ὡς
1676 894 1733 964 ἐξ

65 1002 114 1029 10
134 979 340 1046 ἀνάγκης
384 985 523 1031 τοῦτο
566 980 745 1043 παθὼν,
788 981 813 1031 5
852 979 992 1034 αὐτὸς
1030 978 1079 1031 δὲ
1118 980 1201 1030 οὐκ
1239 978 1375 1030 ε”σται
1414 977 1479 1042 μὴ
1517 976 1730 1043 τηρήσας

134 1061 249 1128 ὅπερ
274 1060 333 1126 ἧν
359 1061 416 1131 ἐξ
438 1063 602 1129 ἀρχῆς.
655 1065 691 1112 εἰ
718 1061 767 1113 δὲ
792 1067 929 1113 τοῦτο
957 1062 1152 1113 ἄτοπον·
1201 1060 1255 1112 τὸ
1287 1059 1381 1128 γὰρ
1413 1062 1730 1111 ἀλλοιοῦσθαι

133 1145 216 1208 τῆς
254 1144 380 1198 θείας
419 1143 610 1211 φύσεως
648 1148 893 1198 παντελῶς
931 1142 1204 1211 ἀλλότριον·
1260 1144 1343 1194 οὐκ
1383 1165 1475 1210 αρα
1513 1141 1605 1211 ἕξει
1644 1163 1730 1205 την

132 1223 408 1289 μεταβολὴν
441 1222 528 1288 τὴν
565 1228 627 1278 εἰς
654 1225 816 1291 Λόγον
851 1227 876 1276 5
914 1224 1097 1291 Πατὴρ,
1126 1225 1236 1275 ἀλλ’
1268 1224 1403 1276 ἔσται
1439 1222 1609 1290 Πατὴρ
1647 1224 1768 1284 ἀεῖ,0

133 1305 188 1358 τὸ
215 1306 446 1374 ἄτρεπτον
472 1306 592 1375 ε’χων
619 1330 693 1358 και
720 1307 1047 1359 ἀναλλοίωτον
1074 1309 1136 1362 ὡς
1164 1305 1298 1361 Θεός.

68 1483 114 1521 15
492 1468 626 1510 Ἀλλο
657 1469 708 1513 ὣς
737 1470 780 1510 ἐκ
809 1472 878 1510 τοῦ
909 1470 1041 1520 αὐτοῦ,
1073 1472 1366 1523 διηγηματικῶς.

210 1577 334 1629 Θεὸν
361 1574 587 1640 ἀληθινὸν
612 1577 661 1628 ἐκ
688 1580 813 1628 Θεοῦ
842 1576 1034 1643 Πατρός
1060 1578 1288 1641 ἀληθινοῦ
1321 1573 1567 1645 πεφηνότα
1601 1577 1722 1626 δεικ-

136 1658 258 1710 νύων
297 1657 462 1711 ἑαυτὸν
503 1659 528 1710 ὃ
571 1658 847 1725 Μονογενὴς
893 1664 976 1710 τοῦ
1021 1661 1148 1709 Θεοῦ
1188 1658 1345 1724 Λόγος
1389 1680 1440 1708 τε
1485 1658 1561 1707 καὶ
1598 1655 1728 1719 Υἱὸς,

135 1747 163 1770 “
189 1739 370 1804 Πάντα,
399 1741 566 1808 φησὶν,
592 1739 687 1792 ὅσα
721 1740 814 1808 ἔχει
848 1740 872 1791 5
902 1738 1071 1806 Πατὴρ
1106 1739 1194 1804 ἐμά
1229 1740 1399 1790 ἐστιν·”
1449 1739 1559 1789 ἀλλ’
1589 1743 1627 1789 εὶ
1653 1740 1728 1790 καὶ
1789 1749 1882 1808 {nfra
1901 1800 1912 1807 ι

133 1820 326 1874 πάντων
369 1823 473 1873 ἐστὶ
519 1825 614 1873 τῶν
657 1821 855 1873 ἐνόντων
893 1825 959 1892 τῷ
1002 1824 1159 1888 Πατρὶ
1207 1824 1422 1891 φυσικῶς
1466 1818 1728 1884 ἰδιωμάτων
1790 1803 1924 1832 m.10.

67 1926 115 1951 20
135 1903 427 1971 κληρονόμος
454 1905 478 1954 5
505 1902 633 1966 Υἱὸς,
661 1905 724 1958 ὡς
750 1905 804 1973 ἐξ
829 1904 971 1955 αὑτοῦ
995 1902 1114 1954 κατὰ
1139 1903 1288 1973 φύσιν
1316 1902 1554 1971 ὑπάρχων·
1596 1903 1728 1954 ἀλλά

134 2008 189 2052 γε
228 1984 283 2037 τὸ
322 1983 435 2037 εἶναι
478 1984 649 2051 Πατὴρ
687 1986 775 2053 οὐχ
814 1986 906 2055 ἕξει
944 1984 1075 2038 ποτέ·
1126 1987 1201 2036 καὶ
1239 1990 1379 2036 τοῦτο
1416 1983 1510 2051 γὰρ
1549 1984 1597 2036 ἓν
1635 1988 1768 2036 τῶνα
1828 1999 1881 2035 37
1898 1998 1950 2033 A.

134 2067 416 2134 προσόντων
441 2070 508 2137 τῷ
541 2066 801 2135 γεννήτορι·
848 2071 978 2131 μενεῖ
1008 2066 1056 2118 δὲ
1092 2068 1117 2118 5
1144 2065 1259 2121 Υἱὸς
1295 2064 1478 2121 οὐδενὸς
1514 2068 1725 2118 ἀποστε-

135 2148 359 2216 ρούμενος
402 2153 498 2200 τῶν
536 2147 737 2200 ἐνόντων
775 2153 842 2219 τῷ
888 2150 1059 2216 Πατρὶ,
1098 2147 1186 2200 κᾶν
1225 2148 1291 2214 μὴ
1337 2151 1497 2213 νοῆται
1540 2147 1726 2214 Πατὴρ,

134 2230 292 2283 πάντα
322 2229 372 2281 δὲ
405 2230 525 2299 ἔχων
552 2232 600 2281 ἐν
626 2231 775 2301 ἑαυτῷ
809 2231 996 2285 τελείως
1031 2229 1090 2282 τὰ
1124 2233 1206 2294 τῆς
1242 2236 1325 2282 τοῦ
1350 2229 1541 2296 Πατρὸς
1567 2230 1731 2283 οὐσίας

68 2327 116 2366 25
138 2313 231 2365 ’ίδια
270 2313 347 2364 καὶ
384 2312 611 2382 ἐξαίρετα.
677 2311 761 2363 τὸν
795 2312 938 2364 αὐτὸν
969 2312 1026 2375 δὴ
1065 2318 1232 2364 τοῦτον
1266 2317 1516 2379 τοιγαροῦν
1552 2312 1625 2362 καὶ
1665 2320 1730 2379 τῷ

139 2394 387 2464 προσώπῳ
410 2399 493 2445 τοῦ
521 2393 711 2461 Πατρὸς
739 2393 1096 2463 ἐφαρμόσαντες
1124 2392 1284 2460 λόγον,
1310 2394 1467 2445 πάντα
1500 2392 1584 2457 μὲν
1611 2392 1732 2460 ἔχειν

141 2475 283 2528 αὑτὸν
307 2475 368 2528 τὰ
401 2481 485 2528 τοῦ
515 2479 632 2527 Υἱοῦ
668 2480 824 2546 φαμεν
858 2481 1086 2546 φυσικῶς,
1113 2475 1178 2541 μὴ
1213 2475 1306 2541 μὴν
1338 2475 1574 2527 δύνασθαί
1603 2497 1731 2537 ποτε,

141 2560 218 2611 καὶ
257 2563 319 2613 εἷς
358 2558 548 2624 υἱότητα
586 2560 663 2610 καὶ
701 2561 764 2613 εἷς
801 2558 855 2610 τὸ
894 2556 1008 2610 εἶναι
1047 2559 1205 2625 Λόγος
1242 2561 1540 2625 μεταχωρεῖν,
1582 2558 1642 2610 ὡς
1682 2555 1731 2607 δὲ

167 2720 222 2768 3.
248 2723 331 2744 ποτε
349 2710 395 2746 εἷς
411 2711 518 2754 λόγον
534 2709 601 2744 hoc
619 2709 743 2744 ordine
761 2710 804 2744 B.
926 2719 958 2755 7.
985 2710 1105 2746 οὐσίας
1122 2709 1165 2744 Β.
1184 2707 1379 2743 οὐσιὼσεως
1397 2706 1464 2742 Ed.
1584 2707 1617 2741 8.
1642 2705 1729 2752 πῶς]

141 2755 175 2790 τί
194 2756 235 2790 Β.
368 2764 422 2798 15.
449 2757 493 2791 ὧς
512 2755 574 2801 [oo-
593 2756 635 2790 Β.
640 2756 654 2801 ]
675 2763 896 2801 assumptum
915 2768 957 2791 ex
978 2756 1019 2791 Β.
1024 2757 1064 2790 Ε.
1199 2764 1252 2800 17.
1277 2755 1378 2789 αὐτὸν
1396 2753 1439 2787 Β.
1572 2754 1626 2788 18.
1652 2753 1730 2788 ἀλλ’

142 2803 171 2836 εἶ
189 2803 243 2836 καὶ
261 2802 304 2837 Β.
322 2802 413 2836 ἀλλὰ
431 2802 530 2836 καὶΥ
533 2803 604 2837 ecci
622 2803 743 2848 Epigr.
759 2803 826 2838 Ed.
845 2803 873 2837 εἰ
891 2803 927 2837 δέ
947 2802 1071 2837 Const.
1089 2802 1249 2835 Meliten.
1261 2800 1460 2834 Archidiac.
1478 2800 1551 2846 ejus
1571 2799 1612 2834 de
1631 2800 1732 2834 Proc.

145 2848 207 2894 Sp.
227 2848 292 2883 SS.
314 2848 412 2883 Orat.
431 2848 467 2882 ii.
580 2860 635 2884 20.
662 2851 680 2883 ὁ
697 2851 767 2886 υἱὸς
785 2850 829 2885 ὡς
846 2850 878 2883 V
881 2861 995 2884 eccus.
1017 2849 1141 2884 Const.
1163 2848 1275 2883 Melit.
1295 2848 1339 2884 ὡς
1355 2847 1426 2882 υἱὸς
1443 2847 1495 2880 καὶ
1515 2847 1561 2880 D.
1567 2847 1608 2880 E.
1627 2848 1645 2879 ὁ
1662 2847 1733 2881 υἱὸς

143 2897 197 2929 καὶ
213 2895 282 2930 Ed.
449 2904 505 2940 27.
530 2896 643 2940 φαμεν
659 2897 700 2932 τὰ
717 2899 777 2931 τοῦ
794 2897 875 2931 Υἱοῦ
892 2897 1032 2931 inverso
1050 2894 1171 2930 ordine
1191 2894 1232 2929 B.
1401 2893 1456 2928 28.
1483 2894 1535 2928 καὶ
1554 2894 1611 2928 alt.
1615 2892 1666 2939 ]⁴⁴
1650 2908 1668 2936 η
1691 2893 1731 2926 Β

143 2943 248 2987 λόγος
266 2941 407 2977 B.D.E.
425 2943 532 2987 λόγον
549 2942 615 2977 Ed.
