2084 3317
0 2794 8 2953 ι

0 3231 6 3317 ’ἱ

7 3064 15 3275 Ξ

154 146 194 188 ii.
218 160 282 188 11,
412 147 487 187 IN
530 146 572 186 S.
605 144 941 186 JOANNEM.
1005 143 1129 183 LIB.
1164 143 1225 183 ΙΙ.
1288 143 1421 183 CAP.
1455 143 1489 184 Ι.
1660 142 1744 182 203

154 252 268 319 ὅπερ
302 252 359 304 ἂν
390 253 651 315 βούλοιτ-ος
696 250 1084 317 ἀποθαυμάζουσι
1118 251 1167 301 δὲ
1201 251 1288 314 τὴν
1314 253 1488 316 χρῆσιν
1515 251 1576 303 ὡς
1612 250 1739 317 ἐξαί-

152 354 303 401 ρετον·
345 336 400 386 οὐ
425 334 519 401 γὰρ
544 334 601 399 ῆν
628 335 793 400 ἑτέρως
830 334 1035 400 ὁρᾶσθαι
1067 332 1127 384 τὰ
1160 332 1235 383 διὰ
1262 336 1493 399 Χριστοῦ.
1546 335 1746 381 αἰτιᾶται

153 416 201 467 δὲ
245 419 312 468 τὶν
353 420 532 486 νυμφίον
572 423 590 468 ὁ
636 418 973 486 ἀρχιτρίκλινος,
1013 417 1076 469 ὡς
1116 416 1164 465 ἐν
1204 414 1388 483 ὑστέρῳ
1430 419 1514 463 τοῦ
1559 414 1746 463 δείπνου

154 504 300 569 καιρῷ
325 503 608 551 δαπανῶντα
631 497 686 549 τὸ
712 498 916 561 ἄμεινον,
943 498 1026 548 οὐκ
1063 495 1296 565 ἀκόμψως
1330 495 1391 549 ὥς
1425 518 1480 560 γε
1515 517 1592 558 μοι
1629 494 1741 562 φαί-

110 600 132 639 5
154 603 278 633 νεται
304 580 424 633 κατά
448 604 504 646 γε
530 579 612 632 τὸν
636 583 719 644 τῆς
746 581 957 645 ἱστορίας
983 578 1147 645 λόγον.

154 775 323 818 ΤαύτΗν
367 776 569 819 ἑΠοὶΗσεν
610 777 745 834 ἀρχὴν
791 777 876 817 τῶν
922 776 1111 825 σΗμείων
1154 777 1176 818 ὁ
1208 776 1375 817 ἸΗσοῦε
1418 775 1463 816 ἑν
1510 774 1622 831 Κανᾷ
1672 777 1745 813 τῆς

225 858 468 911 Γαλιλαίας,
507 860 575 901 καὶ
615 860 871 917 ἐφανέρωσε
909 859 985 901 τὴν
1024 859 1154 902 δόξαν
1193 860 1335 900 αὐτοῦ·
1388 858 1455 899 καὶ
1495 856 1748 898 ἐπίστευσαν

223 941 283 984 εἰς
317 942 448 986 αὐτὸν
481 942 519 984 οἰ
555 944 743 992 μαθΗταί
776 943 919 987 αὐτοῦ.

1765 577 1792 617 d

1772 789 1813 814 11

233 1073 412 1125 Πολλὰ
449 1074 570 1126 κατὰ
608 1074 779 1125 ταύτὸν
817 1077 1018 1126 ἐτελεῖτο
1056 1075 1115 1125 τὰ
1154 1072 1399 1124 κάλλιστα
1438 1073 1492 1122 δι’
1534 1071 1634 1124 ἑνὸς
1675 1072 1790 1124 mle

87 1177 135 1202 10
155 1155 345 1222 πρώτου
376 1158 589 1221 σημείου.
648 1180 800 1223 γαμος
833 1179 917 1221 μεν
944 1155 1037 1223 γὰρ
1074 1158 1099 1207 ὁ
1136 1156 1286 1219 τίμιος
1322 1153 1548 1220 ἡγιάζετο,
1577 1152 1668 1218 ἀρὰ
1703 1152 1750 1203 δὲ

156 1238 184 1302 ἡ
224 1237 342 1288 κατὰ
381 1262 600 1305 γυναικός
640 1239 971 1290 ἐκποδών·οὐ
1009 1261 1102 1305 γαρ
1143 1240 1191 1288 ἐν
1222 1236 1395 1291 λύπαις
1433 1259 1499 1287 ετι
1537 1235 1751 1303 τέξονται

156 1342 307 1382 τεκνα,
344 1322 418 1372 καὶ
457 1321 602 1385 αὐτὴν
640 1322 773 1385 ἡμῶν
812 1325 894 1386 τῆς
933 1344 1199 1388 γεννησεως
1238 1320 1324 1384 τὴν
1362 1317 1513 1386 ἀρχην
1552 1315 1751 1381 εὐλογή-

155 1424 331 1456 σαντος
351 1408 434 1453 τοῦ
453 1406 684 1470 Χριστοῦ.
727 1405 926 1468 ἡλιακῆς
953 1402 1001 1454 δὲ
1023 1404 1154 1467 δίκην
1176 1405 1361 1456 ἀκτῖνος
1381 1402 1407 1465 ἡ
1429 1406 1511 1451 τοῦ
1534 1402 1753 1464 Σωτῆρος

157 1484 290 1547 ἡμῶν
316 1484 569 1554 ἀνέλαμψε
597 1485 730 1555 δόξα,
757 1488 833 1537 καὶ
859 1485 914 1537 τὸ
945 1485 1099 1552 μεῖζον
1126 1487 1199 1536 ἐπὶ
1234 1483 1416 1537 τούτοις
1450 1487 1753 1543 βεβαιοῦνται

91 1580 137 1620 15
156 1565 277 1632 πρὸς
301 1568 466 1618 πίστιν
493 1568 588 1619 ἀπὸ
614 1575 697 1620 τοῦ
725 1568 975 1635 θαυμάζειν
1002 1571 1042 1619 οἱ
1069 1567 1291 1631 μαθηταί.

232 1731 295 1782 Ὁ
336 1731 421 1796 μὲν
465 1733 547 1783 οὖν
591 1735 674 1795 τῆς
724 1733 935 1800 ἱστορίας
981 1732 1126 1798 λόγος
1179 1733 1228 1782 ἐν
1272 1730 1454 1783 τούτοις
1502 1728 1751 1793 στήσεται·

160 1811 287 1877 οἶμαι
337 1813 385 1864 δὲ
436 1818 530 1866 δεῖν
573 1817 649 1866 καὶ
694 1815 856 1882 ἑτέραν
899 1819 995 1868 τοῖς
1037 1813 1293 1881 εἰρημένοις
1338 1815 1625 1864 ἐπινοεῖσθαι
1669 1811 1755 1875 τὴν

101 1897 103 1899 ’
160 1896 370 1961 θεωρίαν,
414 1899 489 1948 καὶ
529 1898 579 1948 τί
617 1898 671 1949 τὸ
713 1899 921 1948 ἐντεῦθεν
965 1895 1349 1960 ὑποδηλούμενον
1389 1898 1547 1945 εἰπεῖν.
1608 1917 1750 1944 κατα-

160 1977 334 2042 βέβηκε
380 1980 534 2031 τοίνυν
578 1980 636 2049 ἐξ
681 1981 892 2047 οὐρανῶν
931 1981 956 2030 ὁ
997 1985 1080 2030 τοῦ
1124 1982 1249 2029 Θεοῦ
1297 1977 1467 2043 Λόγος,
1509 1979 1570 2029 ὡς
1617 1974 1756 2028 αὐτός

93 2087 141 2112 20
161 2081 254 2110 που
288 2063 453 2129 φησὶν,
479 2062 555 2112 ἵνα
585 2062 670 2126 τὴν
706 2062 957 2129 ἀνθρώπου
995 2061 1144 2129 φύσιν
1181 2059 1385 2128 νυμφίου
1421 2060 1552 2118 δίκην
1583 2062 1755 2108 οἰκειω-

161 2142 367 2206 σάμενος
417 2150 666 2213 κυοφορεΐν
710 2145 943 2212 ἀναπείσῃ
993 2143 1052 2194 τά
1102 2141 1392 2204 πνευματικὰ
1443 2144 1525 2204 τῆς
1578 2140 1756 2209 σοφίας

162 2225 429 2291 σπέρματα.
487 2229 563 2278 καὶ
591 2227 753 2294 νύμφη
778 2226 863 2291 μὲν
889 2226 1077 2279 εἰκότως
1104 2226 1130 2289 ἡ
1155 2224 1462 2291 ἀνθρωπότης
1489 2223 1563 2274 διὰ
1589 2223 1756 2273 τούτου

163 2312 389 2371 καλεῖται,
416 2309 617 2377 νυμφίος
652 2308 700 2359 δὲ
732 2310 757 2359 ὁ
785 2308 968 2375 Σωτὴρ,
995 2310 1044 2358 ἐκ
1078 2312 1174 2359 τῶν
1200 2307 1308 2358 καθ’
1339 2307 1460 2370 ἡμᾶς
1495 2309 1556 2358 εἰς
1590 2304 1756 2368 νόησιν

163 2388 249 2453 τὴν
286 2389 401 2456 ὑπὲρ
439 2390 560 2454 ἡμᾶς
599 2390 934 2455 ἀνατεινούσης
970 2389 1053 2441 τὸν
1087 2388 1234 2455 λόγον
1267 2391 1349 2452 τῆς
1386 2389 1511 2441 θείας
1544 2389 1750 2453 γραφῆς·

94 2489 142 2528 25
165 2477 495 2538 συγκροτεῖται
533 2472 582 2524 δὲ
623 2475 648 2524 ὁ
688 2472 840 2539 γάμος
878 2475 925 2524 ἐν
959 2470 1109 2541 ἡμέρᾳ
1143 2476 1202 2539 τῇ
1237 2471 1383 2538 τρίτῃ,
1417 2468 1675 2527 τουτέστιν,
1708 2469 1756 2517 ἐν

1773 1915 1795 1938 a
1833 1905 1910 1940 137
1927 1904 1980 1939 Α.

165 2554 386 2622 ἐσχάτοις
419 2560 503 2606 τοῦ
536 2554 770 2622 παρόντος
809 2558 975 2609 αἰῶνος
1013 2559 1203 2621 καιροῖς·
1260 2554 1285 2603 ό
1325 2551 1417 2617 γὰρ
1455 2550 1609 2616 τρίτος
1648 2550 1800 2612 ἡμῖνὶ)

166 2636 362 2704 ἀριθμὸς
388 2636 541 2705 ἀρχὴν
567 2638 777 2706 εἰσφέρει
808 2639 884 2688 καὶ
916 2636 1158 2701 μεσότητα
1193 2637 1268 2686 καὶ
1306 2634 1462 2686 τέλος·
1516 2634 1636 2682 οὕτω
1664 2631 1757 2696 γὰρ

214 2776 248 2810 6.
274 2774 432 2821 ἐποίησε]
457 2780 494 2816 4-
514 2776 575 2820 τὴν
593 2776 658 2810 Ed.
677 2776 787 2810 invito
808 2776 849 2810 B.
1016 2775 1050 2809 8.
1078 2775 1145 2808 Vv.
1169 2785 1207 2807 12
1227 2780 1259 2807 et
1282 2785 1321 2817 13
1341 2771 1524 2829 subjungit
1543 2771 1571 2804 l]
1576 2771 1608 2804 d.
1619 2782 1757 2851 2repug-

168 2828 275 2857 nante
294 2822 336 2857 Β.
405 2834 457 2856 ΙΙ.
476 2822 494 2866 ἡ
514 2822 647 2867 κατὰ]
633 2823 726 2866 ηνίκα
743 2838 784 2857 τα
804 2823 845 2856 Β.
898 2822 1023 2856 Statim
1041 2822 1196 2867 γυναικὸς
1216 2820 1256 2854 B.
1275 2823 1440 2863 ’γυναικῶν
1458 2819 1486 2851 Ε
1490 2818 1523 2851 d.
1643 2817 1759 2861 ,ἡμῶν

169 2881 240 2904 om.
261 2869 303 2903 B.
323 2868 383 2903 sed
401 2869 503 2902 hicne
521 2881 565 2902 an
588 2873 652 2912 14?
819 2878 871 2914 17.
898 2870 957 2913 τὴν
975 2874 1196 2912 assumptum
1215 2879 1256 2899 ex
1279 2866 1317 2899 B.
1489 2875 1542 2910 19.
1567 2865 1737 2910 οὐρανοῦ
1729 2876 1760 2898 a.

170 2917 320 2961 οὐρανῶν
336 2915 441 2950 habet
460 2915 566 2950 Cord.
651 2927 706 2950 21.
726 2915 955 2962 κυοφορήσειν
974 2915 1066 2950 Catt.
1151 2925 1205 2947 22.
1225 2912 1338 2955 νύμφη
1356 2911 1433 2957 μέν]
1454 2912 1599 2956 νυμφίος
1617 2911 1697 2954 (sic)
1720 2911 1759 2944 B.

172 2963 225 2996 διὰ
242 2963 364 2997 τούτου
382 2973 451 2996 om.
475 2962 514 2996 B.
585 2973 638 3006 25·
657 2965 695 3006 τῇ
715 2969 938 3007 assumptum
957 2974 997 2996 ex
1020 2962 1060 2994 B.
1115 2960 1245 2993 l.')eest
1239 2971 1272 2992 ln
1294 2960 1321 2992 C
1325 2965 1386 2993 att.
1462 2968 1516 3004 27.
1535 2957 1618 3004 γαρ]
1639 2958 1674 2992 δέ
1697 2958 1736 2992 Β.

907 3016 976 3056 nd
1002 3030 1024 3059 2
