2084 3317
117 188 157 214 v.
184 187 246 229 ¹9·
368 173 443 215 IN
486 173 529 214 S.
562 171 901 215 JOANNEM.
963 172 1088 214 LIB.
1123 172 1183 212 II.
1247 172 1380 215 CAP.
1405 172 1483 213 VI.
1632 173 1717 213 319

190 281 467 347 Ἀπειθήσει
500 281 548 335 δὲ
581 282 699 337 ἰ’σως
734 282 759 333 ὁ
793 285 851 350 τῇ
884 282 1082 351 ἀληθείᾳ
1116 279 1397 350 μαχόμενος,
1424 282 1500 332 καὶ
1530 280 1715 349 τροφὴν

116 361 280 431 ὥσπερ
315 363 420 416 τινὰ
455 367 538 429 τῆς
576 366 742 416 ἑαυτοῦ
775 363 1066 426 δυσβουλίας
1095 362 1344 429 ποιήσεται
1381 361 1436 414 τὸ
1475 361 1714 430 εἰρημένον

162 445 266 512 ἰ’περ
304 445 361 511 ἧν
399 448 448 498 ἐν
486 446 684 513 ἰσότητι,
720 446 892 513 λε’γων,
923 451 1006 498 τοῦ
1040 445 1233 512 Πατρὸς
1269 446 1294 497 ὁ
1331 444 1459 507 Υἱὸς,
1497 444 1715 509 οὐδεμίαν

117 528 365 592 ἀπονέμων
411 531 474 584 ὡς
511 529 570 600 ἐξ
603 530 811 595 ἀνάγκης
850 530 976 598 αὐτῷ
1014 527 1100 593 τὴν
1138 526 1392 596 ὑπεροχὴν,
1432 527 1507 578 διὰ
1543 526 1597 579 τὸ
1632 529 1716 591 τῆς·

74 624 97 663 5
117 611 284 666 οἰκείας
329 611 521 681 φύσεως
564 612 889 677 μειονέκτημα,
932 612 980 663 τί
1021 610 1076 663 τὸ
1119 610 1337 664 πεπεικὸς
1383 610 1530 664 οὕτως
1572 607 1715 661 αὐτὸν

117 695 522 750 ἀκατακαλύπτως
554 698 715 757 εἰπεῖν,
744 694 809 759 μὴ
836 693 1070 745 δύνασθαι
1096 697 1230 746 ποιεῖν
1257 696 1340 762 ἀφ’
1370 694 1522 746 ἑαυτοῦ
1553 692 1712 757 μηδὲν,

117 775 190 828 ἐὰν
214 779 277 846 μή
304 801 341 828 τι
368 777 522 851 βλέπῃ
548 779 616 829 τόν
644 775 825 844 Ποοτέροι
851 778 1084 837 ποιοῧντοις
1126 779 1299 844 σαφῶς
1325 774 1419 842 γὰρ
1445 776 1493 826 ἐν
1518 774 1713 838 τούτοις,
1733 798 1755 823 a
1786 788 1864 824 216
1887 787 1937 822 A.

117 862 282 928 φησὶν,
317 861 545 925 ὁμολογεῖ
576 858 722 924 μηδὲν
761 858 884 912 ὅλως
924 858 982 927 ἐξ
1019 859 1170 911 ἑαυτοῦ
1211 855 1434 909 δύνασθαι
1471 860 1618 920 ποιεῖν,
1652 859 1715 911 ὡς

117 941 247 995 εἰδὼς
283 940 502 1007 δηλονότι
537 940 618 992 τὸν
646 941 817 1005 ἀμείνω
853 941 929 991 καὶ
966 939 1264 1008 ὑπερέχοντα·
1305 938 1369 991 σὺ
1396 938 1445 991 δὲ
1477 940 1535 990 αὖ
1567 938 1715 991 πάλιν

51 1046 98 1072 10
118 1023 226 1088 ἡμῖν
251 1023 548 1093 κατασοφίζῃ
574 1022 657 1074 τὸν
683 1021 848 1089 λόγον.

190 1106 256 1158 Τί
293 1107 374 1157 οὖν
413 1106 533 1172 πρὸς
574 1111 723 1157 ταῦτα
766 1107 841 1156 καὶ
882 1105 991 1172 παρ’
1033 1105 1196 1170 ἡμῶν;
1238 1103 1528 1171 Ἀνδρίζεται
1566 1103 1714 1157 πάλιν

116 1192 178 1243 εἰς
204 1188 477 1258 δυσφημίας
505 1189 529 1239 ὁ
556 1187 894 1256 χριστομάχος,
912 1190 988 1240 καὶ
1014 1188 1199 1253 μεθύων
1219 1187 1276 1257 ἐξ
1299 1189 1605 1242 ἀπαιδευσίας
1631 1189 1715 1240 οὐκ

116 1270 404 1323 αἰσθάνεται,
460 1274 580 1338 χρῆν
606 1269 719 1337 γὰρ,
749 1268 786 1321 ὦ
820 1269 1063 1332 βέλτιστε,
1094 1270 1356 1338 δοκιμάζειν
1383 1272 1589 1336 ἀκριβῶς
1620 1275 1715 1322 τῶν

115 1353 368 1420 εἰρημένων
398 1352 484 1418 τὴν
517 1354 728 1418 δύναμιν,
759 1355 835 1404 καὶ
870 1352 935 1418 μὴ
970 1354 1231 1421 προχείρως
1266 1355 1497 1419 ἐπιπηδᾶν
1531 1359 1626 1408 τοῖς
1660 1354 1719 1422 ἐξ

50 1454 96 1493 15
116 1436 316 1501 ἀμαθίας
352 1437 648 1497 εἰσβαίνουσι
684 1440 955 1501 λογισμοῖς.
1012 1434 1133 1487 κατὰ
1165 1436 1271 1486 τίνα
1304 1434 1398 1502 γὰρ
1429 1434 1606 1502 τρόπον
1631 1439 1713 1501 τῆς
1732 1449 1759 1490 b

117 1519 335 1584 ἰσότητος
370 1522 452 1583 τῆς
488 1517 607 1585 πρὸς
638 1516 720 1570 τὸν
750 1517 942 1584 Πατέρα
967 1517 1288 1585 κατακομίζειν
1314 1518 1395 1569 οἴει
1432 1521 1600 1586 χρῆναι
1632 1517 1716 1570 τὸν

116 1602 247 1665 Υἱὸν,
274 1601 348 1652 διὰ
382 1600 436 1653 τὸ
471 1601 617 1670 φάναι
647 1600 712 1666 μὴ
747 1598 970 1652 δύνασθαι
1009 1604 1143 1652 ποιεῖν
1179 1601 1235 1670 ἐξ
1271 1602 1421 1653 ἑαυτοῦ
1458 1600 1616 1665 μηδὲν,
1644 1600 1716 1653 {Bw

117 1686 181 1754 μή
206 1708 247 1735 τι
274 1684 429 1758 βλέπῃ
456 1685 524 1735 τον
551 1681 735 1754 Ποιτέροο
772 1685 979 1735 ποιοῧντοο
1001 1705 1014 1746 ;
1060 1680 1154 1750 ἆρα
1185 1681 1279 1750 γὰρ
1311 1685 1373 1736 ὡς
1405 1685 1487 1734 οὐκ
1519 1683 1640 1751 ἔχων
1666 1685 1715 1735 ἐν

118 1766 309 1831 δυνάμει
335 1765 389 1818 τὸ
415 1766 522 1817 ’ίσον
548 1765 608 1818 τὰ
633 1764 827 1817 τοιαῦτά
853 1770 990 1834 φησι,
1019 1766 1166 1816 καίτοι
1204 1768 1279 1816 καὶ
1314 1765 1371 1834 ἐξ
1403 1766 1556 1816 αὐτῶν
1582 1765 1713 1817 ε”στιν

50 1871 100 1897 20
118 1853 213 1901 τῶν
247 1849 561 1916 προκειμένων
594 1851 704 1900 ἰδεῖν
741 1852 1082 1899 ἰσοσθενοῦντα
1119 1851 1186 1918 τῷ
1225 1848 1435 1917 φύσαντι
1473 1847 1555 1899 τὸν
1580 1847 1712 1911 Υἰὸν,

118 1932 237 1998 ἥπερ
264 1930 428 1999 ἰσχύος
455 1934 537 1995 τῆς
568 1935 856 1997 θεοπρεποῦς
882 1932 1069 1992 ἐπιδεᾶ;
1111 1931 1164 1982 οὐ
1195 1930 1289 1997 γὰρ
1317 1931 1531 1999 φαίνεται
1557 1930 1715 1997 λε’γων

118 2017 188 2066 Οὐ
222 2011 403 2067 ἀύνοοτοιι
445 2020 463 2067 ὁ
499 2012 597 2070 Tio}
637 2017 770 2065 ποιεῖν
809 2017 890 2083 ἀφ’
921 2015 1072 2066 ἑαυτοῦ
1113 2010 1237 2076 οὐδὲν,
1268 2011 1348 2064 ἐὰν
1387 2011 1451 2077 μὴ
1491 2011 1622 2082 λάβῃ
1660 2013 1714 2065 τὸ

119 2096 352 2149 δύνασθαι
389 2095 520 2163 παρὰ
559 2102 642 2147 τοῦ
684 2096 890 2163 Πατρός·
931 2101 1070 2147 τοῦτο
1108 2094 1203 2162 γὰρ
1247 2093 1305 2160 ἦν
1351 2094 1496 2150 ὅντως
1534 2097 1710 2147 ἀσθεν-
1733 2112 1754 2139 C

118 2185 280 2233 οῦντος
316 2183 475 2231 εἰπεῖν’
521 2180 631 2229 ἀλλ’
662 2179 765 2231 Ἐἒιν
797 2180 860 2248 μή
897 2203 937 2230 τι
976 2178 1133 2252 βλέπῃ
1173 2178 1239 2230 τον
1268 2177 1455 2246 Πατέροι
1494 2180 1711 2230 ποιοῦντα.

51 2276 98 2314 25
120 2260 190 2313 ὅτι
229 2261 277 2313 δὲ
316 2261 391 2313 διὰ
429 2264 512 2326 τῆς
550 2262 744 2325 ὀπτικῆς
778 2260 1050 2326 αἰσθήσεως
1091 2261 1174 2312 οὐκ
1207 2264 1268 2315 εἰς
1303 2260 1356 2312 τὸ
1392 2262 1717 2324 δυναμοῦσθαι

118 2349 324 2408 μᾶλλον,
351 2345 461 2395 ἀλλ’
496 2347 559 2398 εἰς
590 2344 788 2410 θεωρίαν
822 2343 908 2409 τὴν
941 2347 1094 2406 τινῶν,
1131 2346 1383 2394 καλεῖσθαι
1421 2342 1714 2412 πεφύκαμεν,

118 2425 485 2492 ἀντιστατήσειν
524 2424 650 2490 οἶμαι
687 2425 878 2490 μηδένα.
930 2426 1096 2477 οὐκοῦν
1135 2431 1232 2479 τοῖς
1276 2431 1358 2477 τοῦ
1398 2425 1716 2491 γεννήσαντος

118 2508 271 2576 ἔργοις
311 2507 578 2574 ἐνατενίζειν
623 2507 787 2559 ἑαυτὸν
831 2507 1023 2575 εἰρηκὼς
1070 2510 1095 2559 ὁ
1135 2508 1251 2563 Υἱὸς
1295 2508 1378 2559 οὐκ
1422 2510 1713 2559 ἀσθενοῦντα

120 2591 326 2654 δεικνύει,
360 2589 573 2656 ζηλωτὴν
611 2588 661 2640 δὲ
700 2595 890 2652 μᾶλλον
930 2589 1033 2656 ἤτοι
1072 2589 1254 2655 θεατὴν,
1290 2592 1366 2641 καὶ
1407 2589 1533 2643 ὅπως
1575 2590 1708 2656 ἀκρι-

50 2695 101 2731 30
120 2673 348 2741 βέστερον
388 2673 497 2738 ἡμῖν
537 2674 585 2724 ἐν
628 2677 724 2728 τοῖς
767 2673 939 2742 ἐφεξῆς
983 2672 1232 2740 εἰρήσεται.
1301 2672 1372 2724 ὅτι
1415 2670 1464 2723 δὲ
1511 2671 1586 2723 διὰ
1630 2675 1714 2737 τῆς

169 2813 202 2847 3.
228 2802 288 2835 τοῦ
306 2800 441 2844 Πατρὸς
456 2799 569 2845 λέγων
586 2800 726 2834 inverso
743 2799 865 2835 ordine
885 2800 928 2835 B.
994 2798 1088 2844 Υἱὸς]
1116 2803 1149 2839 -f-
1166 2798 1203 2834 ὃς
1222 2798 1263 2832 Β.
1370 2798 1403 2832 S.
1430 2799 1603 2844 ὁμολογεῖ,
1622 2798 1714 2844 φησὶ

121 2849 260 2883 inverso
278 2847 399 2881 ordine
419 2846 462 2880 B.
608 2857 661 2880 11.
689 2846 743 2881 καῖ
759 2858 830 2882 om.
851 2847 892 2881 B.
1037 2856 1089 2890 17.
1116 2848 1154 2879 τὸ
1175 2845 1216 2879 Β.
1235 2847 1295 2880 τοῦ
1314 2845 1381 2881 Ed.
1454 2847 1562 2882 ποιεῖν
1579 2856 1652 2882 οη),
1670 2845 1712 2881 Β.

123 2895 249 2930 Statim
268 2894 306 2938 ἐξ
324 2894 406 2928 B.D
424 2905 496 2938 mg.
515 2892 575 2938 ἀφ’
595 2893 642 2927 D.
662 2893 730 2928 Ed.
946 2904 998 2936 19.
1026 2894 1078 2927 καὶ
1096 2904 1166 2926 om.
1188 2892 1229 2927 B.
1294 2892 1370 2927 ἐστι
1388 2898 1466 2936 post
1484 2892 1566 2926 ἰδεῖν
1582 2898 1625 2927 tr.
1645 2892 1713 2926 Ed.

121 2942 231 2978 invito
251 2942 293 2976 B.
450 2951 505 2974 22.
531 2941 569 2974 τὸ
587 2939 751 2975 δύνασθαι
769 2947 848 2986 post
865 2942 1001 2985 Πατρός
1017 2946 1060 2975 tr.
1081 2939 1188 2974 Cord.
1344 2939 1399 2974 28.
1426 2938 1564 2984 εἰρηκὼς
1581 2940 1601 2973 ὁ
1616 2938 1711 2984 Υἱὸς]

122 2992 139 3023 ὁ
158 2989 273 3034 Σωτὴρ
291 2987 428 3033 εἰρηκὼς
447 2986 488 3022 B.
508 2987 617 3021 invito
636 2986 742 3022 Cord.

1775 2600 1869 2632 Infra

1775 2655 1807 2685 p.
1821 2653 1880 2675 222
1893 2655 1922 2676 e.
