2021 3296
120 171 147 212 i.
170 184 205 211 1.
364 171 437 211 IN
479 170 522 211 S.
556 169 895 211 JOANNEM.
957 169 1081 210 LIB.
1114 169 1151 209 Ι.
1214 169 1346 211 CAP.
1382 171 1468 211 III.
1655 171 1709 211 33

120 278 303 348 Παύλῳ
330 285 358 309 “
377 277 592 345 Χριστὸς
623 282 750 330 Θεοῦ
784 277 977 343 δύναμις
1013 282 1088 329 καὶ
1123 281 1249 329 Θεοῦ
1284 278 1482 347 σοφία.”
1536 276 1709 342 εἴρηται

117 359 167 412 δὲ
199 359 348 412 πάλιν
379 364 454 412 καὶ
493 365 597 430 φῶς
635 362 778 412 αὑτοῦ
816 363 892 412 καὶ
931 359 1141 424 ἀλήθεια,
1170 359 1291 411 κατὰ
1326 359 1380 411 τὸ
1415 361 1463 410 ἐν
1495 363 1709 427 ψαλμοῖς

117 441 207 494 ὑπό
244 466 327 494 του
366 448 460 494 τῶν
492 444 640 509 ἁγίων
669 443 1028 513 μελῳδούμενον
1056 441 1485 510 ίίῈξαπόστειλον
1516 440 1571 492 τὸ
1607 446 1709 510 φῶς

114 530 143 553 “
168 547 262 575 σου
288 526 364 576 καὶ
390 524 476 590 τὴν
502 524 728 590 ἀλήθειάν
754 525 892 577 σου,”
948 524 1124 591 ε’ίρηται
1159 525 1236 575 καὶ
1276 522 1561 587 δικαιοσύνη,
1591 523 1710 574 κατὰ

73 605 169 663 5τό
209 608 344 658 “Ἐν
381 612 439 675 τῇ
480 608 754 676 δικαιοσύνῃ
796 631 888 659 σου
933 606 1086 674 ζῆσόν
1124 607 1227 670 με·”
1289 606 1506 672 ζωοποιεῖ
1545 604 1638 672 γὰρ
1685 606 1708 656 ὁ

117 688 287 755 Πατὴρ
323 691 371 741 ἐν
397 693 598 759 Χριστῷ
632 689 738 744 τοὺς
771 689 1085 744 πιστεύοντας
1119 693 1182 743 εἷς
1221 687 1378 739 αὐτόν·
1435 686 1710 751 ὠνόμασται

115 773 190 822 καὶ
224 770 380 836 βουλὴ
414 778 498 823 τοῦ
533 772 746 839 Πατρὸς,
782 771 902 823 κατὰ
936 771 989 823 τὸ
1026 770 1266 837 εἰρημένον
1293 772 1426 821 “Ἐν
1459 774 1516 838 τῇ
1551 774 1707 837 βουλῇ

115 859 143 883 “
169 876 262 905 σου
296 852 551 920 ὡδήγησάς
584 855 684 920 με,”
713 856 789 906 καὶ
821 853 971 906 πάλιν
998 861 1024 884 “
1046 854 1111 904 Ἡ
1141 852 1189 904 δὲ
1223 852 1379 917 βουλὴ
1415 858 1499 903 τοῦ
1529 853 1706 918 Κυρίου

114 941 143 964 “
168 939 230 990 εἷς
270 934 354 988 τὸν
392 941 538 988 αἰῶνα
578 936 748 1001 με’νει.”
815 936 892 988 ὅτε
935 937 1091 988 τοίνυν
1129 941 1279 986 ταῦτα
1317 934 1475 987 πάντα
1513 936 1643 985 ἐστὶν
1683 936 1708 985 ὁ

46 1038 94 1064 10
114 1015 230 1072 Υἱὸς
267 1022 334 1088 τῷ
373 1022 482 1089 Θεῷ
520 1021 596 1070 καὶ
637 1021 807 1087 Πατρὶ,
847 1018 1122 1085 λεγέτωσαν
1161 1018 1271 1082 ἡμῖν
1311 1020 1352 1068 οἱ
1397 1016 1483 1080 τὴν
1521 1017 1709 1083 Ἀρείου

113 1101 449 1156 κολακεύοντες
482 1102 672 1166 πλοίνην
697 1103 772 1153 καὶ
807 1104 891 1165 τῆς
925 1101 1097 1152 ἐκείνου
1131 1100 1391 1167 παρανοιάς
1425 1101 1705 1164 ἀναπεπλη-

113 1181 292 1246 σμένοι,
327 1188 430 1237 πῶς
467 1186 599 1236 ε’στιν
637 1184 848 1235 ἐλάττων
887 1184 1046 1235 αὐτοῦ.
1109 1182 1208 1250 ὥρα
1247 1181 1340 1250 γὰρ
1378 1183 1546 1248 λέγειν,
1581 1182 1708 1249 ε’ίπερ

114 1265 262 1319 οὕτως
300 1265 397 1334 ε”χοι
436 1268 535 1318 κατ’
573 1265 754 1330 αὐτοὺς,
788 1266 859 1318 ὅτι
895 1289 986 1333 περ
1025 1267 1079 1317 οὐ
1117 1267 1305 1320 τελείως
1344 1267 1446 1316 ἐστὶ
1486 1263 1642 1332 σοφὸς
1683 1265 1707 1315 ὁ

118 1346 301 1414 Πατὴρ,
345 1349 400 1399 οὐ
443 1349 631 1403 τελείως
677 1347 886 1411 δυνατὸς,
929 1350 982 1399 οὐ
1025 1350 1216 1402 τελείως
1263 1353 1380 1416 φῶς,
1424 1348 1477 1398 οὐ
1521 1349 1707 1402 τελείως

0 1433 4 1511 J
49 1445 93 1484 Ι5
114 1427 325 1493 ἀλήθεια,
365 1433 418 1482 οὐ
465 1432 652 1485 τελείως
695 1432 883 1494 δίκαιος,
922 1431 1034 1482 ἀλλ’
1081 1430 1184 1482 οὐδὲ
1226 1430 1402 1484 τέλειος
1448 1432 1497 1481 ἐν
1533 1435 1706 1499 βουλῇ,

0 1515 3 1561 Ξ
114 1510 241 1578 ε’ίπερ
283 1511 429 1566 ὅντως
470 1512 546 1564 διὰ
587 1512 640 1564 τὸ
685 1512 888 1563 ἐ’λαττον
927 1512 1062 1579 ἔχειν,
1102 1514 1155 1563 οὐ
1200 1517 1416 1580 φανεῖται
1459 1511 1634 1566 τέλειος
1680 1514 1706 1563 ὁ

0 1564 4 1689 ἓ
115 1593 243 1658 Υἱὸς,
286 1593 336 1648 ὃς
379 1596 537 1646 πάντα
583 1594 732 1646 ταῦτά
779 1597 910 1646 ἐστιν
955 1597 1095 1664 αὐτῷ.
1170 1593 1301 1645 ἀλλὰ
1347 1595 1439 1658 μὴν
1484 1593 1538 1645 τὸ
1584 1596 1705 1646 οὕτω

115 1681 306 1744 φρονεῖν
343 1676 372 1742 ἢ
418 1678 575 1744 λέγειν
613 1678 865 1739 δυσσεβές·
927 1675 1105 1731 τέλειος
1147 1675 1194 1728 δὲ
1241 1678 1265 1727 ὁ
1314 1676 1483 1744 Πατὴρ
1531 1676 1607 1727 διὰ
1650 1677 1704 1728 τὸ

112 1758 270 1810 πάντα
303 1759 424 1827 ἔχειν
449 1762 498 1810 ἐν
528 1761 676 1828 ἑαυτῷ
710 1760 914 1813 τελείως·
970 1757 1148 1813 τέλειος
1183 1759 1274 1826 ἄρα
1313 1758 1533 1824 δηλονότι
1568 1762 1643 1810 καὶ
1679 1762 1704 1811 ὁ

0 1840 3 1892 f
45 1861 94 1887 20
113 1839 241 1904 Υἱὸς,
279 1841 308 1906 ή
349 1842 503 1910 σοφία
543 1844 620 1893 καὶ
661 1841 689 1906 ἡ
732 1842 939 1906 δύναμις,
978 1841 1032 1893 τὸ
1080 1846 1182 1911 φῶς
1228 1843 1303 1892 καὶ
1348 1842 1376 1906 ἡ
1422 1840 1634 1906 ἀλήθεια,
1675 1843 1703 1907 ἡ

0 1897 3 1976 ἶ

110 2004 352 2073 γεννήτορι
377 2006 649 2071 τελειότητα
673 2011 887 2074 πληρῶν,
914 2011 1015 2061 πῶς
1041 2005 1098 2057 ἂν
1125 2006 1335 2058 ἐλάττων
1363 2012 1514 2058 νοοῖτο
1538 2029 1549 2069 3

183 2108 314 2138 ΑΛΛο.
374 2093 432 2140 ΕΖ
474 2087 529 2140 τὸ
577 2086 779 2140 ἐ’λαττον
817 2089 938 2157 ἔχων
977 2091 1002 2141 ὁ
1040 2089 1155 2144 Υἱὸς
1201 2091 1263 2144 ὡς
1308 2089 1425 2156 πρὸς
1465 2089 1591 2141 Θεὸν
1630 2093 1705 2141 καὶ

111 2170 318 2239 Πατέρα,
343 2176 679 2238 προσκυνεῖται
712 2170 843 2238 παρά
877 2195 926 2223 τε
963 2172 1096 2237 ἡμῶν
1129 2174 1205 2223 καὶ
1241 2177 1335 2223 τῶν
1368 2173 1515 2238 ἁγίων
1552 2174 1699 2240 ἀγγέ-

41 2270 90 2308 25
110 2258 224 2316 λων,
252 2254 335 2305 δύο
361 2254 667 2321 λατρεύοντες
699 2254 988 2319 ἁλωσόμεθα
1022 2254 1169 2319 θεοὺς,
1197 2255 1324 2322 ε’ίπερ
1354 2254 1612 2319 οὐδαμόθεν
1638 2260 1701 2310 εἷς

109 2334 372 2401 ταυτότητα
398 2336 589 2405 φύσεως
615 2336 907 2401 ἀναβήσεται
936 2342 1002 2407 τῷ
1030 2338 1193 2408 τελείῳ
1219 2338 1273 2389 τὸ
1300 2337 1365 2402 μὴ
1398 2339 1543 2391 οὕτως
1571 2338 1695 2405 ἔχον·

107 2417 272 2482 πολλὴ
307 2418 364 2470 δέ
391 2441 462 2473 τις
497 2421 628 2470 ἐστὶν
655 2420 682 2484 ἡ
710 2419 917 2488 διαφορὰ
943 2419 1002 2471 τὰ
1028 2420 1092 2485 μὴ
1121 2420 1348 2474 ὡσαύτως
1379 2420 1547 2488 ἔχοντα
1579 2419 1699 2471 κατὰ

107 2583 190 2634 οὐκ
216 2587 278 2637 εἷς
303 2583 540 2635 πολύθεον
566 2583 765 2650 ἀριθμὸν
791 2585 819 2648 ἡ
844 2585 1021 2648 πίστις,
1042 2585 1106 2640 εἷς
1132 2585 1181 2636 δὲ
1208 2585 1329 2638 Θεὸς
1357 2588 1431 2635 καὶ
1460 2587 1483 2635 ὁ
1514 2584 1698 2652 Πατὴρ,

38 2685 88 2721 30
107 2666 442 2726 ἀναβαίνοντος
481 2669 545 2721 εἷς
583 2665 779 2731 ἑνότητα
817 2666 903 2732 τὴν
938 2667 1057 2735 πρὸς
1096 2667 1238 2718 αὐτὸν
1271 2672 1353 2717 τοῦ
1380 2670 1512 2728 Υὶοῦ,
1549 2669 1699 2730 δῆλον

107 2746 155 2799 δὲ
182 2748 252 2799 ὅτι
279 2750 355 2799 καὶ
380 2754 464 2800 τοῦ
487 2749 655 2815 (Αγίου
682 2749 977 2814 Πνεύματος·
1024 2749 1154 2801 οὐδὲν
1182 2749 1272 2815 ἄρα
1303 2748 1357 2800 τὸ
1389 2748 1698 2816 κατηγόρημα

155 2900 187 2933 9.
215 2888 290 2923 ἐστι
306 2889 413 2923 πάντα
432 2889 569 2924 inverso
588 2889 710 2924 ordine
731 2889 773 2923 B.
894 2901 945 2935 13.
973 2890 1048 2924 ἐστὶ
1067 2895 1291 2933 assumptum
1310 2901 1349 2922 cx
1372 2889 1412 2922 Β.
1536 2901 1587 2933 17.
1614 2889 1695 2934 μὴν]

107 2935 189 2979 μηδὲ
208 2935 288 2979 (sic)
309 2935 350 2971 E.
411 2935 536 2970 Statim
553 2936 641 2982 αὐτῷ
660 2936 758 2970 addit
778 2936 820 2970 Β.
975 2948 1029 2971 22.
1057 2938 1166 2971 νοοῖτο
1185 2936 1335 2970 ἐλάττων
1353 2936 1492 2971 inverso
1512 2937 1633 2971 ordine
1656 2937 1695 2971 Β.

110 2992 164 3027 25.
189 2983 277 3018 θεοῖς
297 2982 342 3016 D.
488 2994 542 3028 29.
571 2984 622 3017 καὶ
640 2989 863 3029 assumptum
881 2995 922 3017 ex
943 2983 984 3017 B.

165 3049 257 3077 VOL.
281 3050 310 3077 1.
894 3051 915 3076 f

1776 299 1785 318 1
1805 291 1877 319 Cor.
1895 298 1920 320 1.

1776 341 1822 370 24.

1772 449 1825 480 Ps.
1843 450 1911 480 xlii.

1773 502 1803 532 3.

1769 603 1932 634 l's.exviii.

1728 630 1748 655 e
1769 656 1822 686 40.

1770 764 1825 794 Ps.

1770 807 1921 846 lxxii-24.

1769 857 1821 886 Ps.

1769 901 1931 931 xxxii.11.

1726 1287 1749 1312 a
1809 1279 1858 1312 21
1878 1279 1928 1313 A.

113 1923 386 1989 δικαιοσύνη
419 1926 494 1975 καὶ
530 1925 558 1989 ἡ
595 1923 751 1988 βουλὴ
777 1930 860 1975 τοῦ
889 1923 1097 1991 Πατρός.
1154 1926 1178 1975 ὁ
1206 1922 1253 1975 δὲ
1279 1923 1364 1989 τὴν
1391 1926 1439 1975 ἐν
1465 1929 1531 1994 τῷ
1555 1926 1704 1996 οἰκείῳ
1722 1939 1748 1979 b

107 2498 190 2551 τὸν
214 2504 297 2565 τῆς
329 2501 521 2570 φύσεως
556 2499 705 2566 λόγον
733 2506 795 2556 εἷς
827 2503 1178 2568 ἀλλοτριότητα
1205 2503 1531 2565 διατέμνουσα.
1584 2504 1694 2553 ἀλλ’
1715 2526 1737 2549 c
