2084 3317
338 134 423 174 516
740 133 791 176 B.
825 134 1100 175 CYRILLI
1140 133 1520 175 ALEXANDR.
1781 132 1924 187 vi.51.

337 242 621 312 προφήτης,
671 245 781 294 ἀλλ’
822 243 926 295 ἔστι
964 247 1125 308 δῆλον,
1166 246 1228 297 ὡς
1267 244 1452 310 ἐπείπερ
1490 242 1548 307 ἧν
1586 242 1640 294 τὸ
1679 241 1833 306 μάννα
1869 241 1925 292 τὸ

338 323 533 375 τυπικὸν
559 329 621 378 εἷς
655 325 808 376 εἰκόνα
843 329 1074 392 Χριστοῦ,
1101 330 1183 376 τοῦ
1219 324 1501 392 συνέχοντός
1536 348 1586 376 τε
1621 326 1696 375 καὶ
1731 327 1922 389 διακρα-

337 411 529 460 τοῦντος
563 409 625 459 εἰς
659 405 712 456 τὸ
749 404 862 457 εἶναι
900 405 960 457 τὰ
993 406 1162 469 πάντα,
1191 408 1266 457 καὶ
1291 407 1640 475 ἀποτρέφοντος
1665 405 1749 469 μὲν
1775 403 1919 471 ἀγγέ-

338 493 465 550 λους,
509 487 850 554 ζωογονοῦντος
893 487 940 539 δὲ
979 487 1039 539 τὰ
1083 490 1157 539 ἐπὶ
1202 491 1283 552 τῆς
1327 491 1429 554 γῆς,
1474 489 1527 540 τὸ
1575 491 1636 543 ὡς
1680 491 1728 539 ἐν
1769 492 1926 541 σκιαῖς

337 568 720 633 ὑποδηλούμενον
750 569 943 633 ὀνόματι
978 574 1044 639 τῷ
1077 573 1160 633 τῆς
1196 571 1418 634 ἀληθείας
1457 572 1482 622 ὁ
1519 569 1769 638 προφήτης
1803 570 1921 620 ἀπε·
1945 581 1968 620 5

293 659 321 700 d
337 648 481 711 κάλει,
517 653 582 718 τῷ
620 649 685 714 μὴ
721 650 953 702 δύνασθαι
990 650 1098 705 τοὺς
1137 651 1297 718 ἁγίους
1336 650 1570 718 ἀγγέλους
1609 650 1926 717 γεωδεστέρας

335 731 575 798 μετίσχειν
602 735 795 801 τροφῆς,
820 733 1018 801 παχείας
1045 732 1209 801 ὥσπερ
1235 734 1425 797 ἐννοιάς,
1453 737 1536 798 τῆς
1571 735 1644 785 ἐπὶ
1675 737 1740 802 τῷ
1771 733 1926 801 μάννα

336 815 474 881 φημὶ,
514 815 588 864 καὶ
629 815 715 882 οὐχ
754 813 944 868 ἑκόντας
982 814 1191 885 ἐξέλκων
1228 816 1334 870 τοῦς
1374 816 1708 883 ἀκροωμένους,
1749 817 1922 866 ἀνακο-

335 893 479 960 μίζων
506 895 560 946 δέ
588 919 689 949 πως
725 900 788 951 εἷς
822 896 971 963 λόγον
996 897 1323 962 πνευματικὸν,
1347 896 1430 949 τὸν
1456 897 1526 949 ἐπ’
1553 899 1679 967 αὐτῷ
1707 897 1927 962 δηλονότι

336 980 402 1046 τῷ
429 981 643 1047 Χριστῷ,
672 977 722 1032 ὃς
748 980 823 1029 καὶ
849 979 1003 1030 αὐτῶν
1029 979 1168 1046 ἄρτος
1195 984 1289 1031 τῶν
1316 981 1464 1045 ἁγίων
1490 982 1622 1031 ἐστὶν
1649 978 1886 1046 ἀγγέλων.
1950 998 1998 1023 10

412 1061 601 1110 Οὐκοῦν
627 1063 669 1110 οἱ
695 1058 777 1122 μὲν
804 1061 1039 1130 φαγόντες
1070 1061 1123 1113 τὸ
1155 1060 1323 1126 μάννα,
1352 1065 1489 1131 φησὶ,
1516 1060 1923 1126 τετελευτήκασιν,

336 1143 399 1194 ὡς
425 1142 638 1205 οὐδεμιᾶς
665 1142 887 1206 δηλονότι
922 1142 1038 1208 ζωῆς
1071 1145 1327 1208 μετουσίαν
1351 1145 1459 1211 παρ’
1489 1145 1633 1195 αὐτοῦ
1660 1142 1920 1212 δεξάμενοι·

336 1223 391 1273 οὐ
436 1222 530 1289 γὰρ
573 1222 630 1287 ἧν
674 1223 821 1278 ὅντως
872 1225 1111 1292 ζωοποιὸν,
1158 1231 1299 1289 λιμοῦ
1350 1226 1398 1277 δὲ
1447 1231 1638 1290 μᾶλλον
1683 1226 1928 1291 ἐπίκουρον

298 1311 578 1370 οσαρκικοῦ,
618 1309 693 1357 καὶ
734 1309 795 1361 ὡς
837 1308 886 1358 ἐν
924 1306 1057 1377 τύπῳ
1098 1313 1181 1359 τοῦ
1221 1310 1544 1375 ἀληθεστέρου
1587 1307 1922 1376 παραληφθέν.

335 1390 378 1437 οἱ
417 1386 466 1437 δὲ
503 1387 586 1438 τὸν
625 1388 769 1455 ἄρτον
808 1390 856 1439 ἐν
893 1389 1072 1443 ἑαυτοῖς
1111 1389 1453 1457 εἰσκομίζοντες
1493 1393 1576 1454 τῆς
1617 1389 1746 1456 ζωῆς,
1787 1389 1926 1456 γε’ρας
1951 1410 1997 1449 15

335 1468 499 1537 ἕξουσι
534 1467 619 1533 τὴν
645 1471 925 1534 ἀθανασίαν,
953 1476 1137 1540 φθορᾶς
1170 1493 1218 1524 τε
1252 1474 1328 1523 καὶ
1363 1477 1456 1524 τῶν
1483 1474 1532 1524 ἐκ
1568 1472 1739 1537 ταύτης
1771 1476 1926 1523 κακῶν

335 1556 582 1606 παντελῶς
617 1551 959 1619 ἀλογήσαντες,
991 1553 1110 1621 πρὸς
1149 1553 1389 1622 ἀμήρυτόν
1419 1578 1468 1606 τε
1507 1557 1582 1606 καὶ
1616 1554 1927 1619 ἀτελεύτητον

335 1633 445 1694 βίου
478 1640 561 1685 τοῦ
599 1633 718 1686 κατὰ
744 1635 962 1702 Χριστὸν
995 1636 1321 1701 ἀναβήσονται
1356 1639 1517 1702 μῆκος.
1576 1640 1929 1702 διαλυμανεῖται

335 1715 384 1767 δὲ
410 1721 505 1771 τοῖς
530 1720 635 1783 περὶ
661 1717 841 1768 τούτων
866 1718 998 1782 ἡμῶν
1026 1719 1189 1785 λόγοις
1221 1718 1353 1770 οὐδὲν
1379 1719 1432 1770 τὸ
1460 1722 1535 1771 καὶ
1562 1719 1928 1786 ἀπογεύσασθαι

335 1801 428 1849 δεῖν
467 1798 673 1851 θανάτου
711 1807 941 1866 σαρκικοῦ
982 1800 1058 1852 διὰ
1097 1800 1151 1852 τὸ
1196 1805 1255 1870 τῇ
1301 1801 1444 1869 φύσει
1490 1802 1686 1869 πρέπον,
1725 1799 1833 1856 τοὺς
1879 1803 1928 1852 ἐν
1948 1823 1998 1849 20

334 1880 602 1949 μεταλήψει
630 1881 885 1948 γεγονότας
917 1889 999 1934 τοῦ
1025 1887 1260 1950 Χριστοῦ·
1303 1884 1374 1935 ὅτι
1411 1883 1497 1935 κᾶν
1523 1888 1560 1936 εἰ
1594 1888 1661 1954 τῷ
1694 1885 1832 1954 κοίνῳ
1869 1883 1927 1949 δὴ

334 1962 485 2033 τούτῳ
512 1964 974 2030 περιολισθαίνοντες
1000 1964 1125 2016 τέλει
1160 1965 1354 2017 πάθωσι
1388 1966 1442 2017 τὸ
1479 1966 1788 2033 ἀνθρώπινον,
1812 1967 1924 2017 ἀλλ’

115 2039 210 2071 ROm·
337 2045 398 2098 ὡς
425 2045 449 2095 ὁ
477 2044 672 2099 Παῦλός
699 2050 837 2115 φησι,
864 2046 980 2113 ζῶσι
1006 2051 1072 2116 τῷ
1100 2051 1209 2117 Θεῷ
1237 2046 1396 2113 ζήσειν
1420 2047 1698 2112 μέλλοντες.

112 2083 180 2113 xiv.
199 2083 228 2114 8.

112 2148 263 2183 352A.
298 2158 320 2182 a

269 2207 449 2257 51ἘΓώ
485 2208 570 2259 εἰμι
607 2210 630 2253 ὁ
667 2210 797 2269 ἄρτος
835 2212 858 2253 ὁ
895 2211 973 2269 ζῶν
1011 2211 1033 2256 ὁ
1071 2213 1119 2252 ὲκ
1158 2215 1230 2253 τοῦ
1268 2212 1452 2270 οὐρανοῦ
1492 2214 1691 2264 καταβάς·
1747 2215 1822 2257 ἐάν
1859 2232 1922 2259 τις

513 2293 630 2353 φάΓῌ
666 2295 714 2336 ὲκ
751 2298 825 2336 τοῦ
864 2294 997 2353 ἄρτου
1034 2297 1198 2348 τούτου,
1235 2296 1348 2354 ζήσει
1387 2294 1446 2338 εἰς
1483 2297 1556 2340 τὸν
1595 2295 1745 2341 αἰῶνα.
1947 2309 1996 2349 25

112 2393 199 2468 ΞΜ·
217 2394 262 2426 iii.
409 2409 437 2433 ‘⁶
463 2402 539 2454 Τὰ
582 2403 701 2455 αὐτὰ
745 2403 902 2471 λέγειν
942 2407 1049 2469 ὑμῖν
1087 2407 1188 2470 ἐμοὶ
1230 2405 1314 2470 μὲν
1353 2407 1436 2457 οὐκ
1477 2406 1690 2474 ὀκνηρὸν,
1729 2409 1837 2472 ὑμῖν
1875 2408 1926 2460 δὲ

334 2491 362 2514 “
388 2485 649 2556 ἀσφαλὲς,”
672 2487 943 2538 ἐπιστέλλει
969 2489 1095 2539 τισὶν
1120 2489 1145 2539 ὁ
1173 2488 1428 2543 θεσπέσιος
1455 2493 1666 2553 Παῦλος,
1692 2489 1750 2559 ἐξ
1772 2491 1926 2541 αὐτῶν

334 2565 460 2632 οἶμαι
498 2571 574 2620 καὶ
612 2574 752 2620 τοῦτο
790 2573 883 2621 τῶν
917 2574 999 2621 τοῦ
1033 2573 1254 2637 Σωτῆρος
1290 2571 1652 2635 πεπαιδευμένος
1681 2571 1920 2640 ῥημάτων.

381 2704 414 2738 6.
441 2703 504 2750 τῷ]
525 2707 585 2739 τοῦ
605 2704 647 2740 Β.
774 2714 806 2751 7.
832 2705 987 2750 μετέχειν
1006 2705 1048 2740 Β.
1179 2717 1232 2740 10.
1260 2706 1356 2741 ἐστὶν
1372 2710 1439 2741 τῶν
1455 2706 1560 2753 ἁγίων
1577 2708 1715 2742 inverso
1734 2707 1856 2742 Ordine
1875 2708 1924 2744 D.

338 2762 390 2785 11.
417 2752 455 2785 τὸ
472 2751 596 2797 μάννα]
617 2753 654 2786 τὸ
674 2752 764 2786 θεῖον
780 2753 884 2796 μάννα
906 2752 949 2786 Β.
1083 2763 1136 2787 12.
1162 2754 1345 2797 μετουσίας
1365 2754 1407 2788 Β.
1540 2765 1592 2796 14.
1620 2757 1679 2788 τοῦ
1697 2766 1767 2789 orn.
1786 2754 1922 2800 BIIgne.

338 2797 390 2831 16.
417 2813 452 2832 τε
471 2810 540 2833 orn.
562 2799 602 2834 B.
775 2808 827 2845 17.
854 2798 907 2845 τε]
928 2814 959 2834 τι
978 2799 1025 2834 D.
1188 2811 1240 2844 19.
1268 2800 1528 2846 ἀπογεύσασθαι
1548 2801 1588 2834 Β.
1607 2800 1837 2845 ἀπογεύεσθαι
1855 2801 1922 2836 Ed.

335 2855 390 2878 20.
416 2847 456 2888 τῇ
475 2852 699 2890 assumptum
717 2858 758 2880 ex
779 2846 873 2881 B.D.
1013 2857 1068 2881 21.
1095 2849 1192 2893 κοινῷ
1210 2854 1433 2892 assumptum
1453 2860 1493 2882 ex
1516 2848 1608 2882 B.D.
1671 2847 1798 2882 Statim
1815 2847 1923 2896 τούτῳ

334 2891 373 2934 δὴ
392 2891 530 2926 inverso
548 2893 670 2926 ordine
690 2893 732 2926 B.
841 2903 896 2939 25.
923 2895 984 2928 τοῦ
1002 2893 1106 2939 ι’ίρτου
1123 2895 1244 2928 τούτου
1263 2893 1329 2929 hoc
1348 2894 1469 2929 ordine
1491 2894 1531 2930 B.
1551 2895 1630 2939 (D.)
1682 2894 1808 2929 Statim
1828 2894 1923 2940 ζήσει

335 2936 377 2971 Β.
400 2938 558 2983 (D.L.N.)
577 2939 713 2983 ζήσεται
733 2939 800 2975 Ed,
