2084 3317
351 167 437 208 568
756 169 805 211 Β.
840 169 1118 211 CYRILLI
1160 169 1539 210 ALEXANDR.
1798 168 1852 210 vi.
1872 168 1939 209 68.

311 276 539 332 ῦεῖκότως
576 278 630 330 τὸ
671 280 726 330 δι’
756 279 857 333 ἑνὸς
895 283 989 330 τῶν
1026 280 1175 344 ἁγίων
1210 282 1474 347 προφητῶν
1506 278 1760 344 εἰρημένον,
1795 280 1857 332 ὡς
1893 279 1943 330 ἐκ

128 364 183 449 :173⁹-
200 365 243 397 ffi-
258 365 288 403 6,
351 359 616 425 προσώπου
647 365 866 426 Χριστοῦ
893 368 919 391 “
940 359 1096 414 Αὐτὸς
1129 361 1155 410 ὁ
1191 363 1373 418 λαλῶν,
1401 359 1592 426 πάρειμι
1631 362 1693 413 ὡς
1732 358 1831 425 ὥρα
1867 361 1943 411 ἐπὶ

352 448 380 472 “
404 447 500 493 τῶν
535 442 694 509 ὀρέων.
775 443 825 493 τί
858 441 952 508 γὰρ
991 443 1040 492 ἐν
1077 446 1175 495 τοῖς
1213 440 1374 507 ὄρεσιν
1411 442 1440 506 ἡ
1479 440 1591 507 ὥρα,
1623 441 1886 505 τουτέστιν,
1916 442 1942 492 ὁ

350 524 529 591 ἐαρινὸς
580 524 821 591 ἐργάζεται
873 523 1044 590 καιρὸς,
1089 522 1418 590 προλαβόντες
1467 523 1557 588 ἤδη
1605 528 1778 592 σαφῶς
1820 523 1942 590 εἰρή-

350 629 511 669 καμεν.
1962 621 1984 659 5

425 688 616 738 Οὐκοῦν
654 689 701 738 ἐν
739 690 825 756 μιᾷ
861 686 948 751 μὲν
985 687 1218 738 ἵστασθαι
1256 685 1344 751 τὴν
1381 686 1564 752 σκηνὴν
1603 687 1752 756 ἡμέρᾳ
1787 709 1941 752 προσ-

348 768 505 820 τάττει
545 770 808 837 χρησίμως,
843 769 994 821 τύπον
1028 768 1296 836 ἐπέχουσαν
1334 775 1418 820 τοῦ
1452 773 1683 834 Χριστοῦ,
1719 769 1795 819 ἵνα
1834 772 1943 836 νοῇς

348 852 418 903 ἐπ’
464 852 607 920 αὐτῷ,
653 851 707 903 τὸ
756 851 894 920 ἅπαξ
934 853 1189 903 ἀποθανεῖν
1233 853 1282 902 ἐν
1326 852 1393 902 ἑνὶ
1438 850 1589 920 τούτῳ
1633 855 1700 921 τῷ
1743 849 1942 916 παρόντι

348 937 511 1002 καιρῷ·
579 933 920 1000 γεννηθήσεται
976 933 1070 1000 γὰρ
1128 937 1337 987 εἰσαῦθις
1393 934 1621 996 οὐδαμῶς,
1673 933 1784 984 ἀλλ’
1838 931 1943 983 οὐδὲ

303 1023 330 1064 d
348 1015 633 1085 τεθνήξεται,
660 1014 996 1082 γεγεννημένος
1024 1013 1161 1084 ἅπαξ
1189 1017 1265 1066 καὶ
1301 1014 1555 1066 ἀποθανὼν
1582 1016 1657 1065 καὶ
1685 1013 1941 1067 διαναστὰς
1968 1038 2013 1062 10

347 1098 398 1147 ἐκ
437 1102 628 1164 νεκρῶν·
685 1099 962 1148 ἀκολουθεῖν
1000 1096 1093 1164 γὰρ
1135 1095 1319 1163 ἀνάγκη
1366 1100 1433 1166 τῷ
1479 1095 1668 1166 θανάτῳ
1707 1095 1792 1160 τὴν
1830 1095 1941 1146 ἀνά-

347 1201 540 1242 στασιν,
568 1178 816 1248 σύμπηξίν
841 1202 946 1230 τινα
981 1185 1065 1230 τοῦ
1099 1178 1237 1245 ἁγίου
1272 1179 1478 1244 σκήνους
1515 1178 1841 1247 ὑπάρχουσαν.
1894 1180 1942 1229 ἐν

348 1262 573 1331 νουμηνίᾳ
618 1261 681 1324 δὲ,
721 1261 792 1313 ὅτι
837 1261 936 1315 νεός
983 1262 1093 1325 ἡμῖν
1134 1260 1247 1312 αἰὼν
1291 1262 1341 1312 ἐν
1378 1265 1597 1330 Χριστῷ·
1661 1259 1797 1324 καινὴ
1848 1259 1942 1327 γὰρ

349 1345 502 1398 κτίσις
528 1343 588 1395 τὰ
613 1345 662 1395 ἐν
689 1344 830 1413 αὐτῷ.
885 1345 962 1394 καὶ
989 1344 1014 1394 ὁ
1040 1341 1134 1407 μὴν
1160 1342 1210 1393 δὲ
1235 1345 1260 1394 ὁ
1286 1347 1474 1411 πρῶτος
1498 1341 1942 1410 παραλαμβάνεται,

348 1424 436 1490 τὴν
461 1428 511 1477 ἐκ
543 1424 750 1477 θανάτου
785 1428 860 1477 καὶ
897 1429 1082 1495 φθορᾶς
1117 1429 1180 1479 εἰς
1217 1425 1336 1493 ζωὴν
1363 1427 1438 1477 καὶ
1464 1426 1741 1495 ἀφθαρσίαν
1767 1427 1940 1476 ἐπανα-
1967 1444 2012 1481 15

349 1507 518 1559 νέωσιν
553 1511 638 1573 τῆς
678 1508 971 1575 ἀνθρωπείας
1010 1506 1203 1575 φύσεως
1241 1509 1507 1573 ὑποδηλῶν,
1540 1510 1617 1559 καὶ
1655 1506 1742 1572 τὴν
1772 1509 1822 1559 ἐκ
1859 1510 1945 1572 τῆς

308 1591 581 1657 οάκαρπίας
619 1594 683 1644 εἷς
719 1591 976 1658 εὐκαρπίαν
1008 1590 1098 1655 ἥδη
1136 1590 1449 1655 μετάστασιν,
1486 1592 1562 1642 καὶ
1600 1593 1683 1654 τῆς
1721 1595 1805 1641 τοῦ
1844 1592 1942 1641 δια-

347 1671 502 1733 βόλου
539 1672 812 1740 τυραννίδος
849 1672 936 1738 τὴν
965 1671 1290 1740 παραδρομὴν,
1326 1672 1684 1742 καταλήξαντος
1721 1672 1810 1737 ἤδη
1848 1664 1943 1740 χει-

348 1760 502 1818 μῶνος
528 1756 660 1821 δίκην
686 1757 762 1807 καὶ
789 1754 1195 1820 συνεσταλμένου.
1255 1753 1354 1806 εἶτα
1378 1753 1528 1806 πάλιν
1553 1754 1719 1821 ἑτέρως
1744 1754 1855 1819 ἡμῖν
1881 1756 1943 1807 ὡς

348 1838 397 1887 ἐν
436 1838 570 1907 τύπῳ
615 1839 692 1889 καὶ
738 1837 952 1906 σχήματι
994 1836 1078 1889 τὸν
1115 1836 1430 1901 Ἐμμανουὴλ
1475 1835 1745 1889 ἐπιδεικνύει
1786 1836 1943 1902 λέγων
1965 1859 2014 1883 20

126 1924 286 2010 ξΧῡᾶ-ΧῙ·
350 1925 377 1951 “
406 1923 501 1971 Καὶ
528 1918 689 1983 θήσεις
715 1918 802 1983 τὴν
828 1918 1035 1980 κιβωτὸν
1059 1925 1143 1971 τοῦ
1167 1920 1439 1986 μαρτυρίου,
1467 1920 1542 1970 καὶ
1567 1917 1828 1972 σκεπάσεις
1857 1917 1943 1982 τὴν

150 1993 156 1998 ’
348 2007 377 2030 “
404 2001 608 2062 κιβωτὸν
648 2005 716 2071 τῷ
761 2000 1198 2065 καταπετάσματι.”
1265 2003 1314 2052 ἐν
1352 2000 1438 2064 μὲν
1478 1999 1572 2067 γὰρ
1615 2005 1713 2054 τοῖς
1758 2007 1942 2067 προλα-

349 2088 525 2145 βοῦσιν
568 2085 593 2134 ὁ
633 2083 791 2150 Λόγος
840 2083 950 2147 ἡμῖν
1001 2085 1063 2137 ὡς
1112 2084 1161 2133 ἐν
1205 2081 1457 2152 ὁλοκλήρῳ
1509 2083 1832 2151 κατεγράφετο
1882 2087 1941 2151 τῇ

348 2171 519 2234 σκηνῇ·
581 2165 639 2231 ἦν
684 2165 778 2232 γὰρ
829 2164 954 2220 οἶκος
999 2168 1127 2216 Θεοῦ
1177 2170 1262 2216 τοῦ
1312 2164 1645 2230 ἐνοικήσαντος
1695 2166 1744 2215 ἐν
1791 2165 1938 2234 αὐτῷ,

124 2255 233 2338 ξέξξῖὺ
349 2247 571 2312 δηλονότι
609 2247 664 2299 τὸ
702 2246 839 2313 ἅγιον
871 2251 1017 2311 σῶμα
1048 2250 1285 2314 Χριστοῦ·
1344 2247 1454 2298 ἀλλ’
1487 2244 1620 2298 οὐδὲν
1655 2246 1797 2311 ἧττον
1831 2247 1941 2311 ἡμῖν
1963 2263 2010 2299 25

226 2322 232 2328 ⁸
350 2332 427 2381 καὶ
462 2330 538 2382 διὰ
569 2333 652 2394 τῆς
684 2335 890 2391 κιβωτοῦ
916 2328 1037 2380 κατὰ
1062 2329 1203 2395 μέρος
1229 2330 1254 2380 ὁ
1281 2329 1421 2384 αὐτὸς
1447 2329 1743 2394 σημαίνεται.
1799 2352 1937 2380 κατε·-

125 2433 214 2468 388
229 2432 281 2466 A.
310 2441 332 2466 ει
351 2412 593 2464 σκεύαστο
619 2411 705 2473 μὲν
730 2411 825 2478 γὰρ
850 2413 899 2463 ἐκ
924 2410 1087 2481 ξύλων
1113 2411 1358 2476 ἀσήπτων,
1384 2411 1459 2462 ἵνα
1494 2409 1550 2462 τὸ
1583 2415 1727 2475 σῶμα
1753 2414 1861 2479 νοῇς
1885 2411 1940 2462 τὸ

126 2482 233 2513 Exod.
367 2497 378 2512 2
446 2493 459 2509 t
715 2495 725 2509 ›
791 2499 812 2510 Α
1124 2492 1135 2509 t
1338 2493 1350 2511 x
1391 2493 1413 2511 et
1652 2493 1664 2510 l
1893 2497 1915 2507 a

126 2536 203 2557 xxv.
223 2536 253 2566 9,
351 2499 643 2563 αδιαφθορον
670 2514 831 2545 αυτου·
873 2515 1267 2561 κατακεχρυσωτο
1301 2496 1350 2545 δε
1389 2502 1480 2558 ολη
1514 2515 1699 2563 χρυσιῳ
1724 2497 1936 2563 καθαρῳ,

126 2577 180 2643 ᾖξ’
352 2576 474 2629 καθὰ
513 2577 792 2643 γέγραπται,
823 2575 1001 2627 ε”σωθέν
1035 2598 1083 2626 τε
1122 2578 1198 2626 καὶ
1236 2575 1424 2644 ἔξωθεν.
1484 2574 1642 2627 πάντα
1679 2574 1774 2642 γὰρ
1810 2575 1940 2639 τίμια

126 2656 261 2686 xxvaL

129 2707 156 2728 2.

352 2661 427 2709 καὶ
462 2658 697 2721 βασιλικὰ
732 2657 792 2709 τὰ
826 2659 875 2709 ἐν
901 2658 1042 2727 αὐτῷ,
1070 2658 1145 2708 καὶ
1180 2655 1235 2708 τὸ
1271 2662 1395 2709 θεῖον
1423 2659 1497 2709 καὶ
1529 2656 1584 2708 τὸ
1619 2656 1934 2723 ἀνθρώπινον,
1960 2674 2010 2709 30

401 2798 429 2821 1.
456 2787 630 2831 εἷρημένον
647 2798 717 2820 om.
738 2786 781 2820 B.
889 2797 921 2822 2.
948 2784 1117 2831 Χριστοῦ]
1138 2788 1196 2819 τοῦ
1216 2788 1304 2820 Θεοῦ
1324 2786 1365 2820 Β.
1475 2785 1507 2820 6.
1535 2784 1587 2831 ἐν]
1608 2786 1666 2820 ἐὰν
1687 2785 1729 2820 Β.
1840 2785 1873 2820 8.
1898 2786 1938 2819 τὸ

348 2834 439 2878 ἅπαξ
456 2833 654 2878 ἀποθανεῖν]
675 2834 713 2868 τὸ
731 2833 822 2877 ἅπαξ
839 2834 1036 2879 γεννηθῆναι
1055 2834 1107 2867 καὶ
1124 2833 1162 2867 τὸ
1179 2832 1269 2878 ἅπαξ
1286 2833 1467 2867 ἀποθανεῖν
1487 2833 1528 2867 Β.
1661 2841 1713 2878 17.
1740 2832 1786 2867 εἷς
1803 2843 1873 2866 om.
1895 2832 1936 2865 B.

351 2891 404 2923 19.
431 2879 569 2926 ἑτέρως]
591 2884 720 2925 στερῶς
741 2880 783 2914 Β.
898 2891 952 2915 21.
979 2880 1044 2914 Καὶ
1061 2878 1195 2925 θήσεις]
1216 2879 1375 2923 καθήσεις
1395 2880 1436 2913 Β.
1502 2879 1562 2923 τὴν
1579 2880 1723 2917 κιβωτὸν
1739 2878 1816 2923 alt.]
1835 2879 1937 2921 αὐτὴν

348 2926 390 2960 Β.
409 2928 521 2971 (106.)
745 2938 799 2961 22.
827 2927 893 2972 γὰρ
911 2938 981 2961 om.
1002 2927 1044 2961 B.
1261 2937 1315 2971 23.
1343 2926 1420 2971 ἡμῖν
1437 2928 1455 2959 ὁ
1472 2927 1577 2971 λόγος
1594 2926 1734 2960 inverso
1752 2925 1873 2959 ordine
1894 2925 1935 2958 B.

347 2984 402 3018 27.
428 2975 466 3007 τὸ
486 2978 585 3018 σῶμα
603 2980 826 3019 assumptum
846 2986 886 3007 ex
908 2973 948 3008 B.
