2084 3317
177 457 406 517 ὲποίΗσεν,·
1715 517 1742 557 b

175 563 341 632 θὈσην
372 573 397 622 ὁ
436 573 583 640 λόγος
621 579 670 628 ἐν
695 581 876 636 τούτοις
910 584 1003 652 ἔχει
1037 586 1123 650 τὴν
1154 592 1419 653 οἰκονομίαν
1453 596 1527 644 καὶ
1567 595 1692 650 ὅπως

64 665 86 703 5
108 644 216 708 ἡμῖν
251 653 350 712 μετ’
393 655 542 708 ἐκεῖνα
585 660 733 711 πάλιν
773 665 1012 730 εὐρύθμως
1055 669 1344 735 εἶσβέβηκεν,
1385 673 1521 742 ἄξιον
1560 680 1684 729 ἰδεῖν.

104 732 390 796 προειρηκὼς
429 736 523 805 γὰρ
562 743 624 794 ὡς
662 743 847 809 ἐζήτουν
879 748 1022 799 αὐτὸν
1048 750 1263 803 Ἰουδαῖοι
1298 761 1585 819 συλλαβεῖν,
1614 762 1689 810 καὶ

103 813 343 882 καθεῖρξαι
378 817 572 887 βρόχοις
609 829 703 878 τοῖς
738 826 796 895 ἐξ
827 829 1049 885 ἀπονοίας
1084 836 1145 885 εἷς
1183 833 1311 898 ὠμὸν
1337 837 1458 888 οὕτω
1494 841 1570 889 καὶ
1605 842 1688 892 οὐκ

1753 758 1860 800 Supra

1751 813 1817 833 ver.
1837 812 1887 842 30.

100 890 148 939 ἐν
186 900 331 964 καιρῷ
367 903 692 966 μελετώμενον
729 908 956 971 κίνδυνον,
993 911 1100 966 τοὺς
1139 913 1312 982 ὄχλους
1350 919 1542 970 δεικνύει
1580 921 1688 977 τοὺς

99 978 482 1044 πεπιστευκότας,
522 984 596 1035 ἵνα
636 991 730 1038 τῶν
771 989 1042 1055 ἡγουμένων
1084 996 1374 1062 ὁμολογῆται
1418 1002 1589 1053 λοιπὸν
1627 1004 1687 1055 τὰ

32 1084 78 1109 10
97 1054 167 1105 ἐπ’
196 1057 322 1127 αὐτῷ
348 1065 727 1131 κακουργήματα.
781 1077 1013 1123 τοσοῦτον
1040 1075 1133 1142 γὰρ
1169 1079 1444 1146 ἀφεστᾶσιν
1470 1087 1511 1134 οἱ
1545 1088 1684 1149 δῆμοι

96 1142 179 1186 τοῦ
215 1143 531 1199 βουλεύεσθαι
568 1157 807 1216 παροινεῖν
845 1156 907 1207 ὡς
949 1156 1105 1220 αὑτὸν,
1146 1161 1207 1213 ὡς
1253 1164 1328 1212 καὶ
1372 1162 1455 1217 τὰς
1495 1166 1545 1216 ἐκ
1588 1172 1683 1219 τῶν

94 1220 348 1281 θαυμάτων
381 1227 470 1291 ἤδη
509 1230 764 1297 συλλέγειν
797 1237 986 1299 ἐννοίας,
1019 1242 1094 1290 καὶ
1134 1240 1204 1291 ὅτι
1242 1243 1471 1308 προσήκει
1509 1249 1720 1301 λοιπὸνῡ

93 1305 188 1354 τοῖς
211 1306 320 1371 παρ’
347 1309 488 1360 αὐτοῦ
511 1320 826 1376 προσκεῖσθαι
852 1318 1103 1382 μαθήμασι
1131 1324 1382 1390 διαῤῥήδην
1407 1327 1675 1395 ὁμολογεῖν.

91 1381 237 1448 λόγος
278 1386 327 1438 δὲ
371 1387 441 1453 ἧν,
484 1394 546 1446 ὡς
587 1393 718 1458 εἰκὸς,
761 1399 832 1466 ἐφ’
876 1399 992 1451 ὅλον
1032 1407 1126 1453 τῶν
1166 1405 1405 1458 Ἰουδαίων
1444 1407 1498 1460 τὸ
1543 1412 1678 1476 γε’νος

22 1485 68 1522 15
89 1464 494 1535 ἐκτεθρυλημένος,
547 1478 622 1526 καὶ
685 1477 774 1529 ἀνὰ
828 1485 993 1532 πᾶσαν
1050 1485 1203 1536 αὐτῶν
1254 1488 1531 1552 ἡπλωμένος
1591 1493 1676 1557 τὴν

87 1546 261 1613 χώραν,
301 1552 363 1605 ὡς
401 1555 476 1605 ἐπὶ
513 1556 742 1622 μεγάλοις
780 1564 908 1612 τισὶν
944 1564 971 1627 ἡ
1012 1569 1230 1631 Χριστοῦ
1267 1574 1507 1636 παρουσία
1545 1576 1673 1639 γενέ-

84 1632 217 1679 σθαι·
260 1634 335 1683 καὶ
366 1639 732 1705 τερατουργήσει
766 1643 851 1706 μὲν
878 1645 991 1712 ὑπὲρ
1025 1647 1187 1713 λόγον,
1215 1651 1597 1721 ἀξιολογωτέραν
1623 1657 1672 1708 δὲ

83 1710 277 1779 σφόδρα
317 1718 392 1767 καὶ
431 1721 514 1782 τῆς
554 1727 744 1786 νομικῆς
783 1727 954 1789 ἀμείνω
992 1730 1280 1787 παιδεύσεως
1319 1733 1405 1797 τὴν
1444 1737 1670 1789 διδασκα-

81 1793 190 1843 λίαν
228 1799 440 1850 εἱσοίσει.
496 1802 614 1867 γυνὴ
655 1805 740 1867 μὲν
777 1806 870 1873 γὰρ
914 1809 941 1872 ἡ
990 1814 1282 1877 Σαμαρεῖτις,
1323 1815 1398 1866 ὅτε
1444 1818 1498 1868 τὸ
1545 1821 1668 1886 ὕδωρ

14 1900 62 1926 20
81 1875 354 1943 ἀρυσαμένη
398 1885 458 1936 εἷς
502 1883 587 1948 τὴν
631 1893 715 1938 τοῦ
759 1889 934 1952 Ἰακὼβ
978 1895 1218 1962 ἀφικνεῖτο
1261 1897 1435 1963 πηγὴν,
1481 1903 1557 1952 καὶ
1602 1907 1668 1972 τῷ

80 1958 265 2025 Σωτῆρι
300 1965 669 2032 προσδιελέγετο
697 1976 724 1998 ‘⁶
746 1971 970 2036 Οἴδαμεν,
1005 1978 1170 2042 φησὶν,
1206 1977 1277 2028 ὅτι
1318 1982 1546 2037 Μεσσίας
1584 1984 1660 2050 ἐρ·
1727 1989 1884 2064 {ypram

79 2044 105 2066 ‘⁶
127 2063 271 2106 χεται,
298 2044 322 2093 ὁ
358 2045 613 2111 λεγόμενος
638 2052 867 2117 Χριστός·
911 2055 1024 2107 ὅταν
1049 2056 1168 2126 ἐ’λθῃ
1204 2061 1386 2125 ἐκεῖνος,
1412 2065 1709 2130 ἀναγγελεΐᾶ.
1748 2052 1764 2073 ³

78 2125 104 2148 ‘⁶
131 2122 239 2185 ἡμῖν
263 2124 465 2178 πάντα.”
517 2134 592 2181 καὶ
620 2131 674 2183 τό
701 2134 926 2199 Οἴδαμεν,
954 2140 1002 2188 ἐν
1028 2139 1222 2202 τούτοις,
1250 2144 1351 2210 οὐχὶ
1385 2144 1442 2208 δὴ
1474 2145 1662 2202 πάντως

73 2202 219 2271 ἐκείνῃ
269 2209 345 2257 καὶ
393 2210 515 2278 μόνῃ
565 2215 885 2280 περιθήσομεν
930 2219 1131 2282 εἰκότως,
1177 2224 1288 2274 ἀλλ’
1337 2224 1452 2276 ὅλον
1500 2250 1657 2293 προσ-

5 2307 52 2344 25
73 2282 299 2341 άπτοντες
333 2288 387 2340 τὸ
422 2295 726 2361 Σαμαρειτῶν
751 2320 800 2349 τε
834 2304 910 2351 καὶ
935 2301 1176 2354 Ἰουδαίων
1206 2305 1352 2370 γένος,
1379 2306 1462 2358 τὸν
1491 2310 1660 2375 ἀρτίως

70 2366 179 2429 ἡμῖν
212 2376 684 2438 προσκεκομισμένον
717 2382 1049 2446 βεβαιώσομεν
1083 2384 1248 2450 λόγον.
1305 2388 1431 2439 οὗτοι
1471 2390 1520 2440 δὲ
1559 2395 1658 2443 νυνὶ

67 2447 126 2498 τὰ
170 2451 218 2500 ἐν
258 2459 498 2520 λαμπραῖς
544 2459 707 2510 ἐλπίσι
753 2465 857 2528 περὶ
905 2466 1047 2516 αὐτοῦ
1093 2469 1389 2532 θρυλούμενα
1430 2476 1524 2522 τῶν
1567 2473 1656 2538 ἤδη

66 2529 314 2597 παρόντων
340 2537 422 2587 οὐκ
459 2540 508 2588 ἐν
538 2539 718 2606 μείζὸσι
751 2545 1024 2610 βλέποντες,
1052 2553 1302 2618 μονονουχὶ
1335 2551 1454 2618 πρὸς
1492 2555 1649 2619 ἀλλή-

111 2689 145 2719 4.
166 2676 280 2723 ’Όσ-ην
299 2680 342 2714 Β.
363 2682 481 2718 Holst.
498 2686 619 2729 Πόσ-ην
636 2699 654 2721 e
673 2688 749 2724 Cat.
770 2689 872 2726 Harl.
888 2697 927 2725 ut
945 2692 1089 2727 adnotat
1106 2694 1192 2739 ipse,
1213 2696 1308 2731 Aub.
1491 2700 1524 2734 6.
1549 2701 1652 2736 αὐτὸν

66 2721 108 2757 Β.
125 2724 227 2758 αὐτὸν
244 2727 276 2759 οἱ
296 2726 359 2762 Ht.
381 2728 446 2763 Ed.
554 2744 587 2777 9.
613 2735 838 2783 ὁμολογῆται]
860 2740 973 2782 νοῆται
991 2751 1020 2773 a.
1041 2739 1118 2774 Cat.
1139 2741 1238 2776 Harl.
1349 2755 1401 2778 ΙΙ.
1429 2746 1473 2781 ὡς
1490 2747 1586 2790 prius
1607 2748 1649 2783 Β.

63 2769 110 2804 εἷς
130 2769 192 2805 Ht.
211 2772 278 2807 Ed.
460 2776 509 2810 16.
536 2779 713 2827 γενέσθαι]
735 2783 868 2818 Forsan
884 2785 1053 2829 προσήκοι
1072 2787 1232 2832 γενέσθαι
1248 2790 1450 2835 legendum.
1469 2793 1649 2838 γενήσεται

62 2827 92 2849 a.
113 2823 146 2850 et
165 2818 267 2861 (teste
285 2820 396 2864 Aub.)
417 2821 493 2857 Cat.
516 2825 628 2870 Harl„
646 2839 709 2872 pro
728 2841 825 2865 more
844 2831 1056 2866 catenarum
1077 2833 1333 2871 abbreviantes.
1475 2849 1529 2884 17.
1555 2840 1648 2883 ἀξιο-

60 2863 259 2908 λογωτάτην
276 2878 306 2901 a.
328 2866 404 2902 Cat.
422 2869 520 2905 Harl.
658 2885 713 2909 20.
741 2876 994 2921 Legendumne
1011 2879 1202 2924 ἀρυσομένη
1217 2884 1228 2913 ?
1365 2895 1422 2926 24.
1448 2885 1518 2931 ὅλῳ
1535 2901 1647 2930 προσ-

60 2909 222 2946 άπτοντες
245 2915 291 2958 τῷ
316 2918 528 2960 Σαμαρειτῶν
546 2933 581 2952 τε
604 2921 657 2954 καὶ
674 2920 846 2957 Ἰουδαίων
861 2926 959 2969 γένος
979 2926 1058 2969 (Sic)
1082 2926 1123 2961 Β.
1174 2927 1279 2964 Recte
1304 2937 1343 2964 ut
1361 2931 1430 2966 vid.
1450 2934 1647 2969 emendavit

62 2954 126 2990 Ht.
177 2957 318 2994 Desunt
336 2960 420 2996 haec
438 2963 473 2997 in
493 2963 587 3000 Catt.
747 2969 802 3004 26.
828 2972 898 3004 νυνὶ
916 2983 945 3006 a.
964 2974 1021 3005 νῦν
1039 2973 1106 3008 Ed.

114 3023 206 3052 voL.
231 3026 259 3054 1.
805 3039 832 3077 4
854 3038 879 3064 R
