2021 3296
138 134 164 175 ι’.
184 148 222 190 3.
399 136 473 177 IN
515 136 558 177 S.
593 133 930 176 JOANNEM.
993 133 1116 174 LIB.
1151 133 1185 174 Ι.
1248 133 1382 174 ΟΑΡ.
1414 132 1468 173 V.
1676 131 1731 171 69

137 242 392 308 ἀληθεύσει
427 243 584 311 λέγων
616 245 640 295 6
674 242 789 297 Υἱός
816 250 844 272 “
862 241 994 308 Ἐγὼ
1027 243 1075 293 ἐν
1106 245 1173 293 τῶ
1204 243 1362 308 Πατρι
1389 243 1465 292 καὶ
1501 240 1526 291 6
1562 239 1730 305 Πατὴρ

154 327 240 376 6ἐν
273 326 415 389 ἐμοί.”
475 327 529 377 οὐ
567 325 661 392 γὰρ
700 324 850 390 δήπου
890 323 1009 375 κατὰ
1047 322 1197 389 μόνην
1233 322 1320 388 τὴν
1358 321 1611 386 ὁμοιότητα
1648 323 1732 384 τῆς

138 408 316 471 οὐσίας,
343 410 406 462 ὡς
443 411 718 475 χαρακτῆρα
751 405 836 458 τὸν
862 405 1029 457 Υἱὸν’
1007 429 1055 457 εν
1083 409 1240 473 Πατρὶ
1271 404 1631 470 θεωρήσομεν,
1617 402 1645 468 ὴ
1674 405 1732 455 αὖ

137 488 285 540 πάλιν
311 491 372 543 ὡς
408 489 673 557 ἀρχέτυπον
700 491 747 540 ἐν
774 491 876 558 Υὶῷ
908 487 990 540 τὸν
1017 487 1226 554 Πατέρα·
1285 487 1396 538 ἀλλ’
1426 485 1545 537 Υὶὸν
1572 484 1657 549 μὲν
1683 487 1733 537 ἐκ

96 586 117 624 5
138 573 220 635 τῆς
255 576 338 622 τοῦ
373 571 566 638 Πατρός
605 572 769 625 οὐσίας
807 575 1042 637 γεννητῶς
1081 569 1402 633 ἐκλάμποντα,
1429 570 1504 619 καὶ
1540 569 1589 618 ἐν
1615 569 1733 636 αὐτῇ

137 657 213 704 καὶ
249 653 305 722 ἐξ
338 655 480 717 αὐτῆς
515 653 862 706 ὶδιοσυστάτως
900 652 1173 720 ὑπάρχοντα
1210 655 1286 703 καὶ
1322 653 1578 720 ὑφεστῶτα
1610 649 1735 701 Θεὸν

139 735 300 801 Λόγον
343 736 727 805 παραδεξόμεθα·
796 735 991 801 Πατέρα
1036 732 1083 784 δὲ
1127 734 1276 786 πάλιν
1322 735 1371 784 ἐν
1411 736 1527 802 Υὶῷ,
1573 735 1635 786 ὡς
1686 734 1735 783 ἐν

138 818 378 886 ὁμοουσίῳ
429 817 701 884 γεννήματι,
748 821 982 885 συμφυῶς
1033 815 1132 880 μὲν,
1179 815 1299 867 κατὰ
1351 815 1399 866 δὲ
1450 814 1600 880 μόνην
1648 814 1736 879 τὴν

138 899 388 966 ἑτερότητα
420 905 503 950 τοῦ
538 897 654 950 εἶναι
690 902 765 950 καὶ
800 902 1010 950 νοεῖσθαι
1046 897 1179 949 τοῦθ’
1215 898 1331 965 ὅπερ
1365 899 1467 948 ἐστὶ
1501 919 1727 963 μεμερισ-
1752 915 1775 942 0

72 1005 118 1029 10
137 983 302 1046 με’νως.
367 982 492 1044 μένει
531 981 624 1048 γὰρ
664 984 689 1033 6
730 980 900 1048 Πατὴρ
939 981 1073 1032 τοῦθ’
1110 980 1225 1047 ὅπερ
1263 982 1380 1043 ἐστὶ,
1419 979 1505 1031 κᾶν
1545 978 1735 1046 ὑπάρχῃ

137 1068 374 1132 συμφυῶς
409 1065 457 1115 ἐν
484 1066 600 1134 Υἱῷ,
629 1063 842 1130 καθάπερ
880 1061 999 1114 εἶναί
1032 1068 1189 1132 φαμεν
1215 1065 1263 1114 ἐν
1290 1067 1356 1133 τῷ
1392 1060 1735 1128 ἀπαυγάσματι

136 1146 220 1197 τὸν
246 1146 400 1210 ἥλιον·
456 1149 532 1197 καὶ
566 1145 715 1198 πάλιν
743 1147 767 1196 6
799 1145 914 1200 Υἱὸς
950 1146 1037 1213 οὐχ
1072 1144 1228 1212 ἕτερόν
1260 1169 1305 1197 τι
1339 1146 1450 1211 παρ’
1480 1145 1595 1211 ὅπερ
1632 1147 1735 1195 ἐστὶ

136 1227 433 1293 νοηθήσεται,
472 1226 560 1279 κᾶν
605 1228 794 1296 ὑπάρχῃ
837 1232 1072 1296 συμφυῶς
1117 1229 1165 1279 ἐν
1206 1230 1376 1293 Πατρῖ,
1421 1228 1635 1293 καθάπερ
1682 1228 1731 1278 ἐν

136 1312 257 1380 ἡλίῳ
295 1309 350 1362 τὸ
391 1311 692 1377 ἀπαύγασμα
733 1312 890 1362 αὐτοῦ.
962 1312 1082 1362 οὕτω
1129 1309 1234 1377 γὰρ,
1278 1308 1470 1376 Πατρός
1508 1309 1593 1372 μὲν
1632 1310 1732 1360 κατ’

71 1406 118 1444 15
138 1392 364 1458 ἀλήθειαν
393 1392 642 1456 νοουμένου
673 1417 721 1444 τε
749 1395 825 1444 καὶ
851 1393 984 1447 ὄντος
1011 1398 1094 1444 τοῦ
1124 1392 1330 1459 Πατρὸς,
1357 1395 1476 1443 Υὶοῦ
1509 1391 1558 1442 δὲ
1587 1390 1736 1444 πάλιν

138 1474 272 1529 ὄντος
310 1498 359 1526 τε
400 1476 476 1526 καὶ
516 1475 766 1539 νοουμένου
805 1481 888 1526 τοῦ
925 1479 1057 1538 Υἱοῦ,
1097 1475 1517 1535 συνεισβαίνοντος
1551 1472 1734 1539 δηλαδὴ
1754 1487 1782 1528 d

139 1562 223 1608 τοῦ
261 1558 429 1623 ‘Ayt'ov
477 1558 766 1621 Πνεύματος,
807 1559 832 1608 ὁ
876 1560 958 1622 τῆς
1003 1559 1140 1623 ἁγίας
1179 1557 1383 1625 Τριάδος
1429 1555 1626 1623 ἀριθμὸς
1672 1561 1735 1610 εἷς

140 1639 253 1703 μίαν
279 1641 354 1690 καὶ
381 1638 468 1704 τὴν
494 1639 641 1703 αὐτὴν
667 1640 908 1701 ἀναβαίνει
935 1639 1151 1704 θεότητα.

213 1723 348 1774 Ἐπεὶ
383 1727 485 1775 πῶς
521 1721 577 1773 ἂν
612 1722 735 1776 ὅλως
775 1725 849 1773 καὶ
885 1721 947 1776 εἷς
984 1721 1209 1790 ὑπάρχειν
1248 1726 1401 1773 νοοῖτο
1437 1719 1572 1783 Θεὸς,
1608 1720 1735 1787 ε’ίπερ

72 1828 121 1852 20
141 1803 344 1855 ἕκαστον
387 1808 482 1855 τῶν
527 1805 889 1870 σημαινομένων
933 1805 1234 1872 ἀναχωρήσει
1285 1803 1370 1869 μὲν
1413 1807 1476 1857 εἰς
1528 1803 1735 1868 ἰδιότητα

139 1888 364 1950 παντελῆ,
392 1885 669 1953 ὁλοκλήρως
696 1886 744 1938 δὲ
770 1890 852 1951 τῆς
879 1886 998 1954 πρὸς
1022 1887 1076 1938 τὸ
1108 1885 1266 1954 ἕτερον
1293 1885 1537 1955 συμφυΐας
1572 1908 1622 1937 τε
1660 1887 1736 1936 καὶ

139 1967 354 2037 σχέσεως
381 1969 636 2023 οὐσιώδους
663 1969 1053 2036 ἀπενηνεγμένον,
1071 1969 1344 2036 ὀνομάζοιτο
1366 1967 1487 2023 Θεός
1509 1990 1522 2031 ;
1567 1969 1735 2019 οὐκοῦν

142 2049 262 2102 κατὰ
287 2050 372 2115 μὲν
398 2051 482 2102 τὸν
505 2052 654 2118 λόγον
679 2057 762 2103 τοῦ
788 2050 904 2103 εἶναι
934 2051 1293 2115 ἱδιοσυστάτως,
1320 2053 1396 2103 καὶ
1431 2051 1514 2102 τὸν
1542 2049 1736 2116 Πατέρα

141 2135 216 2184 καὶ
255 2131 338 2185 τὸν
363 2133 482 2185 Υἱὸν
515 2136 590 2186 καὶ
628 2134 683 2186 τὸ
724 2138 921 2200 Πνεῦμα
960 2134 1231 2200 νοήσαιμεν,
1271 2136 1354 2185 οὐκ
1392 2134 1736 2199 ἀναμίσγοντες

73 2235 120 2273 25
140 2219 202 2269 εἷς
236 2215 323 2279 τὴν
349 2215 465 2282 ὅπερ
501 2218 632 2268 ἐστὶν
659 2216 862 2268 ἕκαστον
892 2218 1040 2280 θέσιν,
1067 2217 1154 2282 τὴν
1186 2222 1281 2269 τῶν
1315 2216 1604 2283 προσώπων,
1632 2215 1734 2279 ἤτοι
1754 2237 1775 2263 e

140 2302 235 2349 τῶν
274 2298 532 2362 ὀνομάτων,
573 2299 820 2367 διαφοράν·
878 2299 1010 2350 ἀλλὰ
1055 2305 1303 2366 τηροῦντες
1342 2297 1427 2362 μὲν
1472 2296 1736 2363 ἰδιαζόντως

140 2378 330 2431 ἑκάστω
375 2379 428 2431 τὸ
474 2378 588 2431 εἶναι
627 2404 702 2431 και
742 2380 969 2447 λέγεσθαι
1007 2380 1140 2432 τοῦθ’
1181 2380 1297 2448 όπερ
1336 2382 1452 2443 ἐστι,
1493 2403 1568 2430 και
1613 2380 1735 2430 οὕτω

139 2463 457 2526 πιστεύοντες,
484 2467 547 2517 εἷς
584 2487 696 2526 μιαν
723 2464 766 2514 δ’
796 2464 878 2514 οὖν
910 2463 1036 2527 ὅμως
1071 2462 1270 2528 θεότητα
1306 2466 1521 2530 φυσικῶς
1558 2461 1734 2529 ἀναφέ-

140 2567 301 2610 ροντες
327 2543 460 2608 αὐτὰ,
488 2547 564 2596 καὶ
595 2543 650 2597 τὸ
680 2543 836 2611 πάντη
869 2545 1228 2612 διενηνεγμενως
1265 2543 1378 2595 εἰναι
1413 2548 1533 2595 νοεῖν
1558 2566 1731 2609 παραι-

72 2653 122 2689 30
140 2626 367 2689 τούμενοι,
415 2626 490 2677 δια
534 2627 588 2678 τὸ
640 2627 789 2693 λόγον
833 2630 910 2679 καὶ
961 2629 1144 2696 σοφίαν
1189 2630 1264 2678 καὶ
1313 2626 1612 2692 ἀπαύγασμα
1660 2628 1737 2676 καὶ

139 2711 418 2776 χαρακτῆρα
443 2712 520 2760 καὶ
546 2708 744 2774 δύναμιν
768 2716 852 2762 τοῦ
880 2709 1073 2777 Πατρὸς
1109 2712 1458 2761 ἀποκαλεῖσθαι
1489 2706 1572 2758 τὸν
1597 2707 1733 2759 Υὶόν,

193 2871 223 2894 Ι.
250 2858 407 2903 ἀληθεύει
428 2859 471 2894 Β.
673 2870 705 2907 7.
729 2861 998 2906 παραδεξώμεθα
1017 2861 1063 2894 D.
1267 2860 1300 2894 8.
1326 2858 1506 2904 γεννήματι
1524 2858 1567 2894 Β.
1586 2859 1740 2894 Vec'cus.

143 2906 280 2951 Bligne.
298 2906 485 2952 γεννήμασι
504 2906 572 2941 Ed.
774 2921 807 2954 9.
833 2911 894 2943 τοῦ
911 2920 982 2942 om.
1003 2908 1139 2952 Migne.
1335 2917 1387 2952 13.
1415 2907 1450 2941 ἐν
1466 2905 1545 2952 alt.]
1568 2910 1604 2947 -ί-
1626 2909 1672 2952 τῷ
1695 2906 1738 2941 Β.

146 2962 200 2999 15.
227 2968 264 2988 τε
282 2960 505 2999 assumptum
524 2965 566 2988 ex
587 2953 727 2990 B.D.E.
921 2965 977 2997 25.
1003 2955 1063 2997 τὴν
1081 2951 1196 2999 prius]
1217 2955 1284 2988 πᾶν
1303 2953 1345 2988 Β.

1792 245 1886 276 Infra

1792 290 1856 321 xiv.
1879 298 1926 321 10.
