2084 3317
146 165 183 190 v.
207 161 243 203 7,
263 152 299 195 8.
389 155 462 195 IN
504 157 545 197 S.
579 158 913 202 JOANNEM.
977 163 1099 204 LIB.
1134 164 1194 206 II.
1257 166 1390 208 CAP.
1416 169 1467 209 V.
1649 173 1732 213 307

143 265 240 317 τοῦ,
269 261 322 312 τὸ
355 262 421 327 μὴ
459 264 647 321 πάντως
683 266 766 322 τὰς
806 268 899 320 ἀπὸ
938 275 1033 322 τῶν
1067 273 1341 337 καμνόντων
1371 279 1559 331 ἱκετείας
1598 280 1726 329 ε’κδε-

139 345 325 440 χεσθαι,
371 346 565 413 φθάνειν
609 347 657 399 δὲ
708 350 863 402 αὐτῶν
906 357 965 420 τῇ
1011 358 1350 426 φιλανθρωπια
1391 357 1477 423 τὴν
1520 361 1724 426 αἴτησιν.

140 424 364 493 ἐπιτρέχει
409 427 504 496 γὰρ
549 432 610 484 ὡς
655 432 768 501 ὁρᾷς
811 438 877 504 τῷ
922 436 1128 507 κειμένω,
1174 440 1250 489 καὶ
1300 442 1600 508 κατοικτείρει
1645 443 1728 495 τὸν

138 504 375 568 κάμνοντα
401 513 750 577 παρακλήσεως
777 485 899 584 δίχια.
951 516 1005 569 τὸ
1042 519 1090 570 δὲ
1125 543 1162 570 ει
1196 521 1423 582 βούλοιτο
1457 527 1541 585 τῆς
1566 527 1722 593 άῤῥω-

94 589 274 642 5στιας
312 593 709 647 ἀπαλλάττεσθαι
750 602 1106 666 φιλοπευστεῖν,
1141 604 1195 654 οὐ
1234 605 1611 670 διερωτῶντος
1584 614 1643 672 ἠν
1673 609 1730 677 ἐξ

135 693 326 735 αγνοιας
353 673 405 724 τὸ
431 680 581 727 πᾶσιν
608 679 999 744 ὁμολογουμένως
1026 685 1308 754 καταφανες,
1329 689 1440 737 ἀλλ’
1469 693 1532 742 εἷς
1557 693 1725 757 θερμο-

134 773 271 817 τεραν
306 757 633 813 διανιστάντος
669 762 917 825 ἐπιθυμίαν
950 771 1034 815 τοῦ
1072 767 1367 833 πράγματος,
1399 772 1474 820 καὶ
1511 771 1631 838 πρὸς
1669 773 1723 824 τὸ
1743 781 1770 822 d

133 834 242 883 λιαν
267 837 664 903 ἐσπουδασμένως
691 847 833 894 αἰτεῖν
851 848 1239 912 παροτρύνοντος.
1280 850 1334 900 τὸ
1361 850 1410 901 δε
1436 875 1473 902 ει
1499 854 1724 913 βούλοιτο

131 919 225 965 τῶν
264 920 569 982 ποθουμένων
613 929 769 992 τυχεῖν
813 927 1006 992 ἐρωτᾶν,
1048 929 1259 997 ἐμφασίν
1303 954 1407 982 τινα
1453 956 1529 984 και
1575 935 1724 1001 λόγον

66 1018 112 1043 10
130 999 278 1049 ὠδινει
305 1006 387 1051 τοῦ
415 1002 646 1056 δύνασθαι
681 1013 962 1075 παρασχεῖν,
990 1011 1188 1076 εὐτρεπῆ
1223 1036 1273 1064 τε
1308 1014 1399 1078 ἠδη
1431 1014 1550 1081 πρὸς
1585 1023 1723 1069 τοῦτο

128 1080 362 1145 γενεσθαι,
394 1084 543 1148 μόνην
576 1087 641 1138 ε’τι
674 1111 984 1155 περιμενοντα
1020 1098 1102 1144 τοῦ
1136 1094 1222 1159 τὴν
1253 1094 1392 1164 χάριν
1422 1097 1723 1164 κομιζομένου

128 1159 213 1225 τὴν
239 1164 440 1229 αἰ’.τησιν

130 1316 265 1374 Κύριε,
303 1320 535 1379 ἄνθρωπον
566 1325 641 1366 οὐκ
679 1327 777 1383 ἔχω,
808 1329 876 1370 ἵνα
915 1332 1018 1372 ὅταν
1050 1337 1239 1391 ταραχθῇ
1280 1336 1326 1378 τὸ
1366 1337 1495 1395 ὕδωρ,
1524 1340 1632 1396 βάλῌ
1666 1355 1717 1387 με

192 1399 252 1442 εἷς
283 1403 360 1445 τήν
389 1408 702 1465 κολυμβήθραν·
740 1410 786 1452 ἐν
813 1409 849 1466 ᾧ
878 1412 955 1470 Γάρ
989 1413 1167 1471 ἔρχομαι
1202 1417 1299 1469 emb,
1326 1419 1459 1461 ἄλλος
1494 1421 1577 1478 Πρὸ
1610 1422 1715 1471 ἐμοῦ
1735 1435 1756 1462 e

57 1492 103 1530 15
194 1488 455 1538 καταβαίνει.
516 1493 627 1540 λέπει
661 1495 779 1550 αὐτῷ
811 1496 834 1538 ὁ
862 1496 1029 1539 ἸΗσοῡε
1054 1499 1260 1558 ἝΓειραι.
1736 1516 1758 1551 8

200 1595 338 1646 Κατὰ
365 1597 450 1662 τὴν
475 1600 652 1698 ἡμεραν
677 1606 809 1667 τῆς
787 1606 924 1670 αγίας
954 1610 1304 1673 Πεντηκοστῆς,
1333 1612 1532 1677 ἄγγελοι
1568 1637 1711 1665 κατα-

123 1680 377 1742 φοιτῶντες
421 1682 477 1751 ἐξ
526 1685 724 1750 οὐρανοῦ
775 1686 828 1737 τὸ
882 1691 963 1752 τῆς
1015 1691 1356 1759 κολυμβήθρας
1407 1694 1718 1763 ἐξετάραττον

124 1759 260 1825 ὕδωρ,
294 1759 391 1814 εἷτα
429 1764 511 1815 τὸν
544 1767 753 1819 ἐντεῦθεν
788 1770 1032 1821 ἐποιουντο
1071 1795 1248 1824 κτυπον
1284 1798 1368 1839 της
1406 1777 1585 1828 εαυτῶν
1619 1780 1717 1830 ἐπι-

120 1863 326 1898 στασιας
365 1868 448 1896 τον
481 1847 676 1914 κήρυκα.
731 1873 806 1902 και
839 1852 893 1902 τὸ
929 1876 1015 1916 μεν
1049 1855 1174 1921 ὕδωρ
1208 1858 1271 1910 ὡς
1307 1859 1420 1926 ἐξ
1395 1859 1543 1924 αγίων
1576 1884 1715 1912 πνευ-

51 1944 101 1968 20
119 1923 281 1986 μάτων
330 1927 559 1996 ἡγιάζετο·
619 1955 656 1982 ει
707 1932 761 1982 δε
802 1956 871 1987 τις
921 1934 1043 2004 ἔφθη
1093 1939 1434 2003 προκατελθων
1485 1944 1568 2006 τῆς
1618 1948 1713 1995 τῶν

120 2007 388 2060 νοσούντων
421 2012 650 2077 πληθύος,
686 2013 741 2066 τὸ
780 2018 1048 2080 συνθλιβον
1084 2019 1226 2071 αὐτὸν
1265 2023 1750 2092 ἀποφορτισάμενοςει
1780 2044 1934 2082 208Α.

117 2088 331 2149 ἀνεβαινε
357 2093 523 2157 πάθος,
551 2100 614 2149 εἰς
645 2097 725 2148 ἑνα
755 2098 803 2149 δὲ
835 2098 979 2162 μόνον
1006 2100 1089 2152 τὸν
1114 2105 1480 2172 προαρπάζοντα
1505 2130 1707 2172 συνεμε·

116 2175 268 2236 τρεῖτο
295 2176 377 2237 τῆς
405 2179 709 2243 Hepowrel‘as*
685 2204 712 2244 η
744 2181 955 2244 δυναμις.
1011 2184 1121 2234 ἀλλ’
1151 2183 1208 2249 ἦν
1234 2209 1310 2238 και
1343 2193 1482 2239 τοῦτο
1514 2195 1712 2253 σημεῖον

117 2256 198 2317 τῆς
233 2256 287 2305 δι’
316 2257 539 2322 ἀγγελων
572 2265 761 2326 νομικῆς
796 2265 1026 2331 ὠφελείας
1062 2267 1134 2335 ἐφ’
1163 2267 1211 2318 ἓν
1238 2291 1314 2319 και
1351 2270 1496 2332 μόνον
1527 2271 1580 2322 τὸ
1617 2277 1711 2323 τῶν

49 2347 96 2385 25
115 2335 353 2389 Ἰουδαίων
384 2339 519 2404 γένος
553 2343 881 2409 ἐκτεινομενης,
916 2369 1074 2413 ετερον
1106 2348 1154 2400 δε
1188 2351 1256 2401 ἐπ’
1285 2352 1441 2406 αὐτοῖς
1478 2357 1703 2420 θεραπευ-

116 2417 263 2478 ούσης
298 2420 478 2473 ουδενα.
535 2423 628 2475 ἀπὸ
663 2424 756 2492 γὰρ
783 2426 889 2479 Aah)
914 2431 997 2493 τῆς
1033 2433 1327 2497 καλουμενης
1363 2457 1436 2484 και
1463 2457 1548 2488 εως
1576 2439 1702 2502 Βηρ-

115 2500 263 2561 σαβεέ
289 2500 349 2552 τὰ
375 2502 450 2554 δια
473 2506 720 2562 Μωυσέως
745 2510 963 2563 ἐλαλεῖτο
988 2513 1357 2579 προστάγματα,
1375 2518 1707 2581 διακονηθεντα

115 2583 171 2632 δι’
216 2583 438 2649 ἀγγελων
478 2587 526 2636 ἐν
567 2587 662 2654 ὄρει
710 2593 827 2660 Σινᾷ
870 2592 990 2644 κατὰ
1034 2593 1118 2649 τὰς
1162 2596 1335 2662 ἡμερας
1380 2600 1463 2661 τῆς
1509 2598 1707 2665 ὕστερον

115 2665 389 2731 ὁρισθείσης
420 2669 556 2734 ἁγίας
584 2673 933 2738 Πεντηκοστῆς.
987 2675 1062 2727 διὰ
1097 2677 1190 2743 γάρ
1225 2700 1296 2729 τοι
1332 2685 1486 2742 τοῦτο,
1513 2683 1587 2731 καὶ
1624 2684 1706 2745 τῆς

161 2822 193 2856 6.
220 2824 492 2869 ὁμολογουμενον
512 2826 552 2861 Β.
699 2838 728 2874 7.
756 2831 813 2865 τὸν
831 2844 893 2876 pro
911 2835 950 2867 τὸ
968 2834 1045 2868 λιειν
1065 2834 1106 2868 Β.
1268 2847 1320 2881 13.
1346 2838 1438 2880 βάλῃ
1459 2837 1499 2872 Β.
1507 2838 1550 2873 Ι).
1570 2838 1703 2882 ἐμβάλῃ

116 2868 149 2902 D
169 2881 229 2913 mg
233 2870 326 2904 ..Ed
505 2884 554 2918 19
584 2875 627 2910 ὡς
645 2884 867 2922 assumptum
885 2892 925 2913 ex
947 2880 988 2913 Β.
1159 2893 1213 2916 20.
1239 2885 1479 2927 προκατελθὼν
1498 2885 1540 2920 Β.
1559 2900 1704 2930 προκατ-

114 2916 226 2950 ελθεῖν
245 2916 310 2950 Ed.
425 2929 479 2953 21.
506 2921 695 2963 συνθλίβον
713 2924 755 2959 Β.
775 2926 959 2970 συντρίβων
978 2926 1474 2975 Ε(1.26.ΒηρσεβεεΒ.
1589 2933 1643 2967 28.
1670 2933 1705 2967 ἐν

113 2961 183 3005 ὅρει
202 2962 335 3009 Σινᾷ]’
318 2979 352 2998 εν
370 2964 487 3009 ὄρεσιν
506 2967 548 3001 Β.

851 3040 877 3067 R
899 3043 917 3067 Γ
941 3041 963 3070 2
