2084 3317
134 171 270 214 vi.21.
353 174 427 214 IN
469 176 511 215 S.
545 175 879 216 JOANNEM.
943 175 1067 216 LIB.
1102 175 1188 216 III.
1251 177 1384 217 CAP.
1418 178 1494 218 IV.
1637 180 1720 222 429.

132 283 179 334 δὲ
206 284 372 337 αὐτοὺς
398 289 492 335 τῶν
519 285 896 349 συμβεβηκότων
921 288 1215 353 παραχρῆμα
1240 285 1454 353 Χριστός
1470 287 1593 352 Ἐγώ
1619 292 1722 354 εἰμι,

130 364 192 434 μὴ
244 366 454 435 φοβεῖσθε
502 366 676 433 λέγων·
746 367 835 417 ἔδει
886 366 980 433 γὰρ
1032 368 1121 418 ἔδει
1170 367 1328 420 πάντα
1377 366 1462 432 μὲν
1512 367 1724 420 ἐκποδὼν

131 447 345 514 οἴχεσθαι
371 447 592 514 θόρυβον,
617 447 794 502 παντὸς
827 447 874 499 δὲ
910 450 1124 501 κινδύνου
1151 450 1406 517 φαίνεσθαι
1433 451 1719 516 κρείττονας,

131 529 237 583 τοὺς
280 528 347 583 οἷς
388 530 476 594 ἤδη
514 533 672 595 παρῆν
712 531 736 580 ὁ
776 529 1007 595 Χριστός·
1068 532 1292 594 εἰσόμεθα
1334 532 1489 582 τοίνυν
1528 534 1601 582 καὶ
1648 532 1724 582 διὰ

89 623 110 660 5
133 610 298 662 τούτου
324 610 486 675 πάλιν,
515 610 737 679 φρόνημα
769 612 854 675 μὲν
880 612 1001 679 ε”χειν
1028 614 1076 663 ἐν
1101 618 1382 680 πειρασμοῖς
1417 613 1648 673 εὕτολμόν
1674 637 1722 665 τε
1742 623 1769 663 (1

131 697 204 744 καὶ
234 694 457 756 νεανικὸν,
485 696 700 762 ὑπομονῇ
728 694 775 745 δὲ
804 697 1066 761 κεχρῆσθαι
1092 694 1307 765 συντόνῳ
1334 700 1391 764 τῇ
1419 700 1480 750 εἷς
1508 697 1724 763 Χριστὸν

130 776 297 838 ἐλπίδι,
341 775 706 838 βεβαιουμένους
751 780 814 830 εἷς
859 777 1114 843 εὐθαρσίαν
1159 777 1245 842 τὴν
1294 780 1368 829 ἐπὶ
1420 782 1486 848 τῷ
1536 779 1724 832 πάντως

132 857 537 922 διασωθήσεσθαι,
565 855 652 908 κᾶν
677 859 860 909 πολλοί
881 881 999 912 τινες
1026 859 1146 922 ἡμᾶς
1173 863 1215 910 οἱ
1240 862 1289 911 ἐκ
1315 866 1398 911 τοῦ
1422 861 1724 928 πειράζεσθαι

130 939 447 1005 περικλύζωσι
475 941 636 1007 φόβοι.

63 1040 111 1064 10
205 1021 444 1088 Ἐπιτήρει
489 1020 583 1087 γὰρ
629 1021 757 1076 ὅπως
802 1023 884 1072 οὐκ
929 1021 1061 1076 εὐθὺς
1104 1023 1487 1087 ἀποπλεύσασιν,
1531 1025 1635 1076 οὐδὲ
1675 1027 1724 1076 ἐν

130 1107 253 1172 ἀρχῇ
279 1109 374 1155 τῶν
401 1103 639 1167 κινδύνων,
666 1109 763 1158 τοῖς
790 1106 837 1155 ἐν
863 1107 929 1174 τῷ
954 1104 1134 1173 σκάφει
1159 1106 1375 1172 Χριστὸς
1406 1108 1719 1176 ἐπιφαίνεται,

129 1187 238 1236 ἀλλ’
274 1185 350 1237 ὅτε
390 1183 594 1240 mammas
633 1187 1009 1253 ἀπενοσφίζοντο
1047 1190 1130 1252 τῆς
1168 1188 1361 1255 ἠπείρου
1396 1194 1613 1243 πολλοῖς.
1670 1190 1723 1240 οὐ

129 1267 222 1335 γὰρ
247 1268 380 1323 εὐθὺς
415 1268 675 1336 ἀρχομένης
709 1271 791 1333 τῆς
825 1270 1222 1335 ἐκταρασσούσης
1248 1270 1369 1335 ἡμᾶς
1394 1271 1724 1337 περιστάσεως
1742 1297 1763 1323 e

130 1351 158 1414 ἡ
185 1356 268 1402 τοῦ
300 1350 613 1416 διασώζοντος
648 1350 783 1418 χάρις
815 1352 1051 1420 ἐπιφοιτᾷ,
1078 1353 1189 1402 ἀλλ’
1219 1352 1332 1404 ὅταν
1360 1353 1554 1422 ἀκμάσῃ
1585 1353 1671 1417 μὲν
1698 1356 1723 1405 ὁ

64 1447 110 1486 15
131 1432 298 1502 φόβος,
341 1435 566 1501 φαίνηται
612 1432 661 1484 δὲ
707 1433 796 1498 ἤδη
840 1433 959 1484 κατὰ
1004 1433 1176 1501 κράτος
1219 1436 1244 1486 ὁ
1290 1436 1513 1498 κίνδυνος,
1552 1438 1630 1487 καὶ
1678 1438 1726 1487 ἐν

128 1514 306 1579 μέσοις,
334 1516 388 1566 ἵν’
423 1517 569 1569 οὕτως
609 1515 737 1578 ε’ίπω,
772 1520 869 1569 τοῖς
903 1516 1082 1580 κύμασι
1122 1521 1217 1567 τῶν
1249 1518 1467 1586 θλίψεων
1496 1518 1723 1585 εὑρισκώ-

129 1602 266 1660 μεθα·
309 1596 413 1649 τότε
451 1598 507 1662 δὴ
543 1600 618 1648 καὶ
654 1597 893 1662 ἀδοκήτως
919 1599 1211 1666 ἐπιφαίνεται
1236 1599 1463 1666 Χριστὸς,
1490 1603 1565 1652 καὶ
1591 1623 1721 1667 περι-

129 1678 329 1731 στέλλει
378 1680 464 1743 μὲν
507 1679 590 1732 τὸν
633 1679 803 1749 φόβον,
849 1680 1064 1732 κινδύνου
1113 1681 1162 1732 δὲ
1213 1681 1486 1751 ἀπαλλάξει
1536 1682 1728 1747 παντὸς,

131 1760 301 1832 ἀφάτῳ
340 1762 531 1826 δυνάμει
569 1765 829 1827 μετατιθεὶς
867 1761 926 1814 τὰ
965 1762 1106 1826 δεινὰ,
1146 1763 1358 1831 καθάπερ
1403 1769 1467 1818 εἰς
1511 1765 1728 1831 γαλήνην

61 1865 110 1889 20
131 1842 217 1908 τὴν
255 1846 492 1909 εὐθυμίαν.

1745 1935 1767 1960 a
1798 1927 1886 1961 292
1900 1926 1948 1961 A.

146 1983 334 2026 Ἠθελον
372 1982 446 2026 οὖν
485 1981 630 2034 λαβεῖν
668 1983 798 2025 αὐτὸν
838 1981 898 2025 eie
935 1983 983 2025 τὸ
1020 1980 1187 2035 Πλοῖον,
1226 1983 1295 2024 καὶ
1333 1984 1494 2026 εὐθέως
1532 1985 1702 2032 ἐπενετο
1749 2006 1792 2031 21

440 2067 488 2110 τὸ
527 2066 678 2109 Πλοῖον
716 2067 787 2109 ἐπὶ
823 2072 898 2109 τῆς
938 2071 1010 2115 Γῆς
1048 2064 1109 2108 εἰς
1147 2067 1199 2109 (iv
1237 2067 1412 2115 ὑΠῆΓον.

205 2178 281 2227 Οὐ
308 2176 533 2228 κινδύνων
559 2176 704 2241 μόνον
731 2175 1029 2228 ἀπαλλάττει
1065 2176 1171 2231 τοὺς
1206 2179 1463 2243 πλωτῆρας
1498 2178 1523 2229 ὁ
1553 2177 1726 2245 Κύριος

129 2259 412 2328 παραδόξως
463 2260 619 2313 αὐτοῖς
670 2258 964 2327 ἐπιλάμψας,
1016 2259 1129 2309 ἀλλ’
1180 2258 1271 2324 ἤδη
1324 2261 1399 2310 καὶ
1447 2258 1595 2311 πόνου
1650 2263 1725 2311 καὶ

61 2354 109 2393 25
131 2341 338 2407 ἱδρώτων
369 2343 616 2407 ἐλευθεροῖ,
645 2340 835 2404 δυνάμει
873 2343 931 2408 τῇ
971 2346 1223 2408 θεοπρεπεῖ
1251 2345 1310 2410 τῇ
1346 2343 1445 2392 κατ’
1475 2343 1725 2408 ἀντίπεραν

130 2427 193 2490 γῇ
228 2424 545 2489 προσερείσας
581 2422 635 2473 τὸ
672 2422 880 2492 σκάφος’
924 2427 967 2475 οἱ
1001 2423 1087 2487 μὲν
1112 2423 1206 2491 γὰρ
1231 2424 1566 2490 προσεδόκουν,
1594 2425 1720 2490 ἐρέτ-

130 2528 288 2558 τοντες
340 2505 405 2556 ἔτι
454 2505 593 2568 μόλις
645 2505 878 2557 δύνασθαι
927 2510 1181 2569 διεκπλεῖν,
1239 2507 1264 2557 ὁ
1316 2506 1364 2557 δὲ
1416 2509 1492 2557 καὶ
1546 2506 1724 2557 τούτων

130 2587 351 2656 ἐξίστησι
389 2592 484 2638 τῶν
520 2586 678 2639 πόνων
717 2587 896 2652 αὐτοὺς,
935 2593 1137 2641 πολλῶν
1175 2590 1224 2640 ἐν
1263 2590 1412 2658 ὀλίγῳ
1450 2590 1617 2657 κομιδῇ
1656 2593 1723 2658 τῷ

132 2672 276 2737 καιρῷ
304 2666 556 2733 θαυμάτων
583 2669 867 2737 δημιουργὸς
901 2669 1020 2737 πρὸς
1053 2672 1386 2740 πληροφορίαν
1413 2671 1566 2724 αὐτοῖς
1602 2672 1715 2722 ἀνα·
1739 2683 1767 2725 b

184 2809 214 2832 1.
240 2797 463 2843 παραχρῆμα]
483 2799 684 2843 παραστάντα
704 2799 746 2834 Β.
913 2810 947 2843 5.
974 2816 1010 2836 τε
1028 2800 1133 2835 habet
1150 2800 1185 2835 b.
1203 2800 1239 2834 δὲ
1259 2799 1366 2834 Cord.
1384 2805 1550 2834 neutrum
1568 2800 1673 2835 habet
1690 2812 1720 2834 a.

135 2854 166 2890 7.
193 2846 325 2880 πάντως
343 2845 384 2879 Β.
406 2844 498 2879 Catt.
516 2846 625 2880 πάντα
643 2845 710 2881 Ed.
831 2855 883 2892 17.
912 2848 1370 2894 ἐπιφανεῖται-περιστελεῖ
1387 2859 1417 2881 a.
1535 2848 1587 2882 18.
1612 2847 1723 2882 ἀπαλ-

134 2892 249 2925 λάττει
269 2892 403 2936 Migne.
539 2903 593 2927 20.
620 2892 795 2939 εὐθυμίαν]
815 2894 980 2929 εὐθοινίαν
999 2894 1040 2929 Β.
1175 2905 1231 2939 23.
1256 2895 1359 2951 μόνον
1375 2893 1602 2939 ἀπαλλάττει]
1621 2895 1724 2929 πάλιν

133 2938 362 2974 ἀπαλλάττων
379 2939 421 2972 Β.
574 2950 629 2984 25.
655 2939 835 2985 ἀντίπερας
853 2941 896 2975 Β.
1050 2940 1106 2975 26.
1131 2955 1363 2986 προσωρησας
1380 2940 1422 2974 Β.
1493 2941 1725 2986 προσεδόκουν

134 2991 168 3019 et
184 2986 406 3031 προσεδόκων
423 2985 562 3020 exhibet
581 2986 628 3020 D.
645 2987 866 3031 προσεδόκων
883 2987 1031 3023 correxit
1051 2987 1184 3033 Migne.
1284 2996 1337 3033 27.
1365 3001 1403 3021 το
1421 2999 1485 3033 pro
1502 2989 1551 3022 ἔτι
1571 2988 1612 3023 Β.
