2084 3317
300 195 385 233 284>
701 192 750 232 B.
784 191 1061 232 CYRILLI
1103 190 1482 231 ALEXANDR.
1658 189 1712 228 iv.
1735 198 1886 243 23—25.

258 312 283 351 d
302 304 386 364 τῆς
414 300 676 367 Σαμαρείας
702 305 928 366 γυναῖκα,
964 301 1112 366 ζὙμεῖς
1139 303 1412 366 προσκυνεῖτε
1438 301 1456 350 ’ὃ
1485 302 1561 349 οὐκ
1589 294 1746 358 οἴδατε,
1768 299 1889 363 ἡμεῖς

303 385 618 451 προσκυνοῦμεν
653 384 672 434 ὃ
715 379 905 450 οἴδαμεν.
964 379 1035 446 ἀρ’
1076 382 1180 447 οὐχὶ
1217 381 1362 431 παντί
1395 403 1462 448 τῳ
1501 381 1574 430 καὶ
1615 377 1690 428 διὰ
1722 376 1890 427 τούτου

304 463 585 531 καταφανὲς,
612 463 683 514 ὅτι
709 468 776 531 τῷ
800 466 1106 531 πληθυντικῷ
1131 462 1431 529 χρησάμενος
1461 463 1659 527 ἀριθμῷ,
1686 460 1761 509 καὶ
1794 462 1890 511 τοῖς

305 546 362 614 ἐξ
384 545 590 610 ἀνάγκης
618 547 693 595 καὶ
720 545 933 596 δουλείας
959 548 1314 609 προσκυνοῦσιν
1340 541 1504 592 ἑαυτὸν
1529 543 1801 606 ἐναριθμῶν,
1829 540 1892 592 ὡς

266 646 287 671 0
306 629 354 678 ἐν
380 626 528 694 δούλῃ
554 630 612 694 τῇ
639 624 965 691 ἀνθρωπότητι
993 622 1198 689 γεγονὼς
1224 623 1283 674 τὰ
1309 623 1501 674 τοιαῦτα
1528 628 1651 691 φησι
1674 644 1685 684 ;
1728 622 1777 672 τί
1800 620 1891 686 γὰρ
1911 640 1933 677 5

305 707 376 772 ἧν,
404 708 506 759 εἶπέ
534 731 627 771 μοι,
652 707 707 757 τὸ
744 706 929 757 κωλύον
956 704 1097 756 αὐτὸν
1124 708 1186 758 εἷς
1213 709 1379 755 οἰκεῖον
1403 703 1667 769 πρόσωπον
1693 704 1893 753 ἑλκῦσαι

304 792 565 853 μοναδικῶς
591 789 676 853 τὴν
702 787 1047 853 προσκύνησιν,
1075 792 1111 838 εἰ
1145 790 1355 838 νοεῖσθαι
1381 787 1490 851 παρ’
1521 786 1652 849 ἡμῶν
1677 784 1894 846 ἐπεθύμει

304 872 669 938 προσκυνητής;
720 870 805 921 ἔδει
853 870 946 936 γὰρ
990 874 1180 932 μᾶλλον
1219 873 1360 920 εἰπεῖν
1398 867 1527 933 Ἐγὼ
1568 869 1824 933 προσκυνῶ
1869 864 1894 916 ὃ

307 952 422 1015 οἶδα,
454 954 530 1004 ἵνα
567 957 663 1006 τοῖς
702 953 872 1005 ἄλλοις
911 951 1205 1004 ἀσύντακτος
1243 949 1318 1012 ὧν,
1355 951 1428 1018 ἐφ’
1467 950 1615 1018 ἑαυτῷ
1653 951 1728 999 καὶ
1767 947 1895 1016 μόνῳ

306 1035 392 1099 τὴν
435 1039 530 1086 τῶν
575 1035 825 1101 εἰρημένων
870 1033 1067 1101 ἁρπάσῃ
1113 1032 1325 1096 δύναμιν.
1401 1036 1498 1082 νυνὶ
1545 1031 1594 1082 δὲ
1640 1029 1694 1080 τό
1737 1030 1896 1097 ζΗμέῖς
1919 1058 1966 1083 10

308 1117 484 1184 ἄριστά
526 1140 575 1168 τε
628 1119 749 1184 φησὶ
801 1118 876 1167 καὶ
926 1117 1036 1166 λίαν
1081 1117 1332 1182 ἀσφαλῶς,
1379 1116 1440 1166 ὡς
1484 1115 1532 1164 ἐν
1577 1112 1764 1165 δούλοις
1807 1111 1896 1175 ἤδη

309 1199 709 1265 κατατεταγμένος
735 1197 810 1249 διὰ
837 1197 923 1261 τὴν
950 1196 1307 1263 ἀνθρωπότητα,
1335 1199 1396 1248 ὡς
1423 1200 1518 1248 τοῖς
1544 1200 1898 1260 προσκυνοῦσιν

309 1283 586 1348 ἐναρίθμιος,
614 1283 676 1333 ὡς
700 1281 926 1331 Ἰουδαῖος
953 1277 1029 1329 διὰ
1055 1276 1140 1340 τὴν
1167 1278 1344 1345 χώραν.

85 1357 160 1390 19].
176 1355 227 1390 A.
270 1365 292 1388 a

242 1442 416 1487 23Ἀλλ’
461 1442 629 1497 ἔρχεται
667 1442 760 1496 ὥρα
807 1440 874 1480 καὶ
913 1442 980 1479 νῦν
1018 1439 1145 1489 ἐστιν,
1182 1440 1253 1480 ὅτε
1297 1436 1336 1479 οἰ
1375 1436 1567 1478 <insomni
1608 1434 1898 1492 ΠροσκυνΗταί

378 1525 720 1581 Προσκυνήσουσι
758 1526 819 1576 τῷ
851 1522 986 1578 Πατρί
1023 1522 1067 1563 ἐν
1105 1523 1314 1570 Πνεύματι
1354 1520 1421 1561 καὶ
1459 1519 1654 1577 ἀλΗθείᾳ.
1715 1519 1783 1559 καὶ
1822 1518 1899 1574 Γάρ
1924 1532 1968 1569 15

243 1620 289 1653 24
378 1609 400 1650 ὁ
434 1607 583 1663 Uanus>
617 1605 837 1647 τοιούτους
872 1603 982 1662 ςΗτεῖ
1015 1605 1114 1646 τοὺς
1153 1607 1499 1661 Προσκυνοὺνταε
1537 1603 1681 1645 αὐτόν.
1734 1604 1899 1649 Πνεῦμα

379 1693 401 1733 ὁ
450 1691 572 1742 Θεὸς,
622 1692 691 1732 καὶ
746 1691 844 1731 τοὺς
898 1693 1244 1746 Προσκυνοῡνταε
1300 1688 1429 1730 αὐτὸν
1478 1688 1522 1729 ὲν
1573 1688 1780 1735 Πνεύματι
1832 1686 1900 1727 καὶ

245 1782 292 1818 25
377 1774 559 1832 ἀλΗθείᾳ
598 1771 660 1815 δεῖ
698 1771 966 1829 Προσκυνεῖν.
1026 1774 1138 1820 λέπει
1175 1772 1293 1826 αὐτῷ
1327 1772 1350 1812 ἡ
1391 1772 1505 1818 Γυνή.

388 1883 610 1946 Σημαίνει
660 1881 744 1944 μὲν
786 1884 869 1944 τῆς
913 1882 1079 1931 ἑαυτοῦ
1122 1880 1387 1946 παρουσίας
1431 1878 1514 1929 τὸν
1558 1878 1646 1942 ἤδη
1689 1877 1903 1944 παρόντα

314 1962 488 2030 καιρὸν,
515 1961 1060 2027 μετασκευασθήσεσθαι
1087 1960 1134 2012 δὲ
1168 1961 1275 2015 τοὺς
1310 1961 1485 2014 τύπους
1512 1962 1663 2028 φησὶν
1689 1964 1751 2012 εἰς
1777 1957 1897 2023 ἀλή-
1923 1988 1971 2013 20

267 2053 293 2090 b
315 2050 458 2104 θειαν,
496 2047 571 2095 καὶ
610 2043 696 2108 τὴν
726 2050 810 2095 τοῦ
849 2043 995 2107 νόμου
1034 2042 1176 2094 σκιὰν
1208 2047 1270 2097 εἷς
1309 2043 1530 2108 λατρείαν
1563 2039 1898 2105 πνευματικήν.

314 2126 389 2178 διὰ
416 2126 465 2177 δὲ
496 2129 579 2190 τῆς
611 2127 918 2192 εὐαγγελικῆς
947 2119 1251 2179 παιδεύσεως.
1273 2129 1334 2179 εἷς
1371 2123 1625 2190 εὐάρεστον
1651 2127 1718 2192 τῷ
1747 2123 1903 2188 Πατρὶ

312 2209 555 2259 πολιτείαν
575 2207 1079 2276 χειραγωγηθήσεσθαι
1107 2207 1237 2272 λε’γει
1263 2205 1346 2257 τὸν
1365 2205 1569 2266 ἀληθινὸν
1589 2203 1902 2274 προσκυνητὴν,

313 2290 396 2341 τὸν
434 2290 684 2356 ἄνθρωπον
723 2288 944 2353 δηλονότι
988 2288 1071 2339 τὸν
1107 2288 1435 2352 πνευματικὸν,
1474 2286 1765 2353 ἑτοιμότερόν
1802 2310 1903 2340 πως

314 2377 377 2426 εἷς
403 2372 661 2436 οἰκειότητα
682 2371 909 2439 τρέχοντα
942 2370 1027 2435 τὴν
1051 2370 1168 2436 πρὸς
1196 2371 1335 2422 Θεόν.
1391 2372 1570 2438 πνεῦμα
1599 2368 1693 2436 γὰρ
1725 2375 1743 2421 o‘
1771 2369 1900 2431 Θεὶς,
1923 2396 1970 2434 25

316 2458 378 2509 ὡς
416 2454 535 2520 πρὸς
573 2453 852 2517 ἐνσώματον
891 2457 1060 2504 νοεῖται
1099 2452 1263 2521 φύσιν.
1316 2451 1392 2502 διά
1429 2475 1501 2502 τοι
1538 2457 1677 2502 τοῦτο
1718 2452 1904 2505 δικαίως

315 2536 398 2588 τὸν
426 2534 741 2600 πνευματικὸν
772 2534 1050 2601 ἀποδέχεται
1083 2533 1434 2599 προσκυνητὴν,
1461 2535 1543 2584 οὐκ
1578 2535 1626 2584 ἐν
1656 2532 1904 2601 μορφώσει

316 2621 392 2669 καὶ
436 2619 599 2671 τύποις
651 2622 891 2687 φοροῦντα
934 2619 1015 2680 τῆς
1062 2617 1303 2677 εὐσεβείας
1352 2615 1437 2679 τὴν
1481 2615 1737 2684 μόρφωσιν
1778 2616 1898 2665 Ἰου-

278 2720 299 2745 c
318 2704 500 2763 δαϊκῶς,
527 2699 659 2750 ἀλλὰ
685 2705 781 2754 τοῖς
807 2698 891 2762 μὲν
916 2698 974 2767 ἐξ
1002 2700 1167 2764 ἀρετῆς
1199 2698 1565 2764 κατορθώμασιν
1591 2699 1906 2762 εὐαγγελικῶς

364 2868 397 2897 4.
425 2856 477 2889 καὶ
495 2866 565 2889 om.
586 2854 629 2888 B.
795 2865 827 2899 7.
853 2852 1009 2896 ἐπεθύμει
1029 2851 1070 2885 Β.
1090 2851 1243 2896 ἐπιθυμεῖ
1261 2851 1328 2886 Ed.
1501 2862 1554 2896 13.
1579 2850 1741 2886 Ἰουδαῖος
1760 2849 1802 2884 Β.
1819 2849 1905 2884 Ἰου-

318 2903 424 2937 δαίοις
442 2901 508 2936 Ed.
630 2912 685 2946 23.
709 2899 1030 2946 χειραγωγήσεσθαι
1051 2899 1091 2932 Β.
1214 2909 1268 2941 25.
1294 2897 1475 2943 τρέχοντα]
1500 2902 1535 2939 -ί-
1557 2913 1628 2933 πως
1646 2897 1712 2931 Ed.
1732 2897 1841 2931 invito
1861 2896 1904 2931 Β.

318 2948 372 2982 26.
400 2948 594 2991 ἐνσώματον
613 2948 654 2981 Β.
674 2950 830 2990 σώματος
850 2946 914 2981 Ed.
1017 2947 1071 2980 28.
1098 2947 1154 2989 τῆς
1172 2946 1349 2983 εὐσεβείας
1368 2946 1542 2991 φοροῦντα
1559 2945 1699 2979 inverso
1717 2943 1839 2978 ordine
1860 2942 1901 2977 B.

318 2994 454 3037 δύναμιν
472 3007 534 3038 pro
552 2995 734 3039 μόρφωσιν
754 2994 795 3028 Β.
