2084 3317
129 147 199 188 vii.
218 150 285 192 26.
531 153 607 194 IN
649 155 691 195 S.
725 156 1062 198 JOANNEM.
1126 160 1249 200 LIB.
1274 161 1326 201 V.
1631 166 1709 203 651

129 253 345 321 φύσημα,
390 261 467 310 καὶ
516 262 688 329 με’τρον
738 265 820 316 οὐκ
871 264 970 333 ᾔδει
1020 271 1103 331 τῆς
1150 269 1334 320 ἐκείνων
1385 272 1607 324 ἀπονοίας
1658 272 1712 322 τὸ

127 336 322 402 θράσος.
376 342 445 396 τίς
476 343 558 394 οὖν
584 344 688 411 ἄρα,
717 349 881 414 φασὶν,
910 349 935 398 ὁ
968 349 1232 400 τιθασεύων
1258 355 1320 404 εἰς
1354 350 1408 402 τὸ
1442 351 1610 418 παρὸν,
1635 354 1712 403 καὶ

125 421 195 474 τίς
221 422 246 472 ὃ
272 423 463 493 ἀσχέτῳ
487 429 554 494 τῷ
587 425 739 478 πάλαι
775 433 908 499 θυμῷ
942 429 1142 498 χαλινὸν
1167 434 1337 486 ἐπιθεὶς
1368 432 1450 483 τὸν
1476 434 1710 500 σώφρονα

125 504 396 567 λογισμόν;
449 508 519 561 τίς
561 507 610 559 δὲ
651 510 772 561 οὕτω
814 512 1212 577 καταγοητεύσας,
1254 516 1330 565 καὶ
1375 513 1540 581 ὥσπερ
1580 515 1709 570 τινας

80 599 102 637 5
124 582 253 652 ὄφεις
278 588 601 652 ἐπιπηδῶντας
626 593 693 642 ἀεὶ
720 593 982 659 κατευνάζει
1007 593 1127 661 πρὸς
1157 595 1449 662 ἡμερότητας
1493 595 1556 649 ἴδε
1581 601 1701 668 παῤ·
1727 615 1748 639 a
1778 607 1864 641 445
1881 606 1933 642 A·

122 668 250 737 finfffqb
287 674 431 722 λαλεῖ
474 678 551 723 καὶ
600 670 710 724 οὐδὲν
751 678 872 744 αὐτῷ
914 675 1133 741 λέγουσιν.
1206 679 1292 745 οὐχ
1336 679 1502 732 ἁπλῶς
1548 685 1704 742 λαλεῖ,

122 750 288 816 φησὶν,
314 751 446 803 ἀλλὰ
483 753 601 816 μετὰ
639 759 898 824 παρ’ῥησίας.
953 760 1028 808 καὶ
1067 760 1150 810 οὐκ
1190 759 1246 810 ἂν
1279 757 1412 823 οἶμαί
1445 784 1514 815 τις
1552 760 1704 812 αἰτιά-

120 851 260 882 σαιτο
296 834 482 888 δικαίως
517 834 603 899 τὴν
628 838 811 887 ἐκείνων
838 838 987 904 ὀργὴν
1017 840 1368 908 ἡσυχάζουσαν,
1396 847 1433 893 εὶ
1469 845 1707 910 λαθραίως

118 911 315 964 ἐποιεῖτο
353 914 460 969 τοὺς
499 919 596 968 κατ’
625 919 780 969 αὐτῶν
811 919 984 985 λόγους
1024 923 1048 972 ὁ
1088 922 1377 988 ζητούμενος.
1430 926 1478 975 ἐν
1509 925 1603 992 γὰρ
1641 930 1707 995 τῷ

51 1015 99 1041 10
117 992 183 1057 μὴ
222 997 458 1047 πυθέσθαι
495 999 654 1066 τυχὸν,
693 1000 792 1051 οὐδ’
834 1001 892 1052 ἂν
931 1003 1215 1068 ἐκινήθησαν
1254 1009 1296 1055 οὶ
1335 1008 1486 1069 θυμοὶ,
1523 1008 1634 1057 ἀλλ’
1669 1009 1705 1059 ἑν

117 1079 342 1148 ποιρῥησίςι
379 1079 628 1144 γεγονότος
667 1087 750 1133 τοῦ
789 1082 949 1150 λόγου,
991 1087 1066 1135 καὶ
1111 1085 1166 1135 δι’
1207 1087 1418 1154 ἐλέγχων
1455 1087 1704 1155 ἐρχομένου

115 1162 312 1224 πικρῶν·
366 1167 505 1212 τοῦτο
546 1162 640 1229 γὰρ
681 1163 738 1228 δὴ
778 1164 995 1228 μάλιστα
1033 1167 1087 1217 τὸ
1126 1171 1209 1232 τῆς
1247 1171 1517 1236 παῤῥησίας
1555 1170 1704 1233 ὄνομα

116 1241 267 1302 δηλοῖ·
299 1242 386 1309 οὐχ
413 1241 539 1297 ὅπως
566 1245 849 1311 ἀπειρήκασι
874 1247 993 1314 πρὸς
1018 1248 1177 1315 ὀργὰς,
1204 1251 1353 1301 καίτοι
1378 1252 1487 1302 λίαν
1509 1253 1704 1316 ἑτοίμως

114 1326 253 1372 τοῦτο
294 1330 556 1387 νοσοῦντες,
597 1326 727 1378 ἀλλὰ
771 1330 846 1379 καὶ
891 1329 1011 1395 πρὸς
1055 1329 1228 1396 λόγους
1273 1333 1465 1384 ὀκνοῦσι
1510 1334 1698 1398 μόνους.
1722 1342 1747 1382 b

46 1420 92 1459 15
116 1400 227 1455 οὐδὲν
259 1404 352 1471 γὰρ
382 1406 499 1476 αὐτῷ
537 1408 758 1474 λέγουσιν.

195 1574 378 1618 Μήποτε
416 1577 592 1621 &medae
630 1580 822 1627 ἕτνωσαν
860 1580 898 1623 οἱ
937 1583 1140 1639 ἄρχοντες
1178 1586 1241 1627 ὅτι
1280 1586 1407 1627 αὐτὸς
1445 1586 1557 1628 ἐστιν
1596 1588 1618 1629 ὁ

806 1677 1009 1733 Χριστόε;

183 1783 334 1854 Ὁρᾷς
383 1787 509 1841 ὅπως
560 1790 616 1858 ἐξ
664 1788 877 1855 εὐλόγων
919 1793 1131 1844 ἐπινοιῶν
1178 1797 1253 1845 καὶ
1306 1801 1557 1862 λογισμῶν
1606 1802 1701 1849 τῶν

112 1867 303 1919 εἰκότων
353 1869 407 1920 τὸ
458 1873 628 1938 χρῆναι
676 1872 914 1924 πιστεύειν
963 1875 1272 1943 ἐρανιζόμενοι
1321 1882 1572 1946 μονονουχὶ
1623 1882 1699 1931 καὶ

41 1969 92 1996 20
110 1948 464 2017 ἀσχάλλουσιν,
491 1955 554 2005 ὡς
588 1953 861 2018 ἐγνωκότων
893 1954 978 2019 μὲν
1003 1958 1092 2022 ἤδη
1126 1963 1221 2009 τῶν
1257 1958 1500 2027 ἀρχόντων
1531 1961 1693 2025 αὑτὸν,

108 2033 493 2098 παραιτουμένων
541 2034 589 2085 δὲ
640 2035 892 2103 διαῤῥήδην
944 2039 1017 2089 ἐπὶ
1064 2044 1130 2109 τῷ
1181 2045 1441 2109 θεομαχεῖν,
1488 2046 1563 2094 καὶ
1614 2050 1696 2095 τοῦ

108 2112 287 2164 ἄνωθεν
316 2116 508 2180 ἥκοντος
543 2125 961 2185 καταναισχυντεῖν
996 2122 1078 2172 οὐκ
1113 2123 1416 2191 ἀνεχομένων,
1444 2148 1689 2192 καταχων-
1713 2147 1735 2174 e

108 2194 286 2247 νύντων
313 2197 368 2247 δέ
394 2221 496 2251 πως
529 2198 791 2258 βασκάνοις
825 2200 890 2251 ε”τι
924 2208 1024 2256 ταῖς
1059 2210 1262 2258 σιωπαῖς
1295 2205 1381 2270 τὴν
1412 2207 1690 2273 ἀνάῤῥησιν.

106 2280 144 2327 εὶ
180 2277 274 2344 γὰρ
297 2277 358 2346 μὴ
393 2279 633 2345 ἐγνώκασι,
662 2283 826 2348 φησὶν,
854 2282 1024 2343 ἀληθῶς
1053 2285 1113 2336 ’ότι
1142 2288 1270 2342 αὐτός
1300 2289 1412 2338 ὲττιν
1440 2294 1457 2339 ὁ
1486 2289 1690 2357 Χριστος,

38 2366 88 2406 ²5
105 2358 155 2409 τί
179 2359 234 2410 τὸ
272 2361 525 2428 ἀνέχεσθαι
560 2362 776 2416 πεπεικὸς
811 2365 1136 2434 διελέγχοντος
1173 2369 1222 2418 ἐν
1248 2370 1504 2437 παρ’ῥησίᾳ,
1531 2393 1686 2420 καινο-

104 2447 360 2505 τομοῦντος
396 2442 452 2493 δέ
479 2466 580 2497 πως
614 2446 691 2495 καὶ
723 2444 783 2495 τὰ
815 2446 968 2498 πάλαι
1002 2450 1333 2514 διηγγελμένα,
1361 2451 1416 2501 δι’
1445 2450 1508 2502 ὧν
1535 2453 1611 2502 καὶ
1643 2454 1692 2502 ἐν

103 2523 343 2594 σαββάτῳ
384 2525 652 2590 θεραπεύων
690 2527 928 2591 ἡλίσκετο,
968 2533 1043 2580 καὶ
1088 2537 1350 2585 λυποῦντος
1397 2534 1450 2583 οὐ
1494 2534 1690 2599 μετρίως

104 2604 271 2660 αὐτοὺς
304 2605 360 2657 δι’
387 2604 451 2657 ὧν
477 2608 879 2676 ἀπημφιεσμένως
906 2614 1057 2679 φησίν
1085 2620 1110 2642 “
1134 2614 1211 2664 Οὐ
1239 2618 1456 2679 Μωυσῆς
1490 2615 1688 2666 δέδωκεν
1749 2620 1871 2706 ῗέιξηζ

154 2771 182 2794 1.
209 2758 283 2804 ᾔδει
303 2760 345 2794 Β.
364 2762 435 2805 ἔχει
454 2761 520 2795 Ed.
664 2774 698 2808 5.
723 2763 773 2799 ἰ’δε
793 2765 835 2800 Β.
854 2765 904 2800 ἰ’δε
923 2767 957 2801 ἐν
975 2768 1041 2802 Ed.
1179 2778 1210 2814 7.
1236 2769 1328 2804 ἀλλὰ
1345 2771 1428 2814 μετὰ
1446 2772 1639 2815 παρρησίας
1657 2784 1687 2807 a.

101 2805 180 2840 ἀλλ’
200 2808 235 2841 ἐν
250 2808 425 2852 παρρησίᾳ
445 2808 511 2843 Ed.
686 2822 722 2856 9.
747 2813 765 2845 ὁ
782 2824 853 2847 om.
874 2813 916 2847 B.
937 2814 1040 2848 habet
1057 2826 1087 2848 a.
1139 2816 1343 2861 Assumpsit
1360 2824 1400 2850 ut
1418 2817 1556 2852 videtur
1572 2830 1590 2852 e
1609 2819 1686 2854 Cat.

104 2853 205 2888 Harl.
223 2854 317 2888 Aub.
511 2866 563 2889 12.
589 2856 655 2900 γὰρ
673 2869 743 2892 om.
763 2859 805 2893 B.
855 2859 1013 2895 Adnotat
1031 2873 1066 2895 se
1084 2863 1319 2907 assumpsisse
1336 2876 1354 2898 e
1374 2863 1450 2897 Cat.
1472 2864 1571 2898 Harl.
1590 2865 1685 2899 Aub.

102 2900 157 2934 cui
176 2900 350 2935 consentit
366 2912 396 2934 a.
532 2902 585 2936 16.
610 2903 709 2939 αὐτός
729 2904 770 2939 Β.
788 2905 885 2942 οὗτος
904 2907 970 2941 Ed.
1102 2919 1155 2951 25.
1184 2913 1456 2953 καινοτομοῦντες
1477 2911 1517 2946 Β.
1537 2912 1686 2946 correxit

104 2946 221 2982 Holst.
367 2946 422 2982 26.
449 2947 674 2994 ὃιηγγελμένα
693 2950 769 2986 B.a.
789 2952 1019 2997 διηλλιιγμένιι
1037 2956 1184 2989 correxit
1205 2956 1266 2990 Ht.
1286 2957 1380 2991 unde
1400 2957 1465 2991 Ed.

832 3019 951 3057 402
