2084 3317
127 198 151 238 i.
177 211 240 254 15.
371 201 445 242 IN
487 201 530 241 S.
564 199 902 241 JOANNEM.
967 198 1091 238 LIB.
1124 197 1160 237 Ι.
1223 197 1356 237 CAP.
1390 197 1469 237 IX.
1634 198 1716 238 147

128 307 436 362 διδάσκοντος
471 308 821 376 ὑπεραναβαίνῃ
858 307 1040 374 τέχνην,
1068 307 1143 356 καὶ
1179 304 1376 356 κατόπιν
1401 303 1546 358 ἐάσας
1574 302 1717 366 αὐτὴν

127 388 374 455 ἐργάζηται
412 389 467 440 τὸ
506 390 708 453 ἄμεινον,
748 391 831 440 οὐκ
869 387 1101 455 ἀκόμψως
1146 388 1264 452 ἐρεῖν
1301 385 1384 436 τὸν
1424 385 1717 449 νενικημένον

129 470 456 535 ὑπολαμβάνω
494 473 601 538 περὶ
638 478 721 522 τοῦ
760 470 1040 535 νικήσαντος
1079 473 1292 532 μαθητοῦ
1329 469 1392 518 ‘O
1432 468 1587 518 ὀπίσω
1626 489 1717 529 μου

128 551 389 620 ἐρχόμενος,
441 552 709 619 ἔμπροσθέν
758 576 849 616 μου
911 552 1089 618 γε’γονε.
1178 549 1297 601 κατὰ
1365 555 1504 600 τοῦτο
1561 547 1717 598 τοίνυν

87 651 109 689 5
129 634 446 701 μετακομίζων
473 635 526 686 τὸ
561 638 728 702 σχῆμα
762 634 847 698 τὴν
873 640 956 685 τοῦ
987 633 1283 699 θεωρήματος
1316 632 1529 693 δύναμιν,
1560 630 1639 680 ἐπί
1669 652 1717 679 τε

129 721 213 767 τοῦ
267 719 487 784 Σωτῆρος
541 718 671 781 ἡμῶν
723 721 941 783 Χριστοῦ
979 718 1055 766 καὶ
1104 721 1186 766 τοῦ
1243 715 1378 779 ἁγίου
1432 717 1717 773 βαπτιστοῦ,

130 797 316 862 νοήσεις
348 800 514 865 ὀρθῶς·
557 799 696 866 δέχου
731 798 779 849 δὲ
815 797 874 849 τὰ
910 799 1017 848 καθ’
1048 797 1250 848 ἕκαστον
1277 797 1333 864 ἐξ
1365 798 1528 862 ἀρχῆς.
1584 795 1717 844 ἐθαυ-
1738 813 1759 839 e

129 879 299 947 μάζετο
348 880 478 948 παρὰ
527 879 718 932 πάντων
763 881 787 931 ὃ
839 878 1123 942 βαπτιστὴς,
1167 877 1380 931 πολλοὺς
1425 876 1564 928 ἐποίει
1613 875 1720 928 τοὺς

130 961 358 1027 μαθητὰς,
399 961 543 1030 ὄχλος
589 962 731 1013 αὐτὸν
771 961 972 1029 περιέθει
1017 965 1111 1011 τῶν
1152 958 1505 1024 βαπτιζομένων
1546 956 1718 1018 πολὺς,

65 1045 343 1111 Ιοήγνοεῖτο
382 1044 430 1096 δὲ
470 1046 619 1095 καίτοι
657 1045 879 1111 κρείττων
918 1043 983 1093 ὧν
1022 1044 1047 1093 ὁ
1088 1042 1316 1108 Χριστὸς,
1356 1039 1611 1092 ἐλάνθανεν
1653 1038 1723 1089 ὅτι

133 1125 254 1179 Θεὸς
293 1128 500 1194 ὑπῆρχεν
541 1125 780 1190 ἀληθινός·
828 1124 986 1190 ἐπειδὴ
1026 1124 1074 1176 δὲ
1112 1125 1338 1190 ἠγνοεῖτο,
1374 1119 1724 1186 θαυμαζομένου

131 1214 215 1259 τοῦ
251 1214 535 1271 βαπτιστοῦ,
575 1208 720 1260 ἐδόκει
757 1231 858 1261 πως
898 1209 973 1258 καὶ
1012 1206 1264 1273 ὑστερίζειν
1302 1206 1460 1256 αὑτοῦ·
1517 1202 1724 1267 ἐβάδιζεν

134 1290 276 1342 ὀπίσω
313 1289 471 1358 βραχὺ
510 1289 564 1342 τὸ
602 1290 759 1357 μεῖζον
794 1289 984 1357 ε”χοντος
1024 1288 1091 1339 ε”τι
1130 1287 1250 1338 κατὰ
1289 1285 1428 1350 τιμὴν
1466 1288 1540 1336 καὶ
1581 1283 1726 1353 δόξαν

133 1371 219 1435 τὴν
257 1374 305 1422 ἐν
343 1372 605 1439 ἀνθρώποις
645 1373 834 1423 ἐκείνου’
890 1371 1001 1422 ἀλλ’
1046 1377 1063 1422 o‘
1104 1372 1329 1439 ἐρχόμενος
1370 1372 1511 1420 ὀπίσω
1549 1366 1725 1433 γέγονεν

67 1467 114 1505 Ι5
136 1453 384 1522 ἔμπροσθεν,
415 1454 580 1521 μείζων
612 1453 834 1505 Ἰωάννου
873 1455 948 1504 καὶ
988 1453 1209 1518 κρείττων
1247 1450 1644 1513 ἀναδεικνύμενος.
1700 1449 1724 1498 ὁ
1745 1471 1766 1495 a
1816 1462 1873 1495 99
1896 1460 1950 1493 A.

134 1533 221 1599 μὲν
246 1535 339 1601 γὰρ
372 1535 462 1601 ἤδη
489 1535 611 1590 Θεὸς
646 1535 870 1603 ὑπάρχων
897 1534 972 1585 διὰ
1007 1539 1101 1585 τῶν
1126 1534 1276 1599 ἔργων
1303 1531 1674 1593 ἀπεκαλύπτετο,
1702 1531 1726 1581 ὁ

135 1615 182 1667 δὲ
208 1620 291 1681 τῆς
317 1617 679 1684 ἀνθρωπότητος
706 1618 789 1668 οὐκ
815 1618 1084 1677 ἀναβαίνων
1104 1615 1158 1667 τὸ
1184 1615 1368 1681 με’τρον,
1388 1618 1531 1666 ὀπίσω
1557 1611 1728 1664 λοιπὸν

134 1698 339 1766 γεγονὼς
359 1701 636 1766 εὑρίσκεται.
676 1700 843 1751 οὐκοῦν
863 1701 1217 1765 αἰνιγματωδῶς
1246 1699 1270 1748 ὁ
1295 1695 1524 1763 μακάριος
1549 1695 1730 1762 ἔφασκε

134 1782 404 1846 βαπτιστής
429 1783 487 1833 Ὁ
514 1784 656 1833 ὀπίσω
681 1806 766 1850 μου
795 1783 1015 1850 ἐρχόμενος
1045 1778 1276 1850 ἔμπροσθέν
1302 1804 1387 1847 μου
1414 1776 1599 1844 γέγονεν,
1627 1779 1729 1827 ἀντὶ

69 1883 117 1907 20
135 1869 218 1914 τοῦ
244 1865 306 1914 ‘O
332 1863 446 1915 ποτὲ
479 1862 677 1915 κατόπιν
703 1866 785 1927 τῆς
821 1865 932 1927 ἐμῆς
971 1862 1197 1929 ὑπάρχων
1227 1864 1379 1924 τιμῆς,
1406 1859 1731 1928 ἐπιδοξότερος

135 1944 291 2015 ὤφθη,
330 1947 406 1996 καὶ
451 1946 755 2012 ἀσυγκρίτοις
801 1947 1052 2012 ὑπεροχαῖς
1096 1943 1150 1994 τὸ
1195 1944 1297 2006 ἐμοὶ
1341 1941 1523 2009 πρέπον
1561 1964 1609 1992 τε
1656 1943 1732 1992 καὶ

134 2025 321 2094 προσὸν
356 2027 677 2095 ὑπερεκτρέχει
715 2027 904 2094 με’τρον.
964 2028 1087 2078 οὕτω
1127 2031 1340 2078 νοοῦντες
1378 2023 1431 2074 τὸ
1471 2022 1728 2089 εἰρημένον,

136 2107 352 2176 μάρτυρα
389 2112 471 2173 τῆς
510 2109 653 2178 δόξης
690 2115 774 2160 τοῦ
815 2112 1120 2174 Μονογενοῦς
1159 2109 1422 2173 εὑρήσομεν
1462 2104 1617 2168 αὑτὸν,
1658 2107 1733 2155 καὶ
1750 2116 1777 2157 b

137 2191 220 2242 οὐκ
255 2191 436 2242 εἶκαίων
469 2191 764 2257 πραγμάτων
797 2190 989 2257 ἄκαιρον
1021 2187 1271 2258 ἐξηγητήν.
1327 2188 1381 2240 τὸ
1421 2188 1514 2253 γὰρ
1547 2180 1733 2253 μείζονα

72 2286 120 2325 25
138 2273 294 2339 λε’γειν
332 2274 497 2324 ἑαυτοῦ
538 2271 621 2324 τὸν
653 2271 884 2338 Χριστὸν,
924 2271 1140 2338 μεγάλην
1179 2271 1369 2339 ἔχοντος
1407 2272 1480 2321 ἐπὶ
1520 2268 1733 2335 ἁγιότητι

138 2354 224 2420 τὴν
258 2354 520 2424 ὑπόληψιν,
556 2356 605 2406 τί
635 2353 692 2406 ἂν
727 2355 882 2421 ἕτερον
919 2355 985 2418 ε’ίη
1023 2353 1206 2415 λοιπὸν,
1239 2352 1268 2417 ἢ
1306 2352 1452 2422 δόξαν
1488 2353 1614 2420 αὐτῷ
1648 2350 1734 2415 τὴν

137 2437 374 2506 ἐξαίρετον
412 2438 774 2503 ἐπιμαρτυρεῖν;
825 2437 885 2488 ’ὅτι
925 2436 1094 2505 πρῶτός
1133 2460 1216 2503 μου
1255 2431 1314 2495 ἧν.
1377 2432 1611 2502 ἔμπροσθεν
1649 2457 1733 2500 μου

138 2517 310 2585 γέγονεν
348 2518 504 2581 εἰπὼν,
544 2520 808 2585 ἀναγκαίως
854 2517 1060 2586 ἐπιφέρει
1099 2517 1153 2568 τό
1188 2516 1298 2568 εὈτι
1339 2516 1509 2584 πρωτός
1548 2540 1632 2583 μου
1672 2511 1730 2576 ἧν,

140 2599 478 2667 πρεσβυτάτην
521 2601 648 2670 αὐτῷ
695 2601 781 2665 τὴν
822 2599 969 2669 δόξαν
1010 2601 1255 2661 ἀνατιθεὶς,
1295 2601 1370 2649 καὶ
1415 2597 1469 2648 τὸ
1513 2598 1736 2665 προῦχειν

194 2732 248 2755 ΙΙ.
274 2721 525 2765 θαυμαζομενου
544 2722 586 2757 Β.
609 2724 648 2757 τὸ
673 2723 924 2767 θαυμαζόμενον
945 2722 1012 2757 Ed.
1077 2720 1167 2756 Ad’
1153 2723 1319 2767 ηγνοεῖτο,
1340 2721 1372 2754 D
1395 2732 1467 2765 mg.
1486 2726 1584 2754 notat
1603 2735 1650 2764 σχ
1675 2719 1728 2763 (=

143 2767 304 2812 σχόλιον)
323 2769 587 2813 ητοιὸθεότης;
613 2776 647 2804 et
664 2769 707 2804 ad
725 2771 840 2810 αὐτου,
860 2771 962 2815 ἤγουν
979 2771 1039 2803 τοῦ
1056 2770 1251 2807 βαπτιστοῦ
1269 2769 1384 2801 αὐτοῦ.
1500 2777 1553 2809 15.
1579 2766 1736 2800 Ἰωάννου

142 2814 287 2857 μείζων
280 2826 419 2848 mverso
437 2815 556 2849 ordine
576 2816 618 2851 B.
728 2827 780 2861 17.
808 2816 946 2861 λοιπὸν]
973 2820 1007 2856 -1-
1030 2816 1083 2849 καὶ
1102 2815 1168 2849 Ed.
1187 2815 1297 2848 invito
1318 2814 1361 2848 Β.
1466 2814 1517 2847 18.
1544 2813 1736 2858 εὑρίσκεται

144 2871 215 2894 om.
237 2860 275 2894 Ε.
294 2860 419 2894 lacuna
435 2861 536 2895 sacta.
703 2873 758 2897 22.
785 2877 1024 2908 υπερεκτρεχει
1042 2873 1176 2896 correxl
1194 2873 1235 2894 ex
1255 2860 1362 2894 Cord.
1382 2866 1461 2904 post
1479 2860 1614 2904 Migne.
1634 2861 1736 2904 ὑπερ-

144 2920 299 2951 εκτρεχοι
318 2906 385 2940 Ed.
535 2919 589 2950 24.
615 2908 763 2954 εἷκαίων]
784 2909 914 2944 οἰκείων
933 2908 1039 2942 Cord.
1190 2918 1245 2950 27.
1273 2906 1325 2940 ὅτι
1341 2908 1473 2952 πρῶτός
1492 2922 1555 2950 μου
1574 2905 1663 2952 ἧν]’
1650 2907 1702 2940 ότι
1720 2908 1737 2939 ὁ

145 2953 256 2987 ὀπίσω
273 2967 338 2996 μου
356 2953 538 2998 ἐρχόμενος
554 2966 573 2987 e
591 2966 656 2988 suo
678 2955 812 3000 Migne.
957 2956 1011 2989 28.
1040 2953 1057 2987 ὃ
1075 2966 1138 2998 pro
1157 2968 1209 2987 οτι
1230 2953 1271 2987 Β.
1418 2964 1472 2997 29.
1497 2954 1675 2989 ἀντιτιθεις
1695 2952 1737 2987 B.

145 2999 426 3045 repugnantibus
444 3011 475 3034 a.
494 2999 601 3034 Cord.
621 3001 681 3046 qui
697 3001 875 3045 ἀνατίθησι
893 3001 1072 3036 exhibent.
1138 2999 1298 3045 προέχειν
1314 3011 1345 3034 a.

910 3068 984 3095 112
