2073 3296
295 121 351 161 92
698 117 746 157 B.
781 114 1054 156 CYRILLI
1095 113 1476 154 ALEXANDR.
1733 113 1758 152 i.
1779 112 1818 162 6,
1843 122 1881 164 7.

297 233 325 256 ‘⁶
351 223 650 292 λειτουργικὰ
691 223 945 287 πνεύματα,
988 225 1050 275 εἷς
1094 222 1330 272 διακονίαν
1370 218 1767 282 ἀποστελλόμενα
1810 217 1887 269 διὰ

1388 300 1412 318 92

78 323 134 357 62
154 321 206 358 A.
260 331 282 355 a
300 314 328 337 “
353 306 460 361 τοὺς
483 306 750 371 μέλλοντας
778 307 1086 370 κληρονομεῖν
1112 303 1383 368 σωτηρίαν;
1442 302 1609 352 οὐκοῦν
1628 301 1835 367 ἄγγελος
1861 299 1887 350 ὁ

299 387 526 453 μακάριος
550 382 1055 448 βαπτιστὴςἸωάννης
1082 381 1157 433 διὰ
1183 385 1264 446 τῆς
1289 388 1373 433 τοῦ
1394 382 1649 433 Δεσπότου
1675 379 1883 433 κατωνό-

299 491 481 533 μασται
508 471 683 537 φωνῆς,
703 467 786 517 οὐκ
812 463 925 516 αὐτὸ
951 463 1071 515 κατὰ
1098 463 1247 532 φύσιν
1273 463 1480 529 ἄγγελος
1507 462 1585 525 ὢν,
1603 462 1714 512 ἀλλ’
1737 465 1800 516 ὡς
1826 465 1890 516 εἷς

300 549 354 601 τὸ
391 549 646 615 ἀγγέλλειν
673 546 1048 610 ἀπεσταλμένος,
1077 546 1153 596 καὶ
1178 543 1282 608 Τὴν
1309 543 1419 596 ὁδὸν
1444 549 1527 595 τοῦ
1556 545 1733 609 Κυρίου
1764 544 1885 594 ἑτοι-
1909 556 1931 594 5

300 630 487 694 μάσατε
513 633 658 691 βοῶν.
698 628 944 694 χρησίμως
971 626 1019 677 δὲ
1045 627 1155 677 λίαν
1175 628 1250 677 καὶ
1276 625 1407 693 παρὰ
1428 629 1553 677 Θεοῦ
1579 625 1661 676 τὸν
1682 625 1893 690 ἄγγελον

301 712 602 764 ἀπεστάλθαι
629 709 974 776 διισχυρίσατο,
1001 707 1316 771 βεβαιοτάτην
1343 708 1486 758 αὐτοῦ
1522 704 1608 770 τὴν
1634 705 1894 771 μαρτυρίαν

301 791 632 844 ἀποδεικνύων.
688 789 912 855 οὐδὲγὰρ
949 787 1007 839 ἂν
1033 791 1058 840 ὁ
1093 788 1224 854 παρὰ
1250 792 1376 839 Θεοῦ
1409 787 1528 854 πρὸς
1563 786 1616 838 τὸ
1653 785 1894 853 κηρύττειν

1754 867 1771 885 Α

257 881 283 921 b
302 872 675 936 ἀπεσταλμένος,
727 871 883 936 ἕτερόν
933 894 976 921 τι
1024 870 1391 939 παρεφθέγξατο
1443 867 1700 932 διδάσκων,
1753 891 1777 918 ο
1828 866 1894 931 μὴ

301 956 490 1008 πάντως
534 952 592 1017 ἧν
638 952 756 1004 κατὰ
798 952 1038 1016 βούλησιν
1081 958 1164 1003 τοῦ
1208 950 1293 1016 τὴν
1334 949 1615 1014 ἀποστολὴν
1660 949 1895 1002 ἐπιθέντος·
1917 968 1966 994 10

303 1037 447 1105 αὐτῷ.
502 1036 669 1085 οὐκοῦν
694 1033 875 1097 ἀληθὴς
910 1034 934 1083 ὁ
972 1031 1150 1099 μάρτυς
1186 1034 1481 1086 θεοδίδακτος
1515 1028 1597 1082 ὧν·
1638 1036 1777 1082 τοῦτο
1802 1029 1897 1097 γὰρ

303 1117 431 1181 οἶμαι
482 1115 730 1180 σημαίνειν
780 1115 834 1166 τό
879 1114 1250 1182 Ἀπεσταλμένος
1300 1113 1430 1184 παρὰ
1480 1115 1608 1165 Θεοῦ·
1674 1114 1770 1164 ἐπεὶ
1821 1113 1897 1162 καὶ

81 1210 236 1242 Ga1.i.1.
305 1203 503 1251 Παῦλος
541 1198 651 1261 ἡμῖν
691 1198 716 1247 ὁ
760 1196 1043 1265 σοφώτατος
1084 1194 1387 1247 ἀπεστάλθαι
1427 1194 1582 1260 λέγων
1620 1193 1698 1244 διὰ
1734 1195 1897 1257 Ἰησοῦ

303 1284 540 1346 Χριστοῦ,
575 1283 658 1329 τοῦ
695 1278 960 1343 μυστηρίου
997 1276 1083 1341 τὴν
1117 1277 1314 1340 δύναμιν
1348 1278 1401 1328 οὐ
1433 1277 1541 1343 παρ’
1579 1276 1736 1342 ἑτέρου
1774 1273 1900 1328 τινὸς

81 1377 199 1409 Ib.12.
302 1363 538 1425 ἐκμαθεῖν,
568 1358 700 1410 ἀλλὰ
727 1365 755 1388 “
775 1359 830 1409 δι’
864 1359 1246 1426 ἀποκαλύψεως”
1273 1363 1356 1409 τοῦ
1391 1356 1714 1427 πεπομφότος,
1746 1359 1897 1418 διεβε-
1921 1376 1968 1415 15

302 1441 564 1504 βαιώσατο,
589 1440 899 1504 συνημμένως
936 1440 1047 1502 ἡμῖν
1082 1437 1245 1506 ὥσπερ
1283 1441 1358 1490 καὶ
1397 1438 1712 1500 ἀδιαστάτως,
1752 1440 1800 1489 ἐν
1833 1446 1902 1506 τῷ

265 1521 605 1575 οάπεστάλθαι
656 1521 810 1587 λέγειν
853 1520 929 1571 διὰ
971 1520 1135 1584 Ἰησοῦ
1183 1524 1416 1587 Χριστοῦ,
1463 1519 1548 1584 τὴν
1592 1518 1902 1588 ἀποκάλυψιν

302 1605 626 1672 ὑπεμφαίνων.
696 1605 865 1654 οὐκοῦν
908 1603 957 1653 ἐν
1001 1606 1068 1671 τῷ
1119 1601 1422 1654 ἀπεστάλθαι
1472 1600 1604 1668 παρὰ
1656 1604 1798 1659 Θεοῦ,
1844 1599 1901 1651 τὸ

304 1687 602 1737 θεοδίδακτον
629 1683 743 1735 εἶναι
771 1683 961 1738 πάντως
988 1686 1249 1736 ἀκολουθεῖ.
1289 1682 1344 1735 τὸ
1371 1683 1419 1734 δὲ
1446 1684 1668 1752 ἀψευδεῖν
1694 1681 1764 1733 ὅτι
1791 1682 1902 1732 λίαν

304 1765 634 1818 ἐσπούδασται
656 1770 753 1819 τοῖς
778 1768 859 1829 τῆς
888 1766 1109 1830 ἀληθείας
1135 1769 1440 1832 λειτουργοῖς,
1466 1765 1548 1815 οὐκ
1574 1764 1860 1833 ἀμφίλογον.
1922 1786 1972 1812 20

369 1847 474 1900 ‘³Hv
517 1847 567 1899 δὲ
613 1850 688 1898 καὶ
740 1849 888 1915 ὄνομα,
941 1849 1079 1917 φησὶ,
1130 1851 1196 1916 τῷ
1248 1846 1483 1916 ἀνθρώπῳ
1533 1843 1742 1905 Ἰωάννης.
1814 1845 1902 1896 ἔδει

305 1930 619 1996 γνωρίζεσθαι
657 1928 740 1979 τὸν
779 1929 1158 1993 ἀπεσταλμένον,
1197 1930 1273 1979 καὶ
1316 1932 1375 1994 τῇ
1415 1932 1498 1978 τοῦ
1538 1926 1767 1990 ὀνόματος
1812 1949 1902 1990 ση-

306 2013 472 2080 μασίᾳ,
506 2009 712 2074 πολλὴν,
741 2012 802 2064 ὡς
838 2008 978 2074 οἶμαι,
1004 2013 1070 2080 τῷ
1108 2009 1242 2079 λόγῳ
1280 2009 1365 2074 τὴν
1401 2009 1705 2078 ἀξιοπιστίαν
1742 2007 1905 2077 εἰσφέ-

87 2098 247 2184 ῗὲῙΛΗΟᾹ·
307 2111 486 2160 ροντος·
543 2092 748 2158 ἅγγελος
786 2092 894 2159 γάρ·
950 2093 1169 2160 Γαβριὴλ
1211 2092 1260 2144 δὲ
1299 2093 1433 2146 οὗτος
1476 2100 1502 2123 “
1529 2094 1554 2143 ὁ
1596 2091 1905 2159 παρεστηκὼς

267 2270 296 2311 d
312 2257 534 2324 γέννησιν
561 2257 703 2307 αὐτοῦ
730 2255 816 2321 τὴν
842 2259 891 2308 ἐκ
917 2260 999 2321 τῆς
1023 2257 1291 2318 Ἐλισάβετ
1316 2258 1673 2323 εὐηγγελίσατο,
1693 2254 1812 2321 πρὸς
1838 2254 1907 2309 οῖς

90 2351 224 2425 {ib-6133
313 2339 570 2406 εὑρίσκεται
611 2338 781 2403 λέγων,
807 2340 881 2388 καὶ
921 2345 1060 2389 τοῦτο
1097 2339 1445 2405 προστέθεικεν,
1473 2338 1543 2389 ὅτι
1583 2339 1658 2388 καὶ
1683 2336 1906 2401 Ἰωάννης

124 2419 130 2425 ’
173 2404 202 2434 3⁸
313 2421 448 2471 ἔσται
486 2418 541 2470 τὸ
580 2418 728 2483 ὄνομα
767 2420 924 2471 αὐτοῦ.
982 2423 1130 2483 δῆλον
1157 2419 1206 2470 δὲ
1243 2419 1406 2484 δήπου,
1435 2421 1510 2470 καὶ
1545 2423 1696 2470 πᾶσιν
1724 2419 1904 2482 ὁμολο-

312 2501 556 2568 γούμενον,
589 2503 652 2555 ὡς
690 2500 782 2567 ἄρα
821 2500 940 2552 κατὰ
978 2500 1064 2565 τὴν
1099 2502 1227 2553 θείαν
1265 2500 1505 2565 βούλησίν
1543 2523 1593 2551 τε
1632 2503 1708 2551 καὶ
1745 2499 1902 2567 πρόσ-

313 2583 450 2652 ταξιν
476 2583 598 2634 οὕτω
633 2581 763 2648 παρὰ
797 2588 880 2633 τοῦ
905 2583 1114 2649 ἀγγέλου
1140 2582 1506 2648 κατωνομάζετο.
1559 2579 1658 2633 εἶτα
1690 2585 1791 2636 πῶς·
1824 2582 1907 2632 οὐκ
1927 2600 1976 2636 30

361 2730 393 2759 4.
420 2717 500 2751 αὐτὸ
521 2716 660 2750 B.D.E.
680 2715 780 2751 αὐτὸς
800 2715 907 2750 Ουῐᾱ.
928 2715 994 2750 Ed.
1106 2727 1138 2759 5.
1166 2718 1225 2749 τοῦ
1244 2721 1466 2760 assumptum
1485 2728 1526 2750 ex
1546 2715 1588 2750 B.
1696 2715 1729 2750 6.
1754 2717 1846 2753 βοῶν
1864 2715 1906 2750 B.

316 2763 422 2797 Cord.
440 2765 526 2802 βοᾶν
546 2763 612 2797 Ed.
767 2762 819 2797 16.
846 2762 922 2806 ἡμῖν
939 2763 1072 2797 correxi
1090 2767 1171 2807 post
1191 2762 1326 2807 Migne.
1345 2763 1422 2805 ὑμῖν
1441 2762 1507 2796 Ed.
1654 2771 1707 2806 17.
1736 2762 1834 2796 Haec
1852 2762 1907 2796 διὰ

312 2809 427 2853 Ἰησοῦ
445 2812 596 2853 Χριστοῦ
614 2816 795 2854 assumpta
813 2821 854 2843 ex
875 2809 917 2842 B.
1109 2809 1162 2843 18.
1190 2809 1400 2852 ὑπεμφαίνον
1419 2808 1460 2842 Ε.
1646 2819 1699 2853 19.
1725 2809 1847 2844 πάντες
1863 2808 1906 2843 Ε.

315 2867 370 2889 21.
396 2858 486 2900 φησι
504 2858 549 2901 τῷ
567 2855 730 2903 ἀνθρώπῳ
749 2856 814 2890 hoc
833 2855 955 2890 ordine
976 2855 1017 2889 Β.
1173 2855 1226 2889 26.
1252 2855 1500 2900 εὐηγγελίσατο
1519 2854 1561 2890 Β.
1581 2855 1818 2900 εὐηγγελίζετο
1836 2854 1904 2890 Ed.

316 2911 370 2947 27.
400 2904 452 2936 καὶ
471 2903 529 2936 alt.
549 2914 618 2936 om.
643 2902 682 2937 B.

310 2183 338 2206 ‘⁶
360 2175 557 2227 ἐνώπιον
576 2181 659 2226 τοῦ
681 2177 845 2238 Θεοῦ,”
865 2176 986 2227 καθά
1013 2180 1165 2244 φησιν
1189 2175 1341 2229 αὐτός·
1382 2175 1457 2226 ὅτε
1483 2178 1550 2244 τῷ
1579 2174 1795 2242 Ζαχαρίᾳ
1819 2172 1906 2238 τὴν
1926 2195 1974 2233 25
