2084 3317
747 629 1066 678 ΚΕΦΑΛΗ
1123 630 1178 679 Β.
1775 643 1798 667 a
1832 633 1982 668 254A.

160 798 255 840 ‘'Ort
277 800 391 840 εἰκών
419 800 503 841 ἐστι
533 803 601 840 τοῦ
624 802 731 841 Θεοῦ
760 801 821 841 καὶ
844 799 1000 852 Πατρὸς
1028 801 1048 840 ὁ
1069 800 1179 849 Ύὶὸς,
1203 800 1246 840 ἐν
1278 798 1307 854 ᾧ
1339 800 1401 840 καὶ
1432 798 1527 851 πρὸς
1547 798 1761 843 Ἰουδαίους

223 873 400 927 ἔλεγχος,
439 875 489 916 ὡς
526 873 578 925 μὴ
619 877 807 917 νοοῦντας
847 877 895 915 τὰ
935 876 999 915 διὰ
1036 873 1237 916 Μωυσέως
1274 874 1565 926 αἰνιγματωδῶς
1604 876 1761 924 μᾶλλον

223 946 414 1000 εἰρημένα.

121 1084 275 1130 ὄΟὔτε
311 1084 464 1141 φωνι-ὶν
502 1086 632 1127 αὐτοῦ
670 1085 849 1127 Πώποτε
893 1086 1123 1137 ἀκΗκόατε,
1160 1085 1259 1126 οὔτε
1297 1080 1412 1126 εἶδος
1450 1084 1580 1126 αὐτοῦ
1617 1083 1759 1141 ἑωρά-

233 1184 347 1220 κατε,
385 1169 455 1210 καὶ
499 1169 569 1211 τὸν
614 1169 740 1217 λόΓον
779 1170 910 1211 αὐτοῦ
954 1169 1031 1210 οὐκ
1074 1169 1193 1225 ἔχετε
1236 1168 1282 1210 ἐν
1325 1165 1420 1218 ὑμῖν
1458 1169 1656 1220 μένοντα,
1694 1170 1757 1212 ὅτι
1778 1166 1827 1212 33

231 1253 279 1294 ὃν
317 1252 586 1294 ἀπέσταλκεν
623 1249 801 1304 ἐκεῖνος,
839 1254 978 1307 τούτῳ
1012 1249 1131 1301 ὑμεῖς
1169 1252 1217 1294 οὐ
1256 1252 1493 1294 Πιστεύετε.
1776 1255 1804 1297 b

240 1363 385 1411 OYX
412 1361 572 1424 ἁπλῆν
605 1361 664 1411 ἄν
696 1383 766 1414 τις
799 1360 885 1412 ἰ’δοι
924 1360 1172 1425 νοημάτων
1198 1359 1450 1424 διασκευὴν
1485 1363 1551 1430 τῷ
1584 1381 1757 1426 προτε-

164 1443 288 1493 θέντι
324 1441 474 1494 πάλιν
511 1442 814 1510 ἐπιχεομένην
850 1444 992 1512 ῥητῷ,
1033 1441 1165 1493 ἀλλὰ
1203 1442 1533 1509 κεκρυμμένων
1572 1445 1755 1508 θεωρη-

97 1548 145 1574 10
163 1523 326 1588 μάτων
372 1524 535 1588 ἑσμὸν,
581 1525 708 1576 πολὺ
752 1524 808 1590 δὴ
853 1526 963 1575 λίαν
1007 1523 1211 1578 εὐκόλως
1255 1524 1338 1575 τὸν
1381 1528 1477 1575 τῶν
1521 1522 1758 1589 ἀζητήτως

161 1607 529 1672 ἐπακροωμένων
578 1606 937 1673 παριππεύοντα
988 1612 1111 1669 νοῦν,
1162 1605 1322 1669 μόνοις
1382 1606 1431 1657 δὲ
1486 1603 1611 1673 τάχα
1661 1610 1758 1658 τοῖς

161 1688 436 1755 πικρότερον
472 1687 770 1757 ἐξετάζουσιν
804 1689 1008 1754 ὁρᾶσθαι
1045 1686 1434 1755 καταδεχόμενον.
1488 1687 1538 1739 τί
1568 1686 1663 1753 γὰρ
1699 1686 1756 1750 δὴ

161 1770 217 1820 τὸ
255 1769 486 1833 πεπεικὸς,
519 1773 613 1837 ἐρεῖ
645 1793 714 1824 τις
751 1769 910 1837 τυχὸν,
946 1769 1040 1821 ἀπὸ
1078 1772 1161 1833 τῆς
1199 1773 1488 1835 θεοπρεποῦς
1526 1768 1757 1835 ἐνεργείας

161 1857 499 1919 μαρτυρεῖσθαι
534 1852 736 1918 λέγοντα
770 1851 853 1903 τὸν
878 1853 1083 1916 Ἰησοῦν,
1111 1853 1173 1904 ὡς
1208 1852 1287 1902 ε’πί
1317 1874 1363 1902 τι
1396 1855 1491 1902 τῶν
1525 1873 1753 1917 παρακει-
1776 1865 1798 1891 0

98 1955 144 1993 15
162 1935 314 1998 με’νων
370 1936 525 1986 ἐλθεῖν
574 1935 629 1986 τὸ
683 1933 811 1986 πολὺ
868 1935 978 1984 λίαν
1030 1933 1473 2001 ἀπεσχοινισμένον,
1525 1931 1580 1983 τὸ
1639 1931 1758 1997 μήτε

161 2015 404 2081 ἀκηκοέναι
431 2018 554 2084 φημὶ
586 2019 669 2081 τῆς
704 2022 788 2068 τοῦ
816 2020 942 2067 Θεοῦ
968 2017 1043 2067 καὶ
1072 2015 1265 2081 Πατρὸς
1292 2014 1434 2083 φωνῆς
1470 2014 1577 2069 τοὺς
1604 2018 1754 2081 Φαρι-

161 2099 325 2152 σαιόυς
363 2099 568 2160 πώποτε,
611 2099 728 2164 μήτε
766 2098 859 2163 μὴν
902 2101 1155 2149 τεθεᾶσθαι
1192 2097 1247 2148 τὸ
1288 2095 1397 2153 εἶδος
1440 2099 1582 2160 αὐτοῦ,
1626 2096 1758 2148 ἀλλὰ

161 2180 277 2244 μηδὲ
327 2181 394 2232 τὶν
437 2179 574 2247 λέγον
619 2181 740 2249 ἔχειν
786 2182 1052 2232 ἐνοικοῦντα
1096 2180 1252 2232 αὐτοῖς
1296 2179 1379 2230 τὸν
1423 2180 1611 2230 ἐκείνου.
1681 2180 1757 2229 καὶ

162 2263 471 2327 συνθήσομαί
504 2286 571 2329 γε,
600 2264 675 2313 καὶ
713 2267 805 2316 πᾶς
843 2285 912 2316 τις
950 2259 1078 2324 οἶμαι
1116 2266 1211 2312 τῶν
1238 2261 1420 2323 ἄλλων,
1447 2263 1508 2315 ὡς
1546 2262 1627 2312 οὐκ
1665 2260 1757 2329 ἔξω

98 2369 147 2394 20
163 2351 245 2396 τοῦ
271 2345 533 2411 πρέποντος
558 2345 723 2411 γένοιτ’
750 2344 808 2396 ἂν
833 2346 861 2409 ἡ
889 2344 1080 2408 τοιαύτη
1111 2342 1242 2410 παρά
1277 2367 1416 2394 τινων
1442 2342 1753 2409 ἐπαπόρησις.

161 2432 298 2479 ποῖον
338 2429 420 2478 οῦν
458 2427 550 2494 ἄρα
587 2432 684 2481 τοῖς
724 2425 1040 2493 προκειμένοις
1080 2424 1419 2493 ἐφαρμόσομεν
1461 2430 1584 2487 νοῦν,
1621 2424 1671 2474 τί
1708 2422 1757 2474 δὲ

162 2508 310 2560 πάλιν
348 2510 757 2575 εὑρεσιλογοῦντες
793 2507 1130 2578 ἐξαρτύσομεν,
1159 2510 1241 2572 τῆς
1283 2508 1504 2572 ἀληθείας
1546 2505 1756 2573 ἐχόμενοι
1776 2513 1803 2554 (1

160 2594 393 2659 πανταχῆ,
430 2590 506 2642 διὰ
539 2594 621 2655 τῆς
655 2597 739 2642 τοῦ
777 2590 1052 2655 Πνεύματος
1093 2589 1324 2655 ἐνεργείας
1363 2612 1411 2640 τε
1451 2590 1527 2639 καὶ
1565 2586 1758 2656 χάριτος

159 2673 356 2742 ἐξειπεῖν
381 2672 682 2739 πειράσομαι.

209 2863 242 2896 3.
269 2852 314 2886 ὡς
330 2862 398 2884 om.
420 2850 462 2885 B.
653 2862 686 2895 9.
712 2850 930 2896 ἐπιχεομένην
950 2850 991 2885 Β.
1009 2848 1273 2894 ἐπεισχεομένην
1291 2846 1358 2881 Ed.
1560 2856 1612 2880 12.
1640 2844 1679 2888 δὴ
1697 2843 1753 2889 τὸ]

162 2898 288 2981 {in-035
310 2897 350 2932 B.
388 2944 423 2978 δῖ
444 2943 473 2977 Β
629 2897 683 2931 16.
709 2898 786 2933 τοὺς
804 2897 1010 2942 Φαρισαίους
1027 2899 1164 2932 πώποτε
1182 2901 1262 2930 ante
1279 2896 1338 2939 τῆς
1355 2894 1415 2928 τοῦ
1433 2898 1477 2928 tr.
1498 2891 1563 2927 Ed.
1584 2892 1694 2927 invito
1715 2891 1758 2926 B.

213 2971 221 2980 .
269 2961 288 2989 η
306 2956 370 2990 pro
409 2958 424 2978 ε
478 2970 485 2978 .
