<?xml version="1.0" encoding="UTF-8"?>
<!DOCTYPE html PUBLIC "-//W3C//DTD XHTML 1.0 Transitional//EN"
    "http://www.w3.org/TR/xhtml1/DTD/xhtml1-transitional.dtd">
<html xmlns="http://www.w3.org/1999/xhtml" xml:lang="en" lang="en">
 <head>
  <title>
</title>
<meta http-equiv="Content-Type" content="text/html;charset=utf-8" />
  <meta name='ocr-system' content='tesseract 3.04.00' />
  <meta name='ocr-capabilities' content='ocr_page ocr_carea ocr_par ocr_line ocrx_word'/>
</head>
<body>
  <div class='ocr_page' id='page_1' title='image "./operacyrilli03cyriuoft_0378.png"; bbox 0 0 2084 3317; ppageno 0'>
   <div class='ocr_carea' id='block_1_1' title="bbox 137 2026 270 2197">
    <p class='ocr_par' dir='ltr' id='par_1_1' title="bbox 137 2026 270 2145">
     <span class='ocr_line' id='line_1_1' title="bbox 137 2026 263 2058; baseline -0.016 0"><span class='ocrx_word' id='word_1_1' title='bbox 137 2029 170 2058; x_wconf 82' lang='lat' dir='ltr'>S.</span> <span class='ocrx_word' id='word_1_2' title='bbox 183 2026 263 2056; x_wconf 85' lang='lat' dir='ltr'>Luc.</span> 
     </span>
     <span class='ocr_line' id='line_1_2' title="bbox 137 2071 270 2110; baseline -0.023 -8"><span class='ocrx_word' id='word_1_3' title='bbox 137 2071 204 2102; x_wconf 84' lang='lat' dir='ltr'><strong>xiii.</strong></span> <span class='ocrx_word' id='word_1_4' title='bbox 224 2079 270 2110; x_wconf 80' lang='lat'>15.</span> 
     </span>
     <span class='ocr_line' id='line_1_3' title="bbox 137 2115 231 2145; baseline -0.011 0"><span class='ocrx_word' id='word_1_5' title='bbox 137 2115 231 2145; x_wconf 67' lang='lat' dir='ltr'>Infra,</span> 
     </span>
    </p>

    <p class='ocr_par' dir='ltr' id='par_1_2' title="bbox 137 2159 262 2197">
     <span class='ocr_line' id='line_1_4' title="bbox 137 2159 262 2197; baseline 0 -8"><span class='ocrx_word' id='word_1_6' title='bbox 137 2159 192 2189; x_wconf 85' lang='lat' dir='ltr'><strong>vii.</strong></span> <span class='ocrx_word' id='word_1_7' title='bbox 212 2168 226 2188; x_wconf 88' lang='lat'><strong>2</strong></span> <span class='ocrx_word' id='word_1_8' title='bbox 233 2167 262 2197; x_wconf 77' lang='lat'>3.</span> 
     </span>
    </p>
   </div>
   <div class='ocr_carea' id='block_1_2' title="bbox 354 160 1943 243">
    <p class='ocr_par' dir='ltr' id='par_1_3' title="bbox 354 160 1943 243">
     <span class='ocr_line' id='line_1_5' title="bbox 354 160 1943 243; baseline -0.001 -13"><span class='ocrx_word' id='word_1_9' title='bbox 354 191 438 231; x_wconf 80' lang='lat'>312</span> <span class='ocrx_word' id='word_1_10' title='bbox 757 193 807 233; x_wconf 85' lang='lat' dir='ltr'>B.</span> <span class='ocrx_word' id='word_1_11' title='bbox 841 192 1117 233; x_wconf 83' lang='lat' dir='ltr'>CYRILLI</span> <span class='ocrx_word' id='word_1_12' title='bbox 1160 192 1539 233; x_wconf 78' lang='lat' dir='ltr'><strong>ALEXANDR.</strong></span> <span class='ocrx_word' id='word_1_13' title='bbox 1730 206 1768 232; x_wconf 73' lang='lat' dir='ltr'>v.</span> <span class='ocrx_word' id='word_1_14' title='bbox 1794 160 1857 240; x_wconf 49' lang='lat'>16&#39;,</span> <span class='ocrx_word' id='word_1_15' title='bbox 1880 201 1943 243; x_wconf 89' lang='lat'>17.</span> 
     </span>
    </p>
   </div>
   <div class='ocr_carea' id='block_1_3' title="bbox 355 298 1946 608">
    <p class='ocr_par' dir='ltr' id='par_1_4' title="bbox 355 298 1946 608">
     <span class='ocr_line' id='line_1_6' title="bbox 355 298 1945 367; baseline -0.001 -17"><span class='ocrx_word' id='word_1_16' title='bbox 355 298 653 366; x_wconf 78' lang='grc' dir='ltr'>ἀπαγγέλλει</span> <span class='ocrx_word' id='word_1_17' title='bbox 691 300 992 367; x_wconf 83' lang='grc' dir='ltr'>προσελθὼν,</span> <span class='ocrx_word' id='word_1_18' title='bbox 1031 302 1091 352; x_wconf 71' lang='grc' dir='ltr'>’ότι</span> <span class='ocrx_word' id='word_1_19' title='bbox 1131 304 1291 361; x_wconf 67' lang='grc' dir='ltr'>Ἰησοῦς</span> <span class='ocrx_word' id='word_1_20' title='bbox 1333 303 1442 351; x_wconf 76' lang='grc' dir='ltr'>ἐστιν</span> <span class='ocrx_word' id='word_1_21' title='bbox 1476 302 1500 350; x_wconf 85' lang='grc' dir='ltr'><strong>ὁ</strong></span> <span class='ocrx_word' id='word_1_22' title='bbox 1539 303 1809 365; x_wconf 81' lang='grc' dir='ltr'>περιπατεῖν</span> <span class='ocrx_word' id='word_1_23' title='bbox 1847 300 1945 349; x_wconf 84' lang='grc' dir='ltr'>ε’πι-</span> 
     </span>
     <span class='ocr_line' id='line_1_7' title="bbox 355 379 1946 452; baseline -0.002 -19"><span class='ocrx_word' id='word_1_24' title='bbox 355 381 504 451; x_wconf 78' lang='grc' dir='ltr'>τάξας</span> <span class='ocrx_word' id='word_1_25' title='bbox 539 385 586 433; x_wconf 86' lang='grc' dir='ltr'>ἐν</span> <span class='ocrx_word' id='word_1_26' title='bbox 613 382 866 452; x_wconf 76' lang='grc' dir='ltr'>σαββάτῳ,</span> <span class='ocrx_word' id='word_1_27' title='bbox 894 383 1005 434; x_wconf 89' lang='grc' dir='ltr'>ἀλλ’</span> <span class='ocrx_word' id='word_1_28' title='bbox 1035 390 1052 435; x_wconf 80' lang='grc' dir='ltr'>ὁ</span> <span class='ocrx_word' id='word_1_29' title='bbox 1089 385 1281 443; x_wconf 73' lang='grc' dir='ltr'>ποιήσας</span> <span class='ocrx_word' id='word_1_30' title='bbox 1310 384 1436 434; x_wconf 56' lang='lat' dir='ltr'>marku</span> <span class='ocrx_word' id='word_1_31' title='bbox 1462 381 1575 448; x_wconf 67' lang='grc' dir='ltr'>ὑγιῆ.</span> <span class='ocrx_word' id='word_1_32' title='bbox 1631 386 1770 432; x_wconf 86' lang='grc' dir='ltr'>τοῦτο</span> <span class='ocrx_word' id='word_1_33' title='bbox 1805 380 1852 431; x_wconf 77' lang='grc' dir='ltr'>δὲ</span> <span class='ocrx_word' id='word_1_34' title='bbox 1887 379 1946 444; x_wconf 87' lang='grc' dir='ltr'>ἧν</span> 
     </span>
     <span class='ocr_line' id='line_1_8' title="bbox 357 462 1940 530; baseline -0.001 -16"><span class='ocrx_word' id='word_1_35' title='bbox 357 463 514 530; x_wconf 78' lang='grc' dir='ltr'>ἕτερόν</span> <span class='ocrx_word' id='word_1_36' title='bbox 552 487 596 514; x_wconf 89' lang='grc' dir='ltr'>τι</span> <span class='ocrx_word' id='word_1_37' title='bbox 636 470 880 518; x_wconf 86' lang='grc' dir='ltr'>ποιοῦντος</span> <span class='ocrx_word' id='word_1_38' title='bbox 925 463 1070 527; x_wconf 74' lang='grc' dir='ltr'>οὐδὲν,</span> <span class='ocrx_word' id='word_1_39' title='bbox 1110 463 1220 514; x_wconf 84' lang='grc' dir='ltr'>ἀλλ’</span> <span class='ocrx_word' id='word_1_40' title='bbox 1263 463 1292 528; x_wconf 77' lang='grc' dir='ltr'>ἢ</span> <span class='ocrx_word' id='word_1_41' title='bbox 1337 462 1482 527; x_wconf 90' lang='grc' dir='ltr'>μόνον</span> <span class='ocrx_word' id='word_1_42' title='bbox 1525 463 1608 514; x_wconf 82' lang='grc' dir='ltr'>τὸν</span> <span class='ocrx_word' id='word_1_43' title='bbox 1650 462 1809 529; x_wconf 78' lang='grc' dir='ltr'>ἰατρὸν</span> <span class='ocrx_word' id='word_1_44' title='bbox 1848 485 1940 526; x_wconf 89' lang='grc' dir='ltr'>ση-</span> 
     </span>
     <span class='ocr_line' id='line_1_9' title="bbox 357 546 619 608; baseline 0.004 -13"><span class='ocrx_word' id='word_1_45' title='bbox 357 546 619 608; x_wconf 86' lang='grc' dir='ltr'>μαίνοντος.</span> 
     </span>
    </p>
   </div>
   <div class='ocr_carea' id='block_1_4' title="bbox 290 687 1945 826">
    <p class='ocr_par' dir='ltr' id='par_1_5' title="bbox 290 687 1945 826">
     <span class='ocr_line' id='line_1_10' title="bbox 294 687 1944 744; baseline 0.001 -19"><span class='ocrx_word' id='word_1_46' title='bbox 294 691 338 725; x_wconf 90' lang='lat'>16</span> <span class='ocrx_word' id='word_1_47' title='bbox 362 687 436 728; x_wconf 80' lang='grc' dir='ltr'>Καὶ</span> <span class='ocrx_word' id='word_1_48' title='bbox 479 687 547 729; x_wconf 73' lang='grc' dir='ltr'>διὰ</span> <span class='ocrx_word' id='word_1_49' title='bbox 597 691 719 729; x_wconf 82' lang='grc' dir='ltr'>τοῦτο</span> <span class='ocrx_word' id='word_1_50' title='bbox 767 688 946 731; x_wconf 72' lang='grc' dir='ltr'>ἐδίωκον</span> <span class='ocrx_word' id='word_1_51' title='bbox 990 688 1028 731; x_wconf 82' lang='grc' dir='ltr'>οἱ</span> <span class='ocrx_word' id='word_1_52' title='bbox 1065 687 1269 731; x_wconf 73' lang='grc' dir='ltr'>Ἰουδαῖοι</span> <span class='ocrx_word' id='word_1_53' title='bbox 1316 688 1389 732; x_wconf 86' lang='grc' dir='ltr'>τὸν</span> <span class='ocrx_word' id='word_1_54' title='bbox 1428 690 1610 739; x_wconf 73' lang='grc' dir='ltr'>ἸΗοοῦν,</span> <span class='ocrx_word' id='word_1_55' title='bbox 1657 687 1724 728; x_wconf 80' lang='grc' dir='ltr'>καὶ</span> <span class='ocrx_word' id='word_1_56' title='bbox 1773 687 1944 744; x_wconf 65' lang='grc' dir='ltr'>ἐζήτουν</span> 
     </span>
     <span class='ocr_line' id='line_1_11' title="bbox 290 769 1945 826; baseline -0.002 -13"><span class='ocrx_word' id='word_1_57' title='bbox 290 785 335 822; x_wconf 89' lang='lat'>17</span> <span class='ocrx_word' id='word_1_58' title='bbox 425 770 554 812; x_wconf 79' lang='grc' dir='ltr'>αὐτὸν</span> <span class='ocrx_word' id='word_1_59' title='bbox 582 769 845 823; x_wconf 80' lang='grc' dir='ltr'>ἀποκτεῖναι,</span> <span class='ocrx_word' id='word_1_60' title='bbox 872 774 935 815; x_wconf 87' lang='grc' dir='ltr'>ὅτι</span> <span class='ocrx_word' id='word_1_61' title='bbox 971 777 1104 814; x_wconf 79' lang='grc' dir='ltr'>ταῦτα</span> <span class='ocrx_word' id='word_1_62' title='bbox 1139 773 1275 815; x_wconf 79' lang='grc' dir='ltr'>ἐποίει</span> <span class='ocrx_word' id='word_1_63' title='bbox 1310 773 1354 814; x_wconf 82' lang='grc' dir='ltr'>ἐν</span> <span class='ocrx_word' id='word_1_64' title='bbox 1382 773 1599 826; x_wconf 80' lang='grc' dir='ltr'>σαββάτῳ.</span> <span class='ocrx_word' id='word_1_65' title='bbox 1646 771 1668 814; x_wconf 87' lang='grc' dir='ltr'>ὁ</span> <span class='ocrx_word' id='word_1_66' title='bbox 1706 770 1751 812; x_wconf 74' lang='grc' dir='ltr'>δὲ</span> <span class='ocrx_word' id='word_1_67' title='bbox 1778 770 1945 811; x_wconf 77' lang='grc' dir='ltr'>ἸΗοοῦε</span> 
     </span>
    </p>
   </div>
   <div class='ocr_carea' id='block_1_5' title="bbox 392 853 882 911">
    <p class='ocr_par' dir='ltr' id='par_1_6' title="bbox 392 853 882 911">
     <span class='ocr_line' id='line_1_12' title="bbox 392 853 882 911; baseline 0.006 -17"><span class='ocrx_word' id='word_1_68' title='bbox 392 884 395 887; x_wconf 83' lang='grc'><strong>-</strong></span> <span class='ocrx_word' id='word_1_69' title='bbox 423 853 686 911; x_wconf 78' lang='grc' dir='ltr'>ἀπεκρίνατο</span> <span class='ocrx_word' id='word_1_70' title='bbox 724 853 882 897; x_wconf 72' lang='grc' dir='ltr'>αὐτοῖς.</span> 
     </span>
    </p>
   </div>
   <div class='ocr_carea' id='block_1_6' title="bbox 314 962 1952 2677">
    <p class='ocr_par' dir='ltr' id='par_1_7' title="bbox 318 962 1948 1603">
     <span class='ocr_line' id='line_1_13' title="bbox 318 962 1941 1031; baseline -0.001 -18"><span class='ocrx_word' id='word_1_71' title='bbox 318 980 340 1007; x_wconf 80' lang='lat'>0</span> <span class='ocrx_word' id='word_1_72' title='bbox 432 963 542 1030; x_wconf 82' lang='grc' dir='ltr'>Οὐχ</span> <span class='ocrx_word' id='word_1_73' title='bbox 575 963 785 1027; x_wconf 83' lang='grc' dir='ltr'>ἀπλῆνὸ</span> <span class='ocrx_word' id='word_1_74' title='bbox 822 962 967 1029; x_wconf 83' lang='grc' dir='ltr'>λόγος</span> <span class='ocrx_word' id='word_1_75' title='bbox 1001 964 1093 1031; x_wconf 79' lang='grc' dir='ltr'>ἔχει</span> <span class='ocrx_word' id='word_1_76' title='bbox 1127 965 1176 1015; x_wconf 88' lang='grc' dir='ltr'>ἐν</span> <span class='ocrx_word' id='word_1_77' title='bbox 1201 963 1382 1018; x_wconf 77' lang='grc' dir='ltr'>τούτοις</span> <span class='ocrx_word' id='word_1_78' title='bbox 1417 966 1498 1027; x_wconf 86' lang='grc' dir='ltr'>τῆς</span> <span class='ocrx_word' id='word_1_79' title='bbox 1523 963 1762 1014; x_wconf 80' lang='grc' dir='ltr'>Ἰουδαίων</span> <span class='ocrx_word' id='word_1_80' title='bbox 1786 983 1941 1028; x_wconf 89' lang='grc' dir='ltr'>παρα-</span> 
     </span>
     <span class='ocr_line' id='line_1_14' title="bbox 359 1044 1947 1114; baseline -0.001 -20"><span class='ocrx_word' id='word_1_81' title='bbox 359 1044 484 1098; x_wconf 79' lang='grc' dir='ltr'>νοίας</span> <span class='ocrx_word' id='word_1_82' title='bbox 520 1045 606 1109; x_wconf 86' lang='grc' dir='ltr'>τὴν</span> <span class='ocrx_word' id='word_1_83' title='bbox 640 1045 887 1114; x_wconf 73' lang='grc' dir='ltr'>ἐξήγησιν.</span> <span class='ocrx_word' id='word_1_84' title='bbox 943 1046 996 1096; x_wconf 78' lang='grc' dir='ltr'>οὐ</span> <span class='ocrx_word' id='word_1_85' title='bbox 1034 1046 1128 1112; x_wconf 83' lang='grc' dir='ltr'>γὰρ</span> <span class='ocrx_word' id='word_1_86' title='bbox 1168 1046 1238 1098; x_wconf 81' lang='grc' dir='ltr'>ὅτι</span> <span class='ocrx_word' id='word_1_87' title='bbox 1278 1046 1499 1097; x_wconf 85' lang='grc' dir='ltr'>διώκουσι</span> <span class='ocrx_word' id='word_1_88' title='bbox 1537 1044 1695 1109; x_wconf 88' lang='grc' dir='ltr'>μόνον,</span> <span class='ocrx_word' id='word_1_89' title='bbox 1728 1044 1838 1094; x_wconf 87' lang='grc' dir='ltr'>ἀλλ’</span> <span class='ocrx_word' id='word_1_90' title='bbox 1873 1044 1947 1094; x_wconf 83' lang='grc' dir='ltr'>ἐπὶ</span> 
     </span>
     <span class='ocr_line' id='line_1_15' title="bbox 358 1124 1946 1195; baseline -0.001 -18"><span class='ocrx_word' id='word_1_91' title='bbox 358 1126 456 1177; x_wconf 89' lang='grc' dir='ltr'>τίσι</span> <span class='ocrx_word' id='word_1_92' title='bbox 500 1131 640 1178; x_wconf 85' lang='grc' dir='ltr'>τοῦτο</span> <span class='ocrx_word' id='word_1_93' title='bbox 683 1129 799 1193; x_wconf 84' lang='grc' dir='ltr'>δρᾶν</span> <span class='ocrx_word' id='word_1_94' title='bbox 845 1128 928 1178; x_wconf 83' lang='grc' dir='ltr'>οὐκ</span> <span class='ocrx_word' id='word_1_95' title='bbox 973 1129 1294 1195; x_wconf 80' lang='grc' dir='ltr'>αἰσχύνονται,</span> <span class='ocrx_word' id='word_1_96' title='bbox 1341 1127 1678 1191; x_wconf 87' lang='grc' dir='ltr'>κατασημαίνει</span> <span class='ocrx_word' id='word_1_97' title='bbox 1729 1124 1877 1177; x_wconf 89' lang='grc' dir='ltr'>πάλιν</span> <span class='ocrx_word' id='word_1_98' title='bbox 1922 1126 1946 1175; x_wconf 87' lang='grc' dir='ltr'><strong>ὁ</strong></span> 
     </span>
     <span class='ocr_line' id='line_1_16' title="bbox 359 1208 1947 1277; baseline -0.001 -18"><span class='ocrx_word' id='word_1_99' title='bbox 359 1208 724 1274; x_wconf 85' lang='grc' dir='ltr'>Εὐαγγελιστὴς</span> <span class='ocrx_word' id='word_1_100' title='bbox 768 1209 1159 1277; x_wconf 83' lang='grc' dir='ltr'>ε’μφαντικώτατα</span> <span class='ocrx_word' id='word_1_101' title='bbox 1202 1211 1356 1274; x_wconf 81' lang='grc' dir='ltr'>λέγων</span> <span class='ocrx_word' id='word_1_102' title='bbox 1387 1209 1494 1260; x_wconf 66' lang='grc' dir='ltr'>’Ότι</span> <span class='ocrx_word' id='word_1_103' title='bbox 1541 1210 1687 1259; x_wconf 68' lang='grc' dir='ltr'>ταῦτα</span> <span class='ocrx_word' id='word_1_104' title='bbox 1731 1209 1863 1260; x_wconf 67' lang='grc' dir='ltr'>ἐποίει</span> <span class='ocrx_word' id='word_1_105' title='bbox 1909 1208 1947 1258; x_wconf 81' lang='grc' dir='ltr'>ἐν</span> 
     </span>
     <span class='ocr_line' id='line_1_17' title="bbox 359 1290 1947 1360; baseline 0.001 -19"><span class='ocrx_word' id='word_1_106' title='bbox 359 1292 611 1360; x_wconf 76' lang='grc' dir='ltr'>σαββάτῳ.</span> <span class='ocrx_word' id='word_1_107' title='bbox 682 1290 904 1342; x_wconf 83' lang='grc' dir='ltr'>διώκουσι</span> <span class='ocrx_word' id='word_1_108' title='bbox 955 1290 1047 1358; x_wconf 77' lang='grc' dir='ltr'>γὰρ</span> <span class='ocrx_word' id='word_1_109' title='bbox 1098 1293 1290 1356; x_wconf 78' lang='grc' dir='ltr'>ἀμαθῶς</span> <span class='ocrx_word' id='word_1_110' title='bbox 1341 1313 1390 1342; x_wconf 92' lang='grc' dir='ltr'>τε</span> <span class='ocrx_word' id='word_1_111' title='bbox 1442 1292 1517 1341; x_wconf 81' lang='grc' dir='ltr'>καὶ</span> <span class='ocrx_word' id='word_1_112' title='bbox 1566 1293 1832 1352; x_wconf 73' lang='grc' dir='ltr'>δυσσεβῶς,</span> <span class='ocrx_word' id='word_1_113' title='bbox 1885 1291 1947 1343; x_wconf 84' lang='grc' dir='ltr'>ὡς</span> 
     </span>
     <span class='ocr_line' id='line_1_18' title="bbox 359 1371 1947 1442; baseline 0 -20"><span class='ocrx_word' id='word_1_114' title='bbox 359 1374 666 1439; x_wconf 82' lang='grc' dir='ltr'>ἀγαθοεργεῖν</span> <span class='ocrx_word' id='word_1_115' title='bbox 701 1374 748 1423; x_wconf 88' lang='grc' dir='ltr'>ἐν</span> <span class='ocrx_word' id='word_1_116' title='bbox 785 1373 1024 1442; x_wconf 77' lang='grc' dir='ltr'>σαββάτῳ</span> <span class='ocrx_word' id='word_1_117' title='bbox 1063 1379 1146 1424; x_wconf 86' lang='grc' dir='ltr'>τοῦ</span> <span class='ocrx_word' id='word_1_118' title='bbox 1188 1373 1331 1437; x_wconf 88' lang='grc' dir='ltr'>νόμου</span> <span class='ocrx_word' id='word_1_119' title='bbox 1371 1371 1727 1434; x_wconf 81' lang='grc' dir='ltr'>διακωλύοντος,</span> <span class='ocrx_word' id='word_1_120' title='bbox 1763 1374 1825 1425; x_wconf 85' lang='grc' dir='ltr'>ὡς</span> <span class='ocrx_word' id='word_1_121' title='bbox 1864 1373 1947 1422; x_wconf 83' lang='grc' dir='ltr'>οὐκ</span> 
     </span>
     <span class='ocr_line' id='line_1_19' title="bbox 358 1452 1941 1523; baseline -0.001 -18"><span class='ocrx_word' id='word_1_122' title='bbox 358 1454 467 1523; x_wconf 74' lang='grc' dir='ltr'>ἐξὸν</span> <span class='ocrx_word' id='word_1_123' title='bbox 493 1456 639 1505; x_wconf 80' lang='grc' dir='ltr'>ἐλεεῖν</span> <span class='ocrx_word' id='word_1_124' title='bbox 670 1477 718 1506; x_wconf 91' lang='grc' dir='ltr'>τε</span> <span class='ocrx_word' id='word_1_125' title='bbox 752 1457 828 1506; x_wconf 78' lang='grc' dir='ltr'>καὶ</span> <span class='ocrx_word' id='word_1_126' title='bbox 863 1456 1191 1522; x_wconf 85' lang='grc' dir='ltr'>κατοικτείρειν</span> <span class='ocrx_word' id='word_1_127' title='bbox 1222 1454 1329 1510; x_wconf 75' lang='grc' dir='ltr'>τοὺς</span> <span class='ocrx_word' id='word_1_128' title='bbox 1365 1454 1640 1519; x_wconf 86' lang='grc' dir='ltr'>κάμνοντας,</span> <span class='ocrx_word' id='word_1_129' title='bbox 1668 1455 1730 1507; x_wconf 88' lang='grc' dir='ltr'>ὡς</span> <span class='ocrx_word' id='word_1_130' title='bbox 1765 1452 1941 1504; x_wconf 84' lang='grc' dir='ltr'>ἀποδύ-</span> 
     </span>
     <span class='ocr_line' id='line_1_20' title="bbox 359 1535 1948 1603; baseline 0.002 -16"><span class='ocrx_word' id='word_1_131' title='bbox 359 1541 545 1588; x_wconf 90' lang='grc' dir='ltr'>σασθαι</span> <span class='ocrx_word' id='word_1_132' title='bbox 583 1537 685 1588; x_wconf 78' lang='grc' dir='ltr'>δέον</span> <span class='ocrx_word' id='word_1_133' title='bbox 715 1536 799 1589; x_wconf 78' lang='grc' dir='ltr'>τὸν</span> <span class='ocrx_word' id='word_1_134' title='bbox 834 1540 916 1602; x_wconf 82' lang='grc' dir='ltr'>τῆς</span> <span class='ocrx_word' id='word_1_135' title='bbox 953 1537 1139 1603; x_wconf 78' lang='grc' dir='ltr'>ἀγάπης</span> <span class='ocrx_word' id='word_1_136' title='bbox 1175 1537 1370 1602; x_wconf 81' lang='grc' dir='ltr'>θεσμὸν,</span> <span class='ocrx_word' id='word_1_137' title='bbox 1395 1537 1478 1588; x_wconf 83' lang='grc' dir='ltr'>τὸν</span> <span class='ocrx_word' id='word_1_138' title='bbox 1509 1540 1591 1600; x_wconf 84' lang='grc' dir='ltr'>τῆς</span> <span class='ocrx_word' id='word_1_139' title='bbox 1627 1535 1948 1603; x_wconf 78' lang='grc' dir='ltr'>φιλαδελφίας</span> 
     </span>
    </p>

    <p class='ocr_par' dir='ltr' id='par_1_8' title="bbox 314 1618 1952 2347">
     <span class='ocr_line' id='line_1_21' title="bbox 314 1618 1949 1689; baseline 0.002 -22"><span class='ocrx_word' id='word_1_140' title='bbox 314 1619 561 1682; x_wconf 71' lang='grc' dir='ltr'>(Ιέπαινον,</span> <span class='ocrx_word' id='word_1_141' title='bbox 601 1619 687 1683; x_wconf 88' lang='grc' dir='ltr'>τὴν</span> <span class='ocrx_word' id='word_1_142' title='bbox 724 1623 807 1684; x_wconf 84' lang='grc' dir='ltr'>τῆς</span> <span class='ocrx_word' id='word_1_143' title='bbox 846 1619 1130 1686; x_wconf 80' lang='grc' dir='ltr'>ἡμερότητος</span> <span class='ocrx_word' id='word_1_144' title='bbox 1169 1620 1321 1689; x_wconf 86' lang='grc' dir='ltr'>χάριν·</span> <span class='ocrx_word' id='word_1_145' title='bbox 1383 1622 1459 1671; x_wconf 81' lang='grc' dir='ltr'>καὶ</span> <span class='ocrx_word' id='word_1_146' title='bbox 1497 1620 1546 1670; x_wconf 83' lang='grc' dir='ltr'>τί</span> <span class='ocrx_word' id='word_1_147' title='bbox 1579 1618 1672 1685; x_wconf 76' lang='grc' dir='ltr'>γὰρ</span> <span class='ocrx_word' id='word_1_148' title='bbox 1713 1621 1815 1686; x_wconf 79' lang='grc' dir='ltr'>οὐχὶ</span> <span class='ocrx_word' id='word_1_149' title='bbox 1853 1623 1949 1682; x_wconf 75' lang='grc' dir='ltr'>τῶν</span> 
     </span>
     <span class='ocr_line' id='line_1_22' title="bbox 357 1700 1944 1770; baseline -0.001 -17"><span class='ocrx_word' id='word_1_150' title='bbox 357 1703 552 1767; x_wconf 79' lang='grc' dir='ltr'>ἀγαθῶν</span> <span class='ocrx_word' id='word_1_151' title='bbox 593 1704 870 1754; x_wconf 83' lang='grc' dir='ltr'>ἀποπτῦσαι</span> <span class='ocrx_word' id='word_1_152' title='bbox 918 1702 1038 1753; x_wconf 78' lang='grc' dir='ltr'>κατὰ</span> <span class='ocrx_word' id='word_1_153' title='bbox 1081 1704 1323 1757; x_wconf 88' lang='grc' dir='ltr'>ποικίλους</span> <span class='ocrx_word' id='word_1_154' title='bbox 1362 1702 1447 1766; x_wconf 79' lang='grc' dir='ltr'>μὲν</span> <span class='ocrx_word' id='word_1_155' title='bbox 1486 1703 1583 1770; x_wconf 77' lang='grc' dir='ltr'>ἔχοι</span> <span class='ocrx_word' id='word_1_156' title='bbox 1622 1725 1689 1756; x_wconf 87' lang='grc' dir='ltr'>τις</span> <span class='ocrx_word' id='word_1_157' title='bbox 1728 1700 1786 1753; x_wconf 79' lang='grc' dir='ltr'>ἂν</span> <span class='ocrx_word' id='word_1_158' title='bbox 1824 1703 1944 1753; x_wconf 87' lang='grc' dir='ltr'>ἀπο-</span> 
     </span>
     <span class='ocr_line' id='line_1_23' title="bbox 359 1783 1950 1853; baseline 0 -19"><span class='ocrx_word' id='word_1_159' title='bbox 359 1784 507 1853; x_wconf 73' lang='grc' dir='ltr'>δεῖξαι</span> <span class='ocrx_word' id='word_1_160' title='bbox 533 1783 750 1851; x_wconf 86' lang='grc' dir='ltr'>τρόπους,</span> <span class='ocrx_word' id='word_1_161' title='bbox 778 1786 860 1836; x_wconf 81' lang='grc' dir='ltr'>οὐκ</span> <span class='ocrx_word' id='word_1_162' title='bbox 889 1783 1067 1839; x_wconf 77' lang='grc' dir='ltr'>εἰδότας</span> <span class='ocrx_word' id='word_1_163' title='bbox 1092 1786 1345 1840; x_wconf 84' lang='grc' dir='ltr'>Ἰουδαίους</span> <span class='ocrx_word' id='word_1_164' title='bbox 1371 1784 1454 1836; x_wconf 81' lang='grc' dir='ltr'>τὸν</span> <span class='ocrx_word' id='word_1_165' title='bbox 1480 1786 1584 1851; x_wconf 75' lang='grc' dir='ltr'>περὶ</span> <span class='ocrx_word' id='word_1_166' title='bbox 1616 1784 1670 1835; x_wconf 81' lang='grc' dir='ltr'>τὸ</span> <span class='ocrx_word' id='word_1_167' title='bbox 1696 1783 1950 1845; x_wconf 79' lang='grc' dir='ltr'>σάββατον</span> 
     </span>
     <span class='ocr_line' id='line_1_24' title="bbox 360 1866 1945 1936; baseline 0 -19"><span class='ocrx_word' id='word_1_168' title='bbox 360 1872 443 1917; x_wconf 88' lang='grc' dir='ltr'>τοῦ</span> <span class='ocrx_word' id='word_1_169' title='bbox 475 1868 726 1931; x_wconf 80' lang='grc' dir='ltr'>νομοθέτου</span> <span class='ocrx_word' id='word_1_170' title='bbox 761 1866 960 1929; x_wconf 76' lang='grc' dir='ltr'>σκοπὸν,</span> <span class='ocrx_word' id='word_1_171' title='bbox 989 1867 1278 1931; x_wconf 81' lang='grc' dir='ltr'>εἷκαιοτάτην</span> <span class='ocrx_word' id='word_1_172' title='bbox 1305 1890 1354 1918; x_wconf 87' lang='grc' dir='ltr'>τε</span> <span class='ocrx_word' id='word_1_173' title='bbox 1392 1868 1500 1918; x_wconf 86' lang='grc' dir='ltr'>λίαν</span> <span class='ocrx_word' id='word_1_174' title='bbox 1526 1868 1592 1918; x_wconf 82' lang='grc' dir='ltr'>ἐπ’</span> <span class='ocrx_word' id='word_1_175' title='bbox 1623 1868 1747 1936; x_wconf 76' lang='grc' dir='ltr'>αὐτῷ</span> <span class='ocrx_word' id='word_1_176' title='bbox 1782 1889 1945 1918; x_wconf 87' lang='grc' dir='ltr'>ποιου-</span> 
     </span>
     <span class='ocr_line' id='line_1_25' title="bbox 359 1947 1948 2018; baseline 0.001 -18"><span class='ocrx_word' id='word_1_177' title='bbox 359 1950 523 2012; x_wconf 79' lang='grc' dir='ltr'>μένους</span> <span class='ocrx_word' id='word_1_178' title='bbox 550 1947 635 2013; x_wconf 83' lang='grc' dir='ltr'>τὴν</span> <span class='ocrx_word' id='word_1_179' title='bbox 662 1947 941 2016; x_wconf 83' lang='grc' dir='ltr'>ἐπιτήρησιν</span> <span class='ocrx_word' id='word_1_180' title='bbox 957 1971 969 2011; x_wconf 82' lang='grc'>;</span> <span class='ocrx_word' id='word_1_181' title='bbox 1010 1951 1085 2000; x_wconf 77' lang='grc' dir='ltr'>καὶ</span> <span class='ocrx_word' id='word_1_182' title='bbox 1113 1949 1206 2015; x_wconf 77' lang='grc' dir='ltr'>γὰρ</span> <span class='ocrx_word' id='word_1_183' title='bbox 1234 1952 1295 2003; x_wconf 86' lang='grc' dir='ltr'>ὡς</span> <span class='ocrx_word' id='word_1_184' title='bbox 1322 1948 1460 2003; x_wconf 78' lang='grc' dir='ltr'>αὐτὸς</span> <span class='ocrx_word' id='word_1_185' title='bbox 1487 1949 1577 2018; x_wconf 75' lang='grc' dir='ltr'>ἔφη</span> <span class='ocrx_word' id='word_1_186' title='bbox 1603 1972 1696 2000; x_wconf 91' lang='grc' dir='ltr'>που</span> <span class='ocrx_word' id='word_1_187' title='bbox 1722 1947 1948 2014; x_wconf 81' lang='grc' dir='ltr'>Χριστὸς,</span> 
     </span>
     <span class='ocr_line' id='line_1_26' title="bbox 361 2029 1951 2097; baseline -0.001 -15"><span class='ocrx_word' id='word_1_188' title='bbox 361 2032 561 2086; x_wconf 80' lang='grc' dir='ltr'>ἕκαστος</span> <span class='ocrx_word' id='word_1_189' title='bbox 595 2033 749 2083; x_wconf 80' lang='grc' dir='ltr'>αὐτῶν</span> <span class='ocrx_word' id='word_1_190' title='bbox 785 2031 867 2083; x_wconf 81' lang='grc' dir='ltr'>τὸν</span> <span class='ocrx_word' id='word_1_191' title='bbox 898 2032 1014 2082; x_wconf 79' lang='grc' dir='ltr'>ἰ’διον</span> <span class='ocrx_word' id='word_1_192' title='bbox 1042 2037 1160 2093; x_wconf 87' lang='grc' dir='ltr'>βοῦν</span> <span class='ocrx_word' id='word_1_193' title='bbox 1187 2031 1289 2095; x_wconf 76' lang='grc' dir='ltr'>ἤτοι</span> <span class='ocrx_word' id='word_1_194' title='bbox 1325 2031 1378 2082; x_wconf 84' lang='grc' dir='ltr'>τὸ</span> <span class='ocrx_word' id='word_1_195' title='bbox 1413 2031 1659 2097; x_wconf 88' lang='grc' dir='ltr'>πρόβατον</span> <span class='ocrx_word' id='word_1_196' title='bbox 1686 2029 1951 2096; x_wconf 83' lang='grc' dir='ltr'>ἀπαγαγὼν</span> 
     </span>
     <span class='ocr_line' id='line_1_27' title="bbox 360 2113 1950 2182; baseline -0.001 -17"><span class='ocrx_word' id='word_1_197' title='bbox 360 2114 547 2181; x_wconf 69' lang='grc' dir='ltr'>ποτίζει,</span> <span class='ocrx_word' id='word_1_198' title='bbox 590 2116 665 2165; x_wconf 76' lang='grc' dir='ltr'>καὶ</span> <span class='ocrx_word' id='word_1_199' title='bbox 704 2121 731 2143; x_wconf 84' lang='grc'><strong>“</strong></span> <span class='ocrx_word' id='word_1_200' title='bbox 750 2113 1006 2179; x_wconf 83' lang='grc' dir='ltr'>περιτομὴν</span> <span class='ocrx_word' id='word_1_201' title='bbox 1045 2114 1280 2176; x_wconf 85' lang='grc' dir='ltr'>λαμβάνει</span> <span class='ocrx_word' id='word_1_202' title='bbox 1325 2113 1572 2179; x_wconf 74' lang='grc' dir='ltr'>ἄνθρωπος</span> <span class='ocrx_word' id='word_1_203' title='bbox 1616 2114 1665 2163; x_wconf 84' lang='grc' dir='ltr'>ἐν</span> <span class='ocrx_word' id='word_1_204' title='bbox 1711 2113 1950 2182; x_wconf 78' lang='grc' dir='ltr'>σαββάτῳ</span> 
     </span>
     <span class='ocr_line' id='line_1_28' title="bbox 362 2193 1951 2262; baseline 0 -16"><span class='ocrx_word' id='word_1_205' title='bbox 362 2204 389 2225; x_wconf 85' lang='grc'><strong>“</strong></span> <span class='ocrx_word' id='word_1_206' title='bbox 415 2197 489 2247; x_wconf 84' lang='grc' dir='ltr'>ἵνα</span> <span class='ocrx_word' id='word_1_207' title='bbox 515 2195 579 2260; x_wconf 89' lang='grc' dir='ltr'>μὴ</span> <span class='ocrx_word' id='word_1_208' title='bbox 607 2201 731 2262; x_wconf 85' lang='grc' dir='ltr'>λυθῇ</span> <span class='ocrx_word' id='word_1_209' title='bbox 758 2197 782 2246; x_wconf 87' lang='grc' dir='ltr'>ὁ</span> <span class='ocrx_word' id='word_1_210' title='bbox 817 2194 956 2258; x_wconf 87' lang='grc' dir='ltr'>νόμος</span> <span class='ocrx_word' id='word_1_211' title='bbox 988 2196 1275 2258; x_wconf 73' lang='grc' dir='ltr'>Μωυσε’ως,”</span> <span class='ocrx_word' id='word_1_212' title='bbox 1305 2193 1402 2246; x_wconf 76' lang='grc' dir='ltr'>εἶτα</span> <span class='ocrx_word' id='word_1_213' title='bbox 1437 2199 1652 2262; x_wconf 79' lang='grc' dir='ltr'>χολῶσιν</span> <span class='ocrx_word' id='word_1_214' title='bbox 1679 2202 1706 2224; x_wconf 84' lang='grc'><strong>“</strong></span> <span class='ocrx_word' id='word_1_215' title='bbox 1728 2195 1799 2246; x_wconf 78' lang='grc' dir='ltr'>ὅτι</span> <span class='ocrx_word' id='word_1_216' title='bbox 1835 2194 1951 2246; x_wconf 79' lang='grc' dir='ltr'>ὅλον</span> 
     </span>
     <span class='ocr_line' id='line_1_29' title="bbox 361 2276 1952 2347; baseline 0 -19"><span class='ocrx_word' id='word_1_217' title='bbox 361 2284 389 2307; x_wconf 83' lang='lat'>“</span> <span class='ocrx_word' id='word_1_218' title='bbox 416 2278 667 2345; x_wconf 74' lang='grc' dir='ltr'>ἄνθρωπον</span> <span class='ocrx_word' id='word_1_219' title='bbox 698 2280 806 2344; x_wconf 83' lang='grc' dir='ltr'>ὑγιῆ</span> <span class='ocrx_word' id='word_1_220' title='bbox 846 2279 1064 2341; x_wconf 86' lang='grc' dir='ltr'>ἐποίησεν</span> <span class='ocrx_word' id='word_1_221' title='bbox 1096 2282 1144 2328; x_wconf 87' lang='grc' dir='ltr'>ἐν</span> <span class='ocrx_word' id='word_1_222' title='bbox 1175 2277 1451 2347; x_wconf 86' lang='grc' dir='ltr'>σαββάτῳ,”</span> <span class='ocrx_word' id='word_1_223' title='bbox 1487 2276 1563 2327; x_wconf 78' lang='grc' dir='ltr'>διὰ</span> <span class='ocrx_word' id='word_1_224' title='bbox 1600 2277 1792 2341; x_wconf 87' lang='grc' dir='ltr'>πολλὴν</span> <span class='ocrx_word' id='word_1_225' title='bbox 1824 2278 1952 2342; x_wconf 89' lang='grc' dir='ltr'>ἠθῶν</span> 
     </span>
    </p>

    <p class='ocr_par' dir='ltr' id='par_1_9' title="bbox 322 2358 1951 2677">
     <span class='ocr_line' id='line_1_30' title="bbox 322 2358 1951 2427; baseline 0 -16"><span class='ocrx_word' id='word_1_226' title='bbox 322 2376 344 2404; x_wconf 75' lang='grc' dir='ltr'>θ</span> <span class='ocrx_word' id='word_1_227' title='bbox 363 2360 654 2427; x_wconf 86' lang='grc' dir='ltr'>δυστροπιάν</span> <span class='ocrx_word' id='word_1_228' title='bbox 680 2383 730 2411; x_wconf 82' lang='grc' dir='ltr'>τε</span> <span class='ocrx_word' id='word_1_229' title='bbox 766 2361 883 2424; x_wconf 82' lang='grc' dir='ltr'>ὁμοῦ</span> <span class='ocrx_word' id='word_1_230' title='bbox 919 2363 995 2411; x_wconf 86' lang='grc' dir='ltr'>καὶ</span> <span class='ocrx_word' id='word_1_231' title='bbox 1032 2360 1354 2422; x_wconf 84' lang='grc' dir='ltr'>ἀπαιδευσίαν,</span> <span class='ocrx_word' id='word_1_232' title='bbox 1382 2358 1486 2410; x_wconf 79' lang='grc' dir='ltr'>οὐδὲ</span> <span class='ocrx_word' id='word_1_233' title='bbox 1521 2363 1615 2410; x_wconf 89' lang='grc' dir='ltr'>τῶν</span> <span class='ocrx_word' id='word_1_234' title='bbox 1646 2358 1839 2423; x_wconf 85' lang='grc' dir='ltr'>ἀλόγων</span> <span class='ocrx_word' id='word_1_235' title='bbox 1869 2360 1951 2411; x_wconf 79' lang='grc' dir='ltr'>τὸν</span> 
     </span>
     <span class='ocr_line' id='line_1_31' title="bbox 362 2440 1951 2511; baseline -0.001 -18"><span class='ocrx_word' id='word_1_236' title='bbox 362 2443 460 2494; x_wconf 90' lang='grc' dir='ltr'>κατ’</span> <span class='ocrx_word' id='word_1_237' title='bbox 498 2441 653 2493; x_wconf 81' lang='grc' dir='ltr'>εἰκόνα</span> <span class='ocrx_word' id='word_1_238' title='bbox 690 2441 775 2506; x_wconf 88' lang='grc' dir='ltr'>τὴν</span> <span class='ocrx_word' id='word_1_239' title='bbox 813 2442 941 2493; x_wconf 85' lang='grc' dir='ltr'>θείαν</span> <span class='ocrx_word' id='word_1_240' title='bbox 974 2440 1204 2507; x_wconf 88' lang='grc' dir='ltr'>γεγονότα</span> <span class='ocrx_word' id='word_1_241' title='bbox 1242 2440 1599 2507; x_wconf 86' lang='grc' dir='ltr'>προτάττοντες,</span> <span class='ocrx_word' id='word_1_242' title='bbox 1635 2442 1746 2492; x_wconf 89' lang='grc' dir='ltr'>ἀλλ’</span> <span class='ocrx_word' id='word_1_243' title='bbox 1783 2441 1951 2511; x_wconf 73' lang='grc' dir='ltr'>ἐξεῖναι</span> 
     </span>
     <span class='ocr_line' id='line_1_32' title="bbox 361 2522 1951 2593; baseline 0 -18"><span class='ocrx_word' id='word_1_244' title='bbox 361 2524 447 2590; x_wconf 72' lang='grc' dir='ltr'>μὲν</span> <span class='ocrx_word' id='word_1_245' title='bbox 483 2524 730 2592; x_wconf 89' lang='grc' dir='ltr'>πρόβατον</span> <span class='ocrx_word' id='word_1_246' title='bbox 769 2526 912 2575; x_wconf 79' lang='grc' dir='ltr'>ἐλεεῖν</span> <span class='ocrx_word' id='word_1_247' title='bbox 952 2522 1149 2588; x_wconf 76' lang='grc' dir='ltr'>οἰόμενοι</span> <span class='ocrx_word' id='word_1_248' title='bbox 1190 2525 1283 2574; x_wconf 79' lang='grc' dir='ltr'>δεῖν</span> <span class='ocrx_word' id='word_1_249' title='bbox 1321 2525 1369 2574; x_wconf 82' lang='grc' dir='ltr'>ἐν</span> <span class='ocrx_word' id='word_1_250' title='bbox 1408 2523 1660 2593; x_wconf 80' lang='grc' dir='ltr'>σαββάτῳ,</span> <span class='ocrx_word' id='word_1_251' title='bbox 1695 2525 1770 2574; x_wconf 79' lang='grc' dir='ltr'>καὶ</span> <span class='ocrx_word' id='word_1_252' title='bbox 1809 2530 1951 2588; x_wconf 84' lang='grc' dir='ltr'>λιμοῦ</span> 
     </span>
     <span class='ocr_line' id='line_1_33' title="bbox 363 2605 1950 2677; baseline 0.001 -19"><span class='ocrx_word' id='word_1_253' title='bbox 363 2609 438 2658; x_wconf 80' lang='grc' dir='ltr'>καὶ</span> <span class='ocrx_word' id='word_1_254' title='bbox 465 2608 610 2677; x_wconf 77' lang='grc' dir='ltr'>δίψης</span> <span class='ocrx_word' id='word_1_255' title='bbox 636 2605 961 2659; x_wconf 87' lang='grc' dir='ltr'>ἀπαλλάττειν</span> <span class='ocrx_word' id='word_1_256' title='bbox 989 2605 1301 2673; x_wconf 81' lang='grc' dir='ltr'>ἀνεγκλήτως,</span> <span class='ocrx_word' id='word_1_257' title='bbox 1329 2607 1642 2671; x_wconf 86' lang='grc' dir='ltr'>παρανομίαις</span> <span class='ocrx_word' id='word_1_258' title='bbox 1675 2605 1724 2657; x_wconf 78' lang='grc' dir='ltr'>δὲ</span> <span class='ocrx_word' id='word_1_259' title='bbox 1750 2608 1825 2657; x_wconf 76' lang='grc' dir='ltr'>καὶ</span> <span class='ocrx_word' id='word_1_260' title='bbox 1851 2610 1950 2660; x_wconf 85' lang='grc' dir='ltr'>ταῖς</span> 
     </span>
    </p>
   </div>
   <div class='ocr_carea' id='block_1_7' title="bbox 363 2760 1951 3042">
    <p class='ocr_par' dir='ltr' id='par_1_10' title="bbox 363 2760 1951 3042">
     <span class='ocr_line' id='line_1_34' title="bbox 414 2760 1950 2807; baseline 0 -11"><span class='ocrx_word' id='word_1_261' title='bbox 414 2772 444 2796; x_wconf 90' lang='lat'>1.</span> <span class='ocrx_word' id='word_1_262' title='bbox 472 2761 631 2805; x_wconf 79' lang='grc' dir='ltr'>ἐπιτάξας</span> <span class='ocrx_word' id='word_1_263' title='bbox 649 2760 700 2807; x_wconf 79' lang='grc' dir='ltr'>ἐν]</span> <span class='ocrx_word' id='word_1_264' title='bbox 721 2761 961 2806; x_wconf 78' lang='grc' dir='ltr'>ἐπιταξάμενος</span> <span class='ocrx_word' id='word_1_265' title='bbox 980 2761 1022 2795; x_wconf 88' lang='grc' dir='ltr'>Β.</span> <span class='ocrx_word' id='word_1_266' title='bbox 1175 2771 1208 2804; x_wconf 88' lang='grc'>5.</span> <span class='ocrx_word' id='word_1_267' title='bbox 1235 2763 1265 2795; x_wconf 83' lang='grc' dir='ltr'>οἱ</span> <span class='ocrx_word' id='word_1_268' title='bbox 1282 2761 1439 2796; x_wconf 81' lang='grc' dir='ltr'>Ἰουδαῖοι</span> <span class='ocrx_word' id='word_1_269' title='bbox 1457 2763 1516 2796; x_wconf 89' lang='grc' dir='ltr'>τὸν</span> <span class='ocrx_word' id='word_1_270' title='bbox 1531 2761 1666 2806; x_wconf 87' lang='grc' dir='ltr'>Ἰησοῦν</span> <span class='ocrx_word' id='word_1_271' title='bbox 1683 2761 1749 2796; x_wconf 91' lang='lat' dir='ltr'>hoc</span> <span class='ocrx_word' id='word_1_272' title='bbox 1767 2761 1888 2796; x_wconf 82' lang='lat' dir='ltr'>ordine</span> <span class='ocrx_word' id='word_1_273' title='bbox 1908 2761 1950 2796; x_wconf 85' lang='lat' dir='ltr'>B.</span> 
     </span>
     <span class='ocr_line' id='line_1_35' title="bbox 364 2808 1951 2854; baseline -0.001 -11"><span class='ocrx_word' id='word_1_274' title='bbox 364 2808 397 2843; x_wconf 84' lang='lat'>6.</span> <span class='ocrx_word' id='word_1_275' title='bbox 425 2809 592 2854; x_wconf 75' lang='grc' dir='ltr'>σαββάτῳ</span> <span class='ocrx_word' id='word_1_276' title='bbox 613 2808 653 2843; x_wconf 87' lang='grc' dir='ltr'>Β.</span> <span class='ocrx_word' id='word_1_277' title='bbox 672 2810 863 2848; x_wconf 80' lang='grc' dir='ltr'>σαββάτοις</span> <span class='ocrx_word' id='word_1_278' title='bbox 882 2808 947 2843; x_wconf 82' lang='lat' dir='ltr'>Ed.</span> <span class='ocrx_word' id='word_1_279' title='bbox 996 2808 1214 2851; x_wconf 74' lang='lat' dir='ltr'><strong>Ambiguum</strong></span> <span class='ocrx_word' id='word_1_280' title='bbox 1235 2809 1281 2842; x_wconf 91' lang='lat' dir='ltr'>D.</span> <span class='ocrx_word' id='word_1_281' title='bbox 1465 2810 1498 2843; x_wconf 87' lang='grc'>8.</span> <span class='ocrx_word' id='word_1_282' title='bbox 1525 2809 1560 2843; x_wconf 80' lang='grc' dir='ltr'>ἐν</span> <span class='ocrx_word' id='word_1_283' title='bbox 1576 2809 1707 2843; x_wconf 79' lang='grc' dir='ltr'>τούτοις</span> <span class='ocrx_word' id='word_1_284' title='bbox 1724 2809 1794 2853; x_wconf 81' lang='grc' dir='ltr'>ἕχει</span> <span class='ocrx_word' id='word_1_285' title='bbox 1813 2809 1951 2842; x_wconf 83' lang='lat' dir='ltr'>inverso</span> 
     </span>
     <span class='ocr_line' id='line_1_36' title="bbox 364 2854 1951 2900; baseline -0.001 -11"><span class='ocrx_word' id='word_1_286' title='bbox 364 2855 485 2889; x_wconf 85' lang='lat' dir='ltr'>ordine</span> <span class='ocrx_word' id='word_1_287' title='bbox 506 2855 551 2888; x_wconf 93' lang='lat' dir='ltr'>D.</span> <span class='ocrx_word' id='word_1_288' title='bbox 732 2865 784 2900; x_wconf 73' lang='lat'>35.</span> <span class='ocrx_word' id='word_1_289' title='bbox 811 2856 868 2889; x_wconf 84' lang='grc' dir='ltr'>τὸν</span> <span class='ocrx_word' id='word_1_290' title='bbox 887 2856 946 2889; x_wconf 82' lang='lat' dir='ltr'>alt.</span> <span class='ocrx_word' id='word_1_291' title='bbox 964 2862 1043 2900; x_wconf 82' lang='lat' dir='ltr'><strong>post</strong></span> <span class='ocrx_word' id='word_1_292' title='bbox 1061 2856 1296 2900; x_wconf 72' lang='grc' dir='ltr'>φιλαδελφίας</span> <span class='ocrx_word' id='word_1_293' title='bbox 1314 2862 1357 2889; x_wconf 88' lang='lat' dir='ltr'>tr.</span> <span class='ocrx_word' id='word_1_294' title='bbox 1378 2855 1418 2889; x_wconf 92' lang='lat' dir='ltr'>B.</span> <span class='ocrx_word' id='word_1_295' title='bbox 1592 2867 1644 2900; x_wconf 85' lang='lat'>17.</span> <span class='ocrx_word' id='word_1_296' title='bbox 1670 2855 1747 2900; x_wconf 75' lang='grc' dir='ltr'>μέν]</span> <span class='ocrx_word' id='word_1_297' title='bbox 1772 2859 1808 2895; x_wconf 72' lang='grc' dir='ltr'>-Ι-</span> <span class='ocrx_word' id='word_1_298' title='bbox 1831 2854 1888 2889; x_wconf 76' lang='grc' dir='ltr'>οὖν</span> <span class='ocrx_word' id='word_1_299' title='bbox 1908 2855 1951 2889; x_wconf 91' lang='grc' dir='ltr'>Β.</span> 
     </span>
     <span class='ocr_line' id='line_1_37' title="bbox 365 2901 1951 2947; baseline -0.001 -12"><span class='ocrx_word' id='word_1_300' title='bbox 365 2902 527 2945; x_wconf 76' lang='grc' dir='ltr'>ἐπιδείξαι</span> <span class='ocrx_word' id='word_1_301' title='bbox 547 2913 575 2935; x_wconf 84' lang='lat' dir='ltr'>a.</span> <span class='ocrx_word' id='word_1_302' title='bbox 596 2902 706 2936; x_wconf 71' lang='lat' dir='ltr'>invito</span> <span class='ocrx_word' id='word_1_303' title='bbox 727 2901 832 2935; x_wconf 82' lang='lat' dir='ltr'>Cord.</span> <span class='ocrx_word' id='word_1_304' title='bbox 1052 2913 1104 2946; x_wconf 84' lang='lat'>19.</span> <span class='ocrx_word' id='word_1_305' title='bbox 1131 2917 1166 2936; x_wconf 85' lang='grc' dir='ltr'>τε</span> <span class='ocrx_word' id='word_1_306' title='bbox 1185 2902 1277 2947; x_wconf 82' lang='grc' dir='ltr'>λίαν]</span> <span class='ocrx_word' id='word_1_307' title='bbox 1299 2902 1431 2936; x_wconf 79' lang='grc' dir='ltr'>τελείαν</span> <span class='ocrx_word' id='word_1_308' title='bbox 1450 2902 1492 2936; x_wconf 83' lang='lat' dir='ltr'>B.</span> <span class='ocrx_word' id='word_1_309' title='bbox 1514 2902 1647 2946; x_wconf 59' lang='lat' dir='ltr'>Bligne.</span> <span class='ocrx_word' id='word_1_310' title='bbox 1711 2902 1835 2935; x_wconf 80' lang='lat' dir='ltr'>Statim</span> <span class='ocrx_word' id='word_1_311' title='bbox 1854 2902 1889 2934; x_wconf 78' lang='grc' dir='ltr'>ἐν</span> <span class='ocrx_word' id='word_1_312' title='bbox 1909 2901 1951 2935; x_wconf 86' lang='grc' dir='ltr'>Β.</span> 
     </span>
     <span class='ocr_line' id='line_1_38' title="bbox 363 2947 1950 2994; baseline 0.001 -13"><span class='ocrx_word' id='word_1_313' title='bbox 363 2949 565 2992; x_wconf 82' lang='grc' dir='ltr'>ποιουμένου</span> <span class='ocrx_word' id='word_1_314' title='bbox 586 2949 626 2983; x_wconf 82' lang='grc' dir='ltr'>Β.</span> <span class='ocrx_word' id='word_1_315' title='bbox 803 2959 858 2982; x_wconf 87' lang='lat'>21.</span> <span class='ocrx_word' id='word_1_316' title='bbox 885 2948 1009 2994; x_wconf 78' lang='grc' dir='ltr'>αὐτῶν]</span> <span class='ocrx_word' id='word_1_317' title='bbox 1029 2949 1147 2982; x_wconf 76' lang='grc' dir='ltr'>ἑαυτὸν</span> <span class='ocrx_word' id='word_1_318' title='bbox 1168 2949 1207 2983; x_wconf 84' lang='lat' dir='ltr'>B.</span> <span class='ocrx_word' id='word_1_319' title='bbox 1394 2960 1448 2992; x_wconf 78' lang='lat'>24.</span> <span class='ocrx_word' id='word_1_320' title='bbox 1475 2951 1638 2993; x_wconf 73' lang='grc' dir='ltr'>πεποίηκα</span> <span class='ocrx_word' id='word_1_321' title='bbox 1660 2948 1700 2983; x_wconf 82' lang='lat' dir='ltr'>B.</span> <span class='ocrx_word' id='word_1_322' title='bbox 1720 2948 1837 2982; x_wconf 71' lang='lat' dir='ltr'>invitis</span> <span class='ocrx_word' id='word_1_323' title='bbox 1857 2947 1950 2983; x_wconf 83' lang='lat' dir='ltr'>Catt.</span> 
     </span>
     <span class='ocr_line' id='line_1_39' title="bbox 367 2994 1152 3042; baseline 0 -13"><span class='ocrx_word' id='word_1_324' title='bbox 367 2996 423 3029; x_wconf 83' lang='lat'>26.</span> <span class='ocrx_word' id='word_1_325' title='bbox 449 2994 710 3040; x_wconf 73' lang='grc' dir='ltr'>προτάττοντες]</span> <span class='ocrx_word' id='word_1_326' title='bbox 732 2995 766 3030; x_wconf 72' lang='grc' dir='ltr'>ἐν</span> <span class='ocrx_word' id='word_1_327' title='bbox 784 2995 849 3042; x_wconf 79' lang='grc' dir='ltr'>ἰ’σῳ</span> <span class='ocrx_word' id='word_1_328' title='bbox 867 2997 1043 3031; x_wconf 77' lang='grc' dir='ltr'>τάττοντες</span> <span class='ocrx_word' id='word_1_329' title='bbox 1062 2995 1152 3029; x_wconf 72' lang='lat' dir='ltr'>Catt.</span> 
     </span>
    </p>
   </div>
   <div class='ocr_carea' id='block_1_8' title="bbox 1968 691 1989 728">
    <p class='ocr_par' dir='ltr' id='par_1_11' title="bbox 1968 691 1989 728">
     <span class='ocr_line' id='line_1_40' title="bbox 1968 691 1989 728; textangle 90"><span class='ocrx_word' id='word_1_330' title='bbox 1968 691 1989 728; x_wconf 70' lang='lat'>01</span> 
     </span>
    </p>
   </div>
   <div class='ocr_carea' id='block_1_9' title="bbox 1972 1148 2020 1173">
    <p class='ocr_par' dir='ltr' id='par_1_12' title="bbox 1972 1148 2020 1173">
     <span class='ocr_line' id='line_1_41' title="bbox 1972 1148 2020 1173; baseline 0.021 -1"><span class='ocrx_word' id='word_1_331' title='bbox 1972 1148 2020 1173; x_wconf 88' lang='lat'>10</span> 
     </span>
    </p>
   </div>
  </div>
 </body>
</html>
