2084 3317
138 1316 245 1357 Supra.

137 1370 204 1390 ver.
221 1369 232 1389 1
241 1369 269 1398 5.

142 1418 153 1439 1
170 1410 202 1439 S.
215 1410 290 1439 Pet.

137 1452 170 1483 ii.
191 1462 239 1483 22.

360 151 441 190 718
763 151 810 191 Β.
846 152 1120 192 CYRILLI
1162 151 1543 192 ALEXANDR.
1774 148 1859 189 viii.
1886 160 1945 198 14.

359 281 403 309 τι
443 258 592 310 πάλιν
632 261 706 310 ἐπὶ
751 260 902 330 τούτῳ
948 260 1119 328 φαμὲν,
1160 260 1272 311 ὅταν
1311 260 1516 326 ἄγγελος
1559 259 1663 326 ε’ίπῃ
1703 255 1789 320 τὴν
1829 256 1948 307 ἰδίαν

361 342 727 404 κατασημαίνων
755 343 905 409 φύσιν
935 341 1179 408 ”Αγγελός
1217 346 1324 404 εὶμι·
1366 345 1403 392 εἰ
1443 343 1519 391 καὶ
1559 340 1671 390 ὅταν
1702 339 1948 404 ἄνθρωπος

359 423 493 473 τοῦθ’
532 423 647 489 ὅπερ
687 425 817 474 ἐστὶν
851 423 1150 474 ἐπιδεικνύων
1185 423 1314 488 λε’γει
1344 421 1631 488 ἸΑνθρωπός
1669 426 1775 484 εἶμι·
1817 419 1949 470 ἀλλὰ

314 507 434 555 buca}
474 505 516 555 εἴ
549 528 617 558 τις
657 506 776 574 ἡλίῳ
814 505 1021 570 περιθείη
1061 505 1237 573 φωνὴν,
1278 502 1374 555 εἶτα
1414 507 1620 558 κάκεῖνος
1659 506 1741 566 τῆς
1785 503 1949 553 ἑαυτοῦ

360 587 552 653 φύσεως
589 586 644 637 τὸ
683 587 798 637 ἰ’διον
831 585 1121 637 ἐκδιδάσκων
1148 586 1292 652 Ἐγὼ,
1329 587 1458 654 φαίη,
1486 584 1569 636 τὸν
1598 583 1812 650 οὐράνιον
1842 586 1944 634 δια·
1969 601 1991 638 5

360 669 478 718 θέων
514 668 702 731 κύκλον,
739 668 964 734 λαμπρὸν
1001 669 1171 737 ἀφίημι
1211 672 1313 735 φῶς
1351 672 1448 721 τοῖς
1487 668 1561 718 ἐπὶ
1599 669 1681 729 τῆς
1719 668 1822 732 γῆς·
1864 666 1950 733 οὐχ

360 751 508 819 ἑαυτῷ
553 772 621 802 τις
667 748 810 800 αὐτὸν
855 748 914 800 τὰ
956 748 1021 814 μὴ
1065 748 1314 815 προσόντα
1365 754 1630 816 μαρτυρεῖν,
1675 749 1786 799 ἀλλ’
1835 747 1950 814 ὅπερ

360 832 505 885 ὅντως
541 833 643 882 ἐστὶ
682 831 800 882 κατὰ
836 831 999 900 φύσιν,
1027 830 1235 896 εὐλόγως
1271 830 1493 895 οἰήσεται.
1546 829 1629 882 τὸν
1655 829 1797 881 αὐτὸν
1823 828 1950 893 οἶμαι

359 912 536 979 τρόπον
564 915 641 964 καὶ
666 914 739 964 ἐπὶ
767 920 850 964 τοῦ
880 916 1102 980 Σωτῆρος
1128 913 1261 977 ἡμῶν
1283 917 1515 980 Χριστοῦ,
1543 911 1632 963 κᾶν
1657 917 1760 981 φῶς
1787 911 1952 963 ἑαυτὸν

360 992 474 1046 εἶναι
500 995 635 1063 λε’γῃ,
653 995 856 1060 τάληθὲς
882 997 984 1061 ἐρεῖ,
1004 998 1080 1046 καὶ
1107 995 1239 1046 οὐδὲν
1264 995 1405 1060 ἧττον
1431 995 1604 1064 ἔξωθεν
1624 993 1951 1061 ἐπικομπάζων

361 1076 618 1127 ἁλώσεται.
663 1078 716 1128 οὐ
743 1077 961 1131 συνέντες
984 1083 1236 1144 τοιγαροῦν
1261 1077 1345 1128 τὸν
1369 1076 1680 1141 Ἐμμανουὴλ
1708 1081 1749 1127 οἱ
1775 1078 1952 1128 πολλοὶ

320 1178 344 1206 o
361 1157 593 1224 συζῶντες
620 1160 918 1228 ἀπαιδευσίᾳ,
940 1159 1214 1228 φιλοδοξεῖν
1239 1158 1323 1222 μὲν
1349 1159 1490 1210 αὐτὸν
1512 1157 1952 1222 ὑπολαμβάνουσιν,

362 1242 423 1293 ὡς
455 1242 520 1291 ἑνὶ
557 1239 604 1291 δὲ
639 1245 734 1291 τῶν
761 1241 868 1291 καθ’
898 1241 1018 1304 ἡμᾶς
1053 1239 1343 1310 ἐπιφύονται,
1371 1243 1447 1292 καὶ
1483 1242 1536 1291 οῦ
1571 1241 1953 1308 καταπεφρίκασι

361 1322 582 1387 λέγοντες
627 1329 654 1351 “
680 1323 745 1373 Ἡ
790 1323 1023 1389 μαρτυρία
1067 1345 1159 1373 σου
1205 1323 1288 1374 οὐκ
1333 1323 1465 1374 ἔστιν
1506 1322 1738 1387 ἀληθὴς,”
1778 1325 1845 1392 τῷ
1887 1320 1953 1386 μὴ

361 1405 501 1456 εἰδότι
536 1403 590 1455 τὸ
628 1405 910 1473 ψεύδεσθαι·
953 1405 1007 1455 οὐ
1039 1403 1133 1471 γὰρ
1161 1411 1188 1434 “
1207 1405 1371 1470 εὑρέθη
1407 1404 1548 1459 δόλος
1582 1407 1630 1456 ἐν
1656 1409 1722 1474 τῷ
1748 1403 1953 1467 στόματι

362 1494 388 1517 “
415 1487 598 1550 αὐτοῦ,”
629 1486 751 1538 καθὰ
789 1487 1069 1553 γέγραπται.
1125 1488 1235 1537 ἀλλ’
1269 1486 1357 1538 ε”δει
1394 1486 1543 1539 πάλιν
1581 1486 1709 1539 πολὺ
1747 1486 1804 1551 δὴ
1843 1487 1954 1538 λίαν

361 1571 444 1632 τῆς
483 1569 705 1632 ἀληθείας
744 1569 1161 1637 ἀπεσφαλμένους,
1198 1571 1274 1620 καὶ
1313 1571 1674 1638 ἀποφοιτῶντας
1712 1574 1795 1620 τοῦ
1833 1569 1951 1635 πρέ-

361 1673 534 1703 ποντος
566 1656 808 1716 λογισμοῦ
844 1654 1202 1719 χειραγωγῆσαι
1235 1650 1344 1705 τοῦς
1379 1651 1716 1714 πλανωμένους
1742 1653 1952 1702 καὶάνε-

363 1731 565 1802 ξικάκως
592 1732 663 1784 ὅτι
690 1739 772 1784 τοῦ
798 1733 1062 1799 πρέποντος
1089 1733 1466 1800 διημαρτήκασιν
1492 1738 1653 1796 εἰπεῖν,
1682 1738 1749 1803 τῷ
1776 1733 1956 1784 ἄνωθεν

364 1814 463 1866 ὄντι
508 1817 584 1866 καὶ
622 1817 671 1867 ἐκ
712 1818 837 1866 Θεοῦ
879 1814 1071 1882 Πατρὸς
1111 1816 1447 1886 γεγεννημένῳ,
1482 1814 1537 1867 τὸ
1575 1818 1651 1867 καὶ
1691 1814 1955 1885 ψεύδεσθαι

366 1902 523 1966 φιλεῖν
563 1897 766 1951 ἀνοσίως
809 1898 1167 1966 ἐπιγράφοντες.
1243 1897 1404 1959 ἀληθὴς
1451 1897 1544 1965 γάρ
1589 1899 1741 1965 φησίν
1779 1900 1893 1950 ἐστιν
1934 1901 1956 1959 ἦ

320 1995 346 2034 d
366 1977 446 2045 ἐμὴ
473 1981 690 2048 μαρτυρίαι
721 1979 802 2030 κᾶν
830 1979 918 2045 ἐγὼ
944 1979 1149 2050 μαρτυρεῖ)
1181 1985 1272 2048 περ)
1312 1981 1518 2048 ἐμαυτοῦ.
1575 1979 1840 2046 ἀνθρώποις
1871 1979 1957 2044 μὲν

365 2059 458 2127 γὰρ
497 2062 548 2111 ἐκ
587 2061 840 2128 φιλαυτίας
878 2062 982 2112 ἔσθ’
1013 2061 1090 2113 ὅτε
1128 2060 1182 2112 τὸ
1222 2060 1377 2113 θέλειν
1412 2063 1591 2115 ἑαυτοῖς
1629 2064 1956 2128 ἐπιμαρτυρεῖν

365 2142 424 2193 τὰ
464 2142 728 2206 κάλλιστα,
769 2143 855 2194 κᾶν
893 2147 931 2194 εἱ
969 2143 1034 2208 μὴ
1072 2143 1257 2211 τύχοιεν
1296 2144 1494 2211 ἔχοντες,
1533 2146 1696 2210 ὁρᾶται
1733 2167 1950 2211 προσπε-

367 2224 530 2293 φυκός·
583 2224 833 2279 εὐόλισθος
871 2225 966 2292 γὰρ
1003 2229 1066 2280 εἷς
1103 2226 1157 2277 τὸ
1200 2231 1389 2295 φαῦλον
1429 2227 1455 2291 ἡ
1495 2226 1659 2295 φύσις·
1719 2225 1832 2277 ἀλλ’
1873 2227 1956 2277 οὐκ

367 2310 480 2372 ἐμοὶ,
509 2311 647 2377 φησὶ,
674 2307 727 2359 τὸ
755 2307 988 2359 δύνασθαι
1014 2307 1161 2359 ταύτὰ
1186 2307 1421 2375 πρόσεστι
1449 2313 1607 2360 νοσεῖν
1632 2313 1728 2362 τοῖς
1754 2307 1848 2360 ἀπὸ
1874 2311 1957 2372 τῆς

368 2393 469 2456 γῆς.
524 2387 623 2441 οἶδα
649 2389 744 2456 γὰρ
770 2390 896 2442 πόθεν
923 2390 1031 2454 εἰμι’·
1078 2395 1180 2458 φῶς
1206 2392 1255 2441 ἐκ
1281 2390 1440 2459 φωτὸς
1467 2389 1704 2456 δηλονότι,
1735 2392 1809 2441 καὶ
1836 2389 1956 2444 Θεὸς

368 2471 593 2537 ἀληθινὸς
628 2473 676 2523 ἐκ
709 2476 832 2523 Θεοῦ
860 2470 1053 2538 Πατρὸς
1088 2473 1316 2538 ἀληθινοῦ
1352 2473 1532 2533 ἄβατον
1558 2473 1802 2526 ἀσθενείας
1837 2472 1958 2540 ἔχων

367 2554 453 2616 τὴν
479 2553 643 2624 φύσιν.
697 2557 735 2604 εἰ
772 2552 867 2621 γὰρ
905 2556 981 2605 καὶ
1020 2553 1268 2621 ἄνθρωπος
1300 2554 1476 2620 γε’γονά
1511 2563 1634 2624 φησι
1670 2553 1746 2605 διὰ
1780 2553 1866 2619 τὴν
1897 2557 1959 2607 εἰς

417 2731 449 2765 3.
477 2719 568 2754 τοῦθ’
589 2719 632 2754 Β.
651 2722 751 2754 τοῦτο
770 2719 836 2755 Ed.
958 2729 992 2765 5.
1018 2724 1085 2754 τῶν
1101 2721 1244 2765 οὐρανὸν
1261 2720 1402 2754 διαθέων
1419 2720 1549 2754 κύκλων
1567 2720 1610 2754 Β.
1735 2731 1789 2755 ΙΟ.
1814 2719 1960 2764 τάληθὲς

369 2766 474 2801 edidi.
494 2782 532 2810 τη
551 2767 695 2810 ταληθὲς
714 2766 757 2800 Β.
776 2782 807 2801 τι
825 2767 950 2811 ἀληθὲς
970 2768 1090 2802 Holst.
1107 2767 1231 2810 ἀληθὲς
1250 2767 1316 2801 Ed.
1480 2779 1532 2801 ΙΙ.
1558 2766 1702 2812 πολλοὶ]
1722 2767 1960 2812 legendumne

369 2815 483 2856 πολλῇ
499 2815 509 2846 ?
611 2814 664 2848 18.
693 2814 790 2848 Haec
808 2814 1300 2859 χειραγωγῆσαι-πρέποντος
1318 2820 1499 2859 assumpta
1517 2826 1559 2848 ex
1579 2814 1608 2847 B
1625 2826 1699 2859 mg.
1809 2824 1862 2858 19.
1889 2813 1960 2856 διη-

368 2859 581 2904 μαρτήκασιν
599 2860 641 2894 Β.
661 2860 925 2905 διημαρτηκότας
943 2860 1141 2895 emendavit
1158 2861 1264 2902 Aub.‚
1285 2872 1320 2894 se
1338 2860 1377 2904 δὴ
1395 2860 1627 2905 ἡμαρτήκασιν
1644 2861 1758 2906 legere
1774 2859 1959 2894 adnotans.

372 2917 427 2940 21.
455 2907 549 2941 ἐστιν
567 2913 789 2952 assumptum
809 2919 850 2941 ex
870 2907 913 2941 B.
1026 2918 1081 2953 25.
1108 2906 1186 2953 οὐκ]
1210 2912 1246 2948 -ξ-
1268 2908 1303 2941 ἐν
1323 2907 1387 2942 Ht.
1407 2908 1474 2942 Ed.
1492 2907 1602 2942 invito
1622 2907 1665 2942 B.
1775 2906 1831 2942 26.
1856 2907 1961 2941 ταύτὰ

371 2953 534 2987 emendat
554 2954 683 2999 Heyse.
702 2956 807 2988 ταῦτα
827 2954 868 2988 Β.
888 2954 954 2988 Ed.

1975 1016 2021 1040 10

1975 1836 2025 1861 20
