<?xml version="1.0" encoding="UTF-8"?>
<!DOCTYPE html PUBLIC "-//W3C//DTD XHTML 1.0 Transitional//EN"
    "http://www.w3.org/TR/xhtml1/DTD/xhtml1-transitional.dtd">
<html xmlns="http://www.w3.org/1999/xhtml" xml:lang="en" lang="en">
 <head>
  <title>
</title>
<meta http-equiv="Content-Type" content="text/html;charset=utf-8" />
  <meta name='ocr-system' content='tesseract 3.04.00' />
  <meta name='ocr-capabilities' content='ocr_page ocr_carea ocr_par ocr_line ocrx_word'/>
</head>
<body>
  <div class='ocr_page' id='page_1' title='image "./operacyrilli03cyriuoft_0080.png"; bbox 0 0 2073 3296; ppageno 0'>
   <div class='ocr_carea' id='block_1_1' title="bbox 345 176 1924 218">
    <p class='ocr_par' dir='ltr' id='par_1_1' title="bbox 345 176 1924 218">
     <span class='ocr_line' id='line_1_1' title="bbox 345 176 1924 218; baseline 0 -3"><span class='ocrx_word' id='word_1_1' title='bbox 345 178 401 216; x_wconf 70' lang='lat'><em>46</em></span> <span class='ocrx_word' id='word_1_2' title='bbox 743 177 792 218; x_wconf 89' lang='lat' dir='ltr'><em>B.</em></span> <span class='ocrx_word' id='word_1_3' title='bbox 827 177 1103 218; x_wconf 88' lang='lat' dir='ltr'>CYRILLI</span> <span class='ocrx_word' id='word_1_4' title='bbox 1146 177 1525 218; x_wconf 85' lang='lat' dir='ltr'><strong>ALEXANDR.</strong></span> <span class='ocrx_word' id='word_1_5' title='bbox 1839 176 1866 216; x_wconf 88' lang='lat' dir='ltr'><em>i.</em></span> <span class='ocrx_word' id='word_1_6' title='bbox 1888 188 1924 217; x_wconf 87' lang='lat'><em>2.</em></span> 
     </span>
    </p>
   </div>
   <div class='ocr_carea' id='block_1_2' title="bbox 118 283 1999 1737">
    <p class='ocr_par' dir='ltr' id='par_1_2' title="bbox 345 283 1929 517">
     <span class='ocr_line' id='line_1_2' title="bbox 408 283 1839 305; baseline 0.001 -7"><span class='ocrx_word' id='word_1_7' title='bbox 408 283 417 298; x_wconf 51' lang='lat' dir='ltr'><em>r</em></span> <span class='ocrx_word' id='word_1_8' title='bbox 601 287 610 301; x_wconf 83' lang='grc'><em>,</em></span> <span class='ocrx_word' id='word_1_9' title='bbox 686 286 706 295; x_wconf 49' lang='lat'>⁶</span> <span class='ocrx_word' id='word_1_10' title='bbox 821 285 834 300; x_wconf 46' lang='lat' dir='ltr'>x</span> <span class='ocrx_word' id='word_1_11' title='bbox 946 286 959 302; x_wconf 41' lang='lat' dir='ltr'>x</span> <span class='ocrx_word' id='word_1_12' title='bbox 1058 285 1070 299; x_wconf 76' lang='grc'><em>,</em></span> <span class='ocrx_word' id='word_1_13' title='bbox 1207 288 1216 302; x_wconf 93' lang='grc'><em>,</em></span> <span class='ocrx_word' id='word_1_14' title='bbox 1297 285 1310 301; x_wconf 77' lang='grc'><strong><em>,</em></strong></span> <span class='ocrx_word' id='word_1_15' title='bbox 1487 286 1508 305; x_wconf 42' lang='grc' dir='ltr'>θ</span> <span class='ocrx_word' id='word_1_16' title='bbox 1644 284 1654 299; x_wconf 70' lang='grc'><em>,</em></span> <span class='ocrx_word' id='word_1_17' title='bbox 1828 284 1839 299; x_wconf 61' lang='lat'><em>1</em></span> 
     </span>
     <span class='ocr_line' id='line_1_3' title="bbox 347 286 1928 353; baseline 0 -18"><span class='ocrx_word' id='word_1_18' title='bbox 347 288 521 349; x_wconf 88' lang='grc' dir='ltr'><em>Λογον,</em></span> <span class='ocrx_word' id='word_1_19' title='bbox 558 288 601 336; x_wconf 90' lang='grc' dir='ltr'><em>δι</em></span> <span class='ocrx_word' id='word_1_20' title='bbox 653 294 707 336; x_wconf 86' lang='grc' dir='ltr'><em>οὑ</em></span> <span class='ocrx_word' id='word_1_21' title='bbox 746 289 867 340; x_wconf 91' lang='grc' dir='ltr'><em>Θεος</em></span> <span class='ocrx_word' id='word_1_22' title='bbox 905 309 965 337; x_wconf 88' lang='grc' dir='ltr'><em>τα</em></span> <span class='ocrx_word' id='word_1_23' title='bbox 1002 309 1157 337; x_wconf 90' lang='grc' dir='ltr'><em>παντα</em></span> <span class='ocrx_word' id='word_1_24' title='bbox 1194 286 1443 353; x_wconf 73' lang='grc' dir='ltr'><em>εργαζεται·</em></span> <span class='ocrx_word' id='word_1_25' title='bbox 1489 309 1562 337; x_wconf 93' lang='grc' dir='ltr'><em>ινα</em></span> <span class='ocrx_word' id='word_1_26' title='bbox 1596 293 1742 349; x_wconf 89' lang='grc' dir='ltr'><em>λογος</em></span> <span class='ocrx_word' id='word_1_27' title='bbox 1780 291 1928 350; x_wconf 92' lang='grc' dir='ltr'><em>λογου</em></span> 
     </span>
     <span class='ocr_line' id='line_1_4' title="bbox 346 365 1924 432; baseline 0 -16"><span class='ocrx_word' id='word_1_28' title='bbox 346 369 519 429; x_wconf 81' lang='grc' dir='ltr'><em>νοῆται,</em></span> <span class='ocrx_word' id='word_1_29' title='bbox 558 369 633 418; x_wconf 84' lang='grc' dir='ltr'><em>καὶ</em></span> <span class='ocrx_word' id='word_1_30' title='bbox 676 366 809 418; x_wconf 79' lang='grc' dir='ltr'><em>εἰκὼν</em></span> <span class='ocrx_word' id='word_1_31' title='bbox 847 366 1038 429; x_wconf 80' lang='grc' dir='ltr'><em>εἰκόνος,</em></span> <span class='ocrx_word' id='word_1_32' title='bbox 1083 370 1158 418; x_wconf 81' lang='grc' dir='ltr'><em>καὶ</em></span> <span class='ocrx_word' id='word_1_33' title='bbox 1197 367 1493 432; x_wconf 83' lang='grc' dir='ltr'><em>ἀπαύγασμα</em></span> <span class='ocrx_word' id='word_1_34' title='bbox 1534 365 1924 432; x_wconf 86' lang='grc' dir='ltr'><em>ἀπαυγάσματος.</em></span> 
     </span>
     <span class='ocr_line' id='line_1_5' title="bbox 345 445 1929 517; baseline 0.002 -20"><span class='ocrx_word' id='word_1_35' title='bbox 345 446 507 513; x_wconf 81' lang='grc' dir='ltr'><em>ὥσπερ</em></span> <span class='ocrx_word' id='word_1_36' title='bbox 534 449 614 499; x_wconf 80' lang='grc' dir='ltr'><em>οὖν</em></span> <span class='ocrx_word' id='word_1_37' title='bbox 638 447 726 512; x_wconf 71' lang='grc' dir='ltr'><em>ἤδη</em></span> <span class='ocrx_word' id='word_1_38' title='bbox 752 448 1130 517; x_wconf 89' lang='grc' dir='ltr'><em>δυσφημούντων</em></span> <span class='ocrx_word' id='word_1_39' title='bbox 1156 448 1363 502; x_wconf 88' lang='grc' dir='ltr'><em>ἀκούσας</em></span> <span class='ocrx_word' id='word_1_40' title='bbox 1390 449 1558 506; x_wconf 82' lang='grc' dir='ltr'><em>αὐτῶν,</em></span> <span class='ocrx_word' id='word_1_41' title='bbox 1587 449 1662 499; x_wconf 82' lang='grc' dir='ltr'><em>καὶ</em></span> <span class='ocrx_word' id='word_1_42' title='bbox 1695 447 1812 513; x_wconf 80' lang='grc' dir='ltr'><em>πρὸς</em></span> <span class='ocrx_word' id='word_1_43' title='bbox 1845 445 1929 500; x_wconf 79' lang='grc' dir='ltr'><em>τὰς</em></span> 
     </span>
    </p>

    <p class='ocr_par' dir='ltr' id='par_1_3' title="bbox 123 526 1999 1082">
     <span class='ocr_line' id='line_1_6' title="bbox 123 526 1930 595; baseline -0.001 -14"><span class='ocrx_word' id='word_1_44' title='bbox 123 547 182 581; x_wconf 88' lang='grc'><em>30</em></span> <span class='ocrx_word' id='word_1_45' title='bbox 198 545 248 579; x_wconf 91' lang='lat' dir='ltr'><em>A.</em></span> <span class='ocrx_word' id='word_1_46' title='bbox 305 527 566 582; x_wconf 73' lang='grc' dir='ltr'><em>ειέκτόπους</em></span> <span class='ocrx_word' id='word_1_47' title='bbox 601 531 822 583; x_wconf 86' lang='grc' dir='ltr'><em>ἀπονοίας</em></span> <span class='ocrx_word' id='word_1_48' title='bbox 856 533 951 580; x_wconf 90' lang='grc' dir='ltr'><em>τῶν</em></span> <span class='ocrx_word' id='word_1_49' title='bbox 974 530 1082 595; x_wconf 89' lang='grc' dir='ltr'><em>παρ’</em></span> <span class='ocrx_word' id='word_1_50' title='bbox 1111 530 1267 582; x_wconf 82' lang='grc' dir='ltr'><em>αὐτοῖς</em></span> <span class='ocrx_word' id='word_1_51' title='bbox 1302 528 1691 595; x_wconf 80' lang='grc' dir='ltr'><em>συγγραμμάτων</em></span> <span class='ocrx_word' id='word_1_52' title='bbox 1721 526 1930 592; x_wconf 79' lang='grc' dir='ltr'><em>εὐλόγως</em></span> 
     </span>
     <span class='ocr_line' id='line_1_7' title="bbox 345 609 1970 677; baseline -0.001 -18"><span class='ocrx_word' id='word_1_53' title='bbox 345 610 650 673; x_wconf 78' lang='grc' dir='ltr'><em>κεκινημένος,</em></span> <span class='ocrx_word' id='word_1_54' title='bbox 681 611 706 660; x_wconf 83' lang='grc' dir='ltr'><em>ὁ</em></span> <span class='ocrx_word' id='word_1_55' title='bbox 746 610 970 676; x_wconf 85' lang='grc' dir='ltr'><em>μακάριος</em></span> <span class='ocrx_word' id='word_1_56' title='bbox 1004 609 1378 677; x_wconf 83' lang='grc' dir='ltr'><em>Εὐαγγελιστὴς,</em></span> <span class='ocrx_word' id='word_1_57' title='bbox 1411 610 1687 676; x_wconf 80' lang='grc' dir='ltr'><em>ὁρισάμενος</em></span> <span class='ocrx_word' id='word_1_58' title='bbox 1725 609 1814 673; x_wconf 77' lang='grc' dir='ltr'><em>ἤδη</em></span> <span class='ocrx_word' id='word_1_59' title='bbox 1853 611 1970 659; x_wconf 73' lang='grc' dir='ltr'><em>καὶὸ</em></span> 
     </span>
     <span class='ocr_line' id='line_1_8' title="bbox 346 688 1930 756; baseline -0.001 -15"><span class='ocrx_word' id='word_1_60' title='bbox 346 689 421 741; x_wconf 79' lang='grc' dir='ltr'><em>διὰ</em></span> <span class='ocrx_word' id='word_1_61' title='bbox 458 695 671 753; x_wconf 85' lang='grc' dir='ltr'><em>πολλῶν,</em></span> <span class='ocrx_word' id='word_1_62' title='bbox 710 693 771 745; x_wconf 85' lang='grc' dir='ltr'><em>ὡς</em></span> <span class='ocrx_word' id='word_1_63' title='bbox 810 691 909 753; x_wconf 74' lang='grc' dir='ltr'><em>ἔδει,</em></span> <span class='ocrx_word' id='word_1_64' title='bbox 943 690 1281 756; x_wconf 86' lang='grc' dir='ltr'><em>κατασημήνας</em></span> <span class='ocrx_word' id='word_1_65' title='bbox 1318 690 1402 742; x_wconf 81' lang='grc' dir='ltr'><em>τὸν</em></span> <span class='ocrx_word' id='word_1_66' title='bbox 1439 691 1519 742; x_wconf 80' lang='grc' dir='ltr'><em>ἕνα</em></span> <span class='ocrx_word' id='word_1_67' title='bbox 1557 693 1633 741; x_wconf 82' lang='grc' dir='ltr'><em>καὶ</em></span> <span class='ocrx_word' id='word_1_68' title='bbox 1672 688 1816 752; x_wconf 89' lang='grc' dir='ltr'><em>μόνον</em></span> <span class='ocrx_word' id='word_1_69' title='bbox 1854 691 1930 740; x_wconf 78' lang='grc' dir='ltr'><em>καὶ</em></span> 
     </span>
     <span class='ocr_line' id='line_1_9' title="bbox 345 770 1928 842; baseline -0.001 -20"><span class='ocrx_word' id='word_1_70' title='bbox 345 771 570 835; x_wconf 86' lang='grc' dir='ltr'><em>ἀληθινὸν</em></span> <span class='ocrx_word' id='word_1_71' title='bbox 604 774 653 823; x_wconf 87' lang='grc' dir='ltr'><em>ἐκ</em></span> <span class='ocrx_word' id='word_1_72' title='bbox 689 776 828 836; x_wconf 92' lang='grc' dir='ltr'><em>Θεοῦ,</em></span> <span class='ocrx_word' id='word_1_73' title='bbox 854 774 929 823; x_wconf 77' lang='grc' dir='ltr'><em>καὶ</em></span> <span class='ocrx_word' id='word_1_74' title='bbox 964 774 1012 824; x_wconf 83' lang='grc' dir='ltr'><em>ἐν</em></span> <span class='ocrx_word' id='word_1_75' title='bbox 1038 776 1159 842; x_wconf 72' lang='grc' dir='ltr'><em>Θεῷ,</em></span> <span class='ocrx_word' id='word_1_76' title='bbox 1190 775 1266 823; x_wconf 79' lang='grc' dir='ltr'><em>καὶ</em></span> <span class='ocrx_word' id='word_1_77' title='bbox 1300 772 1420 838; x_wconf 86' lang='grc' dir='ltr'><em>πρὸς</em></span> <span class='ocrx_word' id='word_1_78' title='bbox 1455 771 1581 823; x_wconf 83' lang='grc' dir='ltr'><em>Θεὸν</em></span> <span class='ocrx_word' id='word_1_79' title='bbox 1614 771 1728 822; x_wconf 79' lang='grc' dir='ltr'><em>ὄντα</em></span> <span class='ocrx_word' id='word_1_80' title='bbox 1754 770 1928 835; x_wconf 88' lang='grc' dir='ltr'><em>Λόγον,</em></span> 
     </span>
     <span class='ocr_line' id='line_1_10' title="bbox 343 851 1930 927; baseline 0.002 -24"><span class='ocrx_word' id='word_1_81' title='bbox 343 853 550 921; x_wconf 78' lang='grc' dir='ltr'><em>ἐπιφέρει</em></span> <span class='ocrx_word' id='word_1_82' title='bbox 587 858 773 919; x_wconf 89' lang='grc' dir='ltr'><em>γοργῶς</em></span> <span class='ocrx_word' id='word_1_83' title='bbox 811 853 953 909; x_wconf 69' lang='grc' dir='ltr'><em>Οὗτος</em></span> <span class='ocrx_word' id='word_1_84' title='bbox 993 851 1035 915; x_wconf 66' lang='grc' dir='ltr'><em>ἧν</em></span> <span class='ocrx_word' id='word_1_85' title='bbox 1073 854 1110 905; x_wconf 78' lang='grc' dir='ltr'><em>ἐν</em></span> <span class='ocrx_word' id='word_1_86' title='bbox 1148 858 1260 927; x_wconf 68' lang='grc' dir='ltr'><em>ἀρχῇ</em></span> <span class='ocrx_word' id='word_1_87' title='bbox 1304 855 1411 923; x_wconf 64' lang='grc' dir='ltr'><em>πρὶς</em></span> <span class='ocrx_word' id='word_1_88' title='bbox 1453 854 1520 905; x_wconf 63' lang='grc' dir='ltr'><em>τὶν</em></span> <span class='ocrx_word' id='word_1_89' title='bbox 1559 852 1677 916; x_wconf 70' lang='grc' dir='ltr'><em>Θεόν,</em></span> <span class='ocrx_word' id='word_1_90' title='bbox 1716 855 1777 905; x_wconf 84' lang='grc' dir='ltr'><em>ὡς</em></span> <span class='ocrx_word' id='word_1_91' title='bbox 1816 851 1930 906; x_wconf 78' lang='grc' dir='ltr'><em>Υἱὸς</em></span> 
     </span>
     <span class='ocr_line' id='line_1_11' title="bbox 345 934 1930 1002; baseline 0.002 -17"><span class='ocrx_word' id='word_1_92' title='bbox 345 934 525 999; x_wconf 83' lang='grc' dir='ltr'><em>δηλαδὴ</em></span> <span class='ocrx_word' id='word_1_93' title='bbox 564 934 680 1001; x_wconf 80' lang='grc' dir='ltr'><em>πρὸς</em></span> <span class='ocrx_word' id='word_1_94' title='bbox 719 934 801 986; x_wconf 81' lang='grc' dir='ltr'><em>τὸν</em></span> <span class='ocrx_word' id='word_1_95' title='bbox 840 935 1047 1002; x_wconf 80' lang='grc' dir='ltr'><em>Πατέρα,</em></span> <span class='ocrx_word' id='word_1_96' title='bbox 1086 937 1148 988; x_wconf 87' lang='grc' dir='ltr'><em>ὡς</em></span> <span class='ocrx_word' id='word_1_97' title='bbox 1186 935 1404 1002; x_wconf 69' lang='grc' dir='ltr'><em>ἔμφυτος,</em></span> <span class='ocrx_word' id='word_1_98' title='bbox 1444 937 1505 988; x_wconf 85' lang='grc' dir='ltr'><em>ὡς</em></span> <span class='ocrx_word' id='word_1_99' title='bbox 1551 936 1600 985; x_wconf 88' lang='grc' dir='ltr'><em>ἐκ</em></span> <span class='ocrx_word' id='word_1_100' title='bbox 1643 937 1726 998; x_wconf 88' lang='grc' dir='ltr'><em>τῆς</em></span> <span class='ocrx_word' id='word_1_101' title='bbox 1766 935 1930 988; x_wconf 83' lang='grc' dir='ltr'><em>οὐσίας</em></span> 
     </span>
     <span class='ocr_line' id='line_1_12' title="bbox 345 1015 1999 1082; baseline 0.001 -16"><span class='ocrx_word' id='word_1_102' title='bbox 345 1017 500 1078; x_wconf 82' lang='grc' dir='ltr'><em>αὑτοῦ,</em></span> <span class='ocrx_word' id='word_1_103' title='bbox 528 1019 588 1070; x_wconf 87' lang='grc' dir='ltr'><em>ὡς</em></span> <span class='ocrx_word' id='word_1_104' title='bbox 617 1016 907 1082; x_wconf 87' lang='grc' dir='ltr'><em>Μονογενής·</em></span> <span class='ocrx_word' id='word_1_105' title='bbox 960 1016 1090 1080; x_wconf 73' lang='grc' dir='ltr'><em>οὗτος,</em></span> <span class='ocrx_word' id='word_1_106' title='bbox 1117 1017 1199 1068; x_wconf 85' lang='grc' dir='ltr'><em>οὐκ</em></span> <span class='ocrx_word' id='word_1_107' title='bbox 1225 1015 1359 1070; x_wconf 72' lang='grc' dir='ltr'><em>ὄντος</em></span> <span class='ocrx_word' id='word_1_108' title='bbox 1386 1015 1612 1082; x_wconf 79' lang='grc' dir='ltr'><em>δευτέρου.</em></span> <span class='ocrx_word' id='word_1_109' title='bbox 1951 1038 1999 1063; x_wconf 94' lang='lat'><em>10</em></span> 
     </span>
    </p>

    <p class='ocr_par' dir='ltr' id='par_1_4' title="bbox 296 1095 1932 1331">
     <span class='ocr_line' id='line_1_13' title="bbox 416 1095 1924 1164; baseline -0.001 -15"><span class='ocrx_word' id='word_1_110' title='bbox 416 1097 610 1162; x_wconf 82' lang='grc' dir='ltr'><em>Ἐπειδὴ</em></span> <span class='ocrx_word' id='word_1_111' title='bbox 637 1097 685 1148; x_wconf 84' lang='grc' dir='ltr'><em>δὲ</em></span> <span class='ocrx_word' id='word_1_112' title='bbox 710 1097 965 1164; x_wconf 87' lang='grc' dir='ltr'><em>προσήκειν</em></span> <span class='ocrx_word' id='word_1_113' title='bbox 991 1098 1194 1163; x_wconf 86' lang='grc' dir='ltr'><em>ἡγοῦμαι</em></span> <span class='ocrx_word' id='word_1_114' title='bbox 1218 1096 1278 1148; x_wconf 79' lang='grc' dir='ltr'><em>τὰ</em></span> <span class='ocrx_word' id='word_1_115' title='bbox 1310 1098 1415 1163; x_wconf 79' lang='grc' dir='ltr'><em>περὶ</em></span> <span class='ocrx_word' id='word_1_116' title='bbox 1450 1100 1533 1161; x_wconf 86' lang='grc' dir='ltr'><em>τῆς</em></span> <span class='ocrx_word' id='word_1_117' title='bbox 1567 1095 1780 1161; x_wconf 80' lang='grc' dir='ltr'><em>τοιαύτης</em></span> <span class='ocrx_word' id='word_1_118' title='bbox 1807 1099 1924 1147; x_wconf 90' lang='grc' dir='ltr'><em>δυσ-</em></span> 
     </span>
     <span class='ocr_line' id='line_1_14' title="bbox 296 1179 1927 1248; baseline 0.001 -19"><span class='ocrx_word' id='word_1_119' title='bbox 296 1193 323 1234; x_wconf 88' lang='lat' dir='ltr'>b</span> <span class='ocrx_word' id='word_1_120' title='bbox 343 1181 530 1240; x_wconf 87' lang='grc' dir='ltr'><em>σεβείας</em></span> <span class='ocrx_word' id='word_1_121' title='bbox 568 1180 841 1248; x_wconf 73' lang='grc' dir='ltr'><em>ἐξηγεῖσθαι</em></span> <span class='ocrx_word' id='word_1_122' title='bbox 879 1180 1245 1247; x_wconf 73' lang='grc' dir='ltr'><em>σπουδάζοντας,</em></span> <span class='ocrx_word' id='word_1_123' title='bbox 1275 1179 1567 1246; x_wconf 84' lang='grc' dir='ltr'><em>γυμνοτέραν</em></span> <span class='ocrx_word' id='word_1_124' title='bbox 1601 1183 1754 1231; x_wconf 86' lang='grc' dir='ltr'><em>αὐτῶν</em></span> <span class='ocrx_word' id='word_1_125' title='bbox 1784 1203 1927 1232; x_wconf 90' lang='grc' dir='ltr'><em>κατα·</em></span> 
     </span>
     <span class='ocr_line' id='line_1_15' title="bbox 342 1260 1932 1331; baseline 0.001 -21"><span class='ocrx_word' id='word_1_126' title='bbox 342 1263 524 1324; x_wconf 81' lang='grc' dir='ltr'><em>στῆσαι</em></span> <span class='ocrx_word' id='word_1_127' title='bbox 564 1261 650 1326; x_wconf 88' lang='grc' dir='ltr'><em>τὴν</em></span> <span class='ocrx_word' id='word_1_128' title='bbox 688 1263 977 1331; x_wconf 84' lang='grc' dir='ltr'><em>δυσφημίαν,</em></span> <span class='ocrx_word' id='word_1_129' title='bbox 1017 1261 1092 1313; x_wconf 79' lang='grc' dir='ltr'><em>διὰ</em></span> <span class='ocrx_word' id='word_1_130' title='bbox 1135 1261 1221 1326; x_wconf 89' lang='grc' dir='ltr'><em>τὴν</em></span> <span class='ocrx_word' id='word_1_131' title='bbox 1261 1266 1356 1313; x_wconf 90' lang='grc' dir='ltr'><em>τῶν</em></span> <span class='ocrx_word' id='word_1_132' title='bbox 1397 1260 1728 1328; x_wconf 85' lang='grc' dir='ltr'><em>ἀκεραιοτέρων</em></span> <span class='ocrx_word' id='word_1_133' title='bbox 1768 1261 1932 1331; x_wconf 81' lang='grc' dir='ltr'><em>ἀσφά-</em></span> 
     </span>
    </p>

    <p class='ocr_par' dir='ltr' id='par_1_5' title="bbox 118 1342 1930 1426">
     <span class='ocr_line' id='line_1_16' title="bbox 118 1342 1930 1426; baseline 0.002 -36"><span class='ocrx_word' id='word_1_134' title='bbox 118 1351 270 1426; x_wconf 34' lang='lat' dir='ltr'><em>{lii-KQ}</em></span> <span class='ocrx_word' id='word_1_135' title='bbox 341 1347 487 1391; x_wconf 90' lang='grc' dir='ltr'><em>λειαν·</em></span> <span class='ocrx_word' id='word_1_136' title='bbox 542 1342 805 1411; x_wconf 74' lang='grc' dir='ltr'><em>φυλάξεται</em></span> <span class='ocrx_word' id='word_1_137' title='bbox 844 1342 938 1409; x_wconf 83' lang='grc' dir='ltr'><em>γὰρ</em></span> <span class='ocrx_word' id='word_1_138' title='bbox 981 1344 1005 1394; x_wconf 85' lang='grc' dir='ltr'>ὁ</span> <span class='ocrx_word' id='word_1_139' title='bbox 1048 1342 1224 1405; x_wconf 83' lang='grc' dir='ltr'><em>μαθὼν,</em></span> <span class='ocrx_word' id='word_1_140' title='bbox 1265 1344 1340 1393; x_wconf 81' lang='grc' dir='ltr'><em>καὶ</em></span> <span class='ocrx_word' id='word_1_141' title='bbox 1382 1344 1444 1395; x_wconf 85' lang='grc' dir='ltr'><em>ὡς</em></span> <span class='ocrx_word' id='word_1_142' title='bbox 1483 1342 1594 1411; x_wconf 83' lang='grc' dir='ltr'><em>ὅφιν</em></span> <span class='ocrx_word' id='word_1_143' title='bbox 1634 1344 1930 1408; x_wconf 85' lang='grc' dir='ltr'><em>ὑπεραλεῖται</em></span> 
     </span>
    </p>

    <p class='ocr_par' dir='ltr' id='par_1_6' title="bbox 189 1416 1998 1488">
     <span class='ocr_line' id='line_1_17' title="bbox 189 1416 1998 1488; baseline 0.003 -16"><span class='ocrx_word' id='word_1_144' title='bbox 189 1419 196 1427; x_wconf 68' lang='grc'><strong>’</strong></span> <span class='ocrx_word' id='word_1_145' title='bbox 234 1416 259 1435; x_wconf 64' lang='grc'>”</span> <span class='ocrx_word' id='word_1_146' title='bbox 341 1421 461 1472; x_wconf 81' lang='grc' dir='ltr'><em>κατὰ</em></span> <span class='ocrx_word' id='word_1_147' title='bbox 498 1422 648 1487; x_wconf 89' lang='grc' dir='ltr'><em>μέσην</em></span> <span class='ocrx_word' id='word_1_148' title='bbox 683 1423 980 1475; x_wconf 82' lang='grc' dir='ltr'><em>λανθάνοντα</em></span> <span class='ocrx_word' id='word_1_149' title='bbox 1017 1423 1102 1488; x_wconf 88' lang='grc' dir='ltr'><em>τὴν</em></span> <span class='ocrx_word' id='word_1_150' title='bbox 1138 1422 1259 1475; x_wconf 84' lang='grc' dir='ltr'><em>ὁδόν·</em></span> <span class='ocrx_word' id='word_1_151' title='bbox 1308 1424 1571 1488; x_wconf 85' lang='grc' dir='ltr'><em>ἀναγκαίως</em></span> <span class='ocrx_word' id='word_1_152' title='bbox 1610 1423 1754 1488; x_wconf 83' lang='grc' dir='ltr'><em>αὐτὴν</em></span> <span class='ocrx_word' id='word_1_153' title='bbox 1788 1423 1926 1488; x_wconf 86' lang='grc' dir='ltr'><em>ε’κθή-</em></span> <span class='ocrx_word' id='word_1_154' title='bbox 1952 1439 1998 1477; x_wconf 88' lang='lat'><em>15</em></span> 
     </span>
    </p>

    <p class='ocr_par' dir='ltr' id='par_1_7' title="bbox 340 1503 1931 1574">
     <span class='ocr_line' id='line_1_18' title="bbox 340 1503 1931 1574; baseline 0.002 -21"><span class='ocrx_word' id='word_1_155' title='bbox 340 1526 488 1565; x_wconf 89' lang='grc' dir='ltr'><em>σομαι</em></span> <span class='ocrx_word' id='word_1_156' title='bbox 521 1503 607 1567; x_wconf 86' lang='grc' dir='ltr'><em>τὴν</em></span> <span class='ocrx_word' id='word_1_157' title='bbox 638 1505 818 1556; x_wconf 86' lang='grc' dir='ltr'><em>ἐκείνων</em></span> <span class='ocrx_word' id='word_1_158' title='bbox 843 1504 1002 1574; x_wconf 77' lang='grc' dir='ltr'><em>δόξαν,</em></span> <span class='ocrx_word' id='word_1_159' title='bbox 1031 1507 1092 1558; x_wconf 87' lang='grc' dir='ltr'><em>ὡς</em></span> <span class='ocrx_word' id='word_1_160' title='bbox 1127 1507 1175 1556; x_wconf 87' lang='grc' dir='ltr'><em>ἐν</em></span> <span class='ocrx_word' id='word_1_161' title='bbox 1200 1505 1479 1559; x_wconf 79' lang='grc' dir='ltr'><em>ἀντιθέσεως</em></span> <span class='ocrx_word' id='word_1_162' title='bbox 1505 1504 1731 1572; x_wconf 86' lang='grc' dir='ltr'><em>σχήματι.</em></span> <span class='ocrx_word' id='word_1_163' title='bbox 1784 1504 1931 1563; x_wconf 81' lang='grc' dir='ltr'><em>λάβοι</em></span> 
     </span>
    </p>

    <p class='ocr_par' dir='ltr' id='par_1_8' title="bbox 339 1583 1929 1737">
     <span class='ocr_line' id='line_1_19' title="bbox 339 1583 1929 1656; baseline 0.003 -22"><span class='ocrx_word' id='word_1_164' title='bbox 339 1583 433 1649; x_wconf 78' lang='grc' dir='ltr'><em>γὰρ</em></span> <span class='ocrx_word' id='word_1_165' title='bbox 473 1583 531 1635; x_wconf 76' lang='grc' dir='ltr'><em>ἂν</em></span> <span class='ocrx_word' id='word_1_166' title='bbox 569 1585 714 1640; x_wconf 81' lang='grc' dir='ltr'><em>ὅντως</em></span> <span class='ocrx_word' id='word_1_167' title='bbox 751 1586 835 1640; x_wconf 78' lang='grc' dir='ltr'><em>τὰς</em></span> <span class='ocrx_word' id='word_1_168' title='bbox 873 1586 1035 1640; x_wconf 87' lang='grc' dir='ltr'><em>λύσεις</em></span> <span class='ocrx_word' id='word_1_169' title='bbox 1073 1587 1259 1656; x_wconf 75' lang='grc' dir='ltr'><em>ἐφεξῆς,</em></span> <span class='ocrx_word' id='word_1_170' title='bbox 1292 1586 1399 1638; x_wconf 89' lang='grc' dir='ltr'><em>καθ’</em></span> <span class='ocrx_word' id='word_1_171' title='bbox 1441 1587 1620 1653; x_wconf 79' lang='grc' dir='ltr'><em>οὕσπερ</em></span> <span class='ocrx_word' id='word_1_172' title='bbox 1659 1584 1716 1637; x_wconf 82' lang='grc' dir='ltr'><em>ἂν</em></span> <span class='ocrx_word' id='word_1_173' title='bbox 1753 1587 1929 1651; x_wconf 86' lang='grc' dir='ltr'><em>ἐπιδοίη</em></span> 
     </span>
     <span class='ocr_line' id='line_1_20' title="bbox 340 1665 1134 1737; baseline 0.005 -22"><span class='ocrx_word' id='word_1_174' title='bbox 340 1665 541 1732; x_wconf 85' lang='grc' dir='ltr'><em>τρόπους</em></span> <span class='ocrx_word' id='word_1_175' title='bbox 568 1667 592 1717; x_wconf 84' lang='grc' dir='ltr'>ὁ</span> <span class='ocrx_word' id='word_1_176' title='bbox 618 1667 773 1720; x_wconf 88' lang='grc' dir='ltr'><em>πάντα</em></span> <span class='ocrx_word' id='word_1_177' title='bbox 798 1672 969 1737; x_wconf 83' lang='grc' dir='ltr'><em>σοφῶν</em></span> <span class='ocrx_word' id='word_1_178' title='bbox 997 1669 1134 1723; x_wconf 86' lang='grc' dir='ltr'><em>Θεός.</em></span> 
     </span>
    </p>
   </div>
   <div class='ocr_carea' id='block_1_3' title="bbox 2041 0 2073 1952">
    <p class='ocr_par' dir='ltr' id='par_1_9' title="bbox 2041 0 2073 1952">
     <span class='ocr_line' id='line_1_21' title="bbox 2041 0 2073 1952; baseline 0 0"><span class='ocrx_word' id='word_1_179' title='bbox 2041 0 2073 1952; x_wconf 95' lang='lat' dir='ltr'><em> </em></span> 
     </span>
    </p>
   </div>
   <div class='ocr_carea' id='block_1_4' title="bbox 677 1872 1586 1923">
    <p class='ocr_par' dir='ltr' id='par_1_10' title="bbox 677 1872 1586 1923">
     <span class='ocr_line' id='line_1_22' title="bbox 677 1872 1586 1923; baseline 0.002 -12"><span class='ocrx_word' id='word_1_180' title='bbox 677 1872 873 1922; x_wconf 85' lang='grc' dir='ltr'><em>Εὐνομίου</em></span> <span class='ocrx_word' id='word_1_181' title='bbox 904 1873 997 1922; x_wconf 82' lang='grc' dir='ltr'><em>δόξα</em></span> <span class='ocrx_word' id='word_1_182' title='bbox 1025 1872 1114 1923; x_wconf 87' lang='grc' dir='ltr'><em>περὶ</em></span> <span class='ocrx_word' id='word_1_183' title='bbox 1144 1875 1212 1912; x_wconf 83' lang='grc' dir='ltr'><em>τοῦ</em></span> <span class='ocrx_word' id='word_1_184' title='bbox 1241 1873 1338 1912; x_wconf 78' lang='grc' dir='ltr'><em>’Υῖοῦ</em></span> <span class='ocrx_word' id='word_1_185' title='bbox 1367 1875 1435 1912; x_wconf 85' lang='grc' dir='ltr'><em>τοῦ</em></span> <span class='ocrx_word' id='word_1_186' title='bbox 1467 1874 1586 1913; x_wconf 86' lang='grc' dir='ltr'><em>Θεοῦ.</em></span> 
     </span>
    </p>
   </div>
   <div class='ocr_carea' id='block_1_5' title="bbox 121 1981 2073 2700">
    <p class='ocr_par' dir='ltr' id='par_1_11' title="bbox 121 1981 2073 2700">
     <span class='ocr_line' id='line_1_23' title="bbox 415 1981 2001 2052; baseline -0.001 -19"><span class='ocrx_word' id='word_1_187' title='bbox 415 2022 442 2044; x_wconf 80' lang='grc'><em>,,</em></span> <span class='ocrx_word' id='word_1_188' title='bbox 468 1983 531 2033; x_wconf 90' lang='grc' dir='ltr'>Ὁ</span> <span class='ocrx_word' id='word_1_189' title='bbox 570 1982 859 2048; x_wconf 87' lang='grc' dir='ltr'><em>Μονογενὴς,</em></span> <span class='ocrx_word' id='word_1_190' title='bbox 900 1985 1037 2052; x_wconf 76' lang='grc' dir='ltr'><em>φησὶ,</em></span> <span class='ocrx_word' id='word_1_191' title='bbox 1071 1988 1154 2034; x_wconf 91' lang='grc' dir='ltr'><em>τοῦ</em></span> <span class='ocrx_word' id='word_1_192' title='bbox 1194 1987 1318 2034; x_wconf 85' lang='grc' dir='ltr'><em>Θεοῦ</em></span> <span class='ocrx_word' id='word_1_193' title='bbox 1349 1981 1478 2045; x_wconf 77' lang='grc' dir='ltr'><em>Υἱὸς,</em></span> <span class='ocrx_word' id='word_1_194' title='bbox 1510 1983 1593 2034; x_wconf 80' lang='grc' dir='ltr'><em>οὐκ</em></span> <span class='ocrx_word' id='word_1_195' title='bbox 1630 1983 1762 2035; x_wconf 77' lang='grc' dir='ltr'><em>ε”στιν</em></span> <span class='ocrx_word' id='word_1_196' title='bbox 1794 1985 1929 2036; x_wconf 80' lang='grc' dir='ltr'><em>αὐτο·</em></span> <span class='ocrx_word' id='word_1_197' title='bbox 1951 2008 2001 2033; x_wconf 87' lang='lat'><em>20</em></span> 
     </span>
     <span class='ocr_line' id='line_1_24' title="bbox 302 2063 2073 2131; baseline 0.002 -18"><span class='ocrx_word' id='word_1_198' title='bbox 302 2098 324 2125; x_wconf 63' lang='grc' dir='ltr'>Ο</span> <span class='ocrx_word' id='word_1_199' title='bbox 343 2103 369 2126; x_wconf 88' lang='grc'><em>,,</em></span> <span class='ocrx_word' id='word_1_200' title='bbox 397 2063 564 2130; x_wconf 88' lang='grc' dir='ltr'><em>κυρίως</em></span> <span class='ocrx_word' id='word_1_201' title='bbox 595 2065 619 2114; x_wconf 87' lang='grc' dir='ltr'>ὁ</span> <span class='ocrx_word' id='word_1_202' title='bbox 648 2065 805 2131; x_wconf 91' lang='grc' dir='ltr'><em>Λόγος</em></span> <span class='ocrx_word' id='word_1_203' title='bbox 844 2066 998 2116; x_wconf 84' lang='grc' dir='ltr'><em>αὐτοῦ·</em></span> <span class='ocrx_word' id='word_1_204' title='bbox 1054 2064 1164 2116; x_wconf 86' lang='grc' dir='ltr'><em>ἀλλ’</em></span> <span class='ocrx_word' id='word_1_205' title='bbox 1199 2066 1224 2115; x_wconf 83' lang='grc' dir='ltr'><strong>ὁ</strong></span> <span class='ocrx_word' id='word_1_206' title='bbox 1259 2063 1345 2129; x_wconf 83' lang='grc' dir='ltr'><em>μὲν</em></span> <span class='ocrx_word' id='word_1_207' title='bbox 1376 2064 1635 2119; x_wconf 85' lang='grc' dir='ltr'><em>ἐνδιάθετος</em></span> <span class='ocrx_word' id='word_1_208' title='bbox 1668 2064 1813 2131; x_wconf 88' lang='grc' dir='ltr'><em>λόγος</em></span> <span class='ocrx_word' id='word_1_209' title='bbox 1845 2071 1929 2117; x_wconf 92' lang='grc' dir='ltr'><em>τοῦ</em></span> <span class='ocrx_word' id='word_1_210' title='bbox 2069 2085 2073 2105; x_wconf 78' lang='grc'>·</span> 
     </span>
     <span class='ocr_line' id='line_1_25' title="bbox 342 2145 1933 2216; baseline 0.002 -20"><span class='ocrx_word' id='word_1_211' title='bbox 342 2184 370 2208; x_wconf 89' lang='grc'><em>,,</em></span> <span class='ocrx_word' id='word_1_212' title='bbox 398 2148 522 2196; x_wconf 86' lang='grc' dir='ltr'><em>Θεοῦ</em></span> <span class='ocrx_word' id='word_1_213' title='bbox 548 2147 623 2196; x_wconf 84' lang='grc' dir='ltr'><em>καὶ</em></span> <span class='ocrx_word' id='word_1_214' title='bbox 651 2145 841 2212; x_wconf 81' lang='grc' dir='ltr'><em>Πατρὸς</em></span> <span class='ocrx_word' id='word_1_215' title='bbox 876 2148 924 2196; x_wconf 88' lang='grc' dir='ltr'><em>ἐν</em></span> <span class='ocrx_word' id='word_1_216' title='bbox 950 2147 1075 2216; x_wconf 75' lang='grc' dir='ltr'><em>αὐτῷ</em></span> <span class='ocrx_word' id='word_1_217' title='bbox 1113 2151 1300 2197; x_wconf 83' lang='grc' dir='ltr'><em>κινεῖται</em></span> <span class='ocrx_word' id='word_1_218' title='bbox 1335 2148 1410 2197; x_wconf 80' lang='grc' dir='ltr'><em>καὶ</em></span> <span class='ocrx_word' id='word_1_219' title='bbox 1444 2146 1575 2197; x_wconf 77' lang='grc' dir='ltr'><em>ἔστιν</em></span> <span class='ocrx_word' id='word_1_220' title='bbox 1599 2147 1680 2196; x_wconf 88' lang='grc' dir='ltr'><em>ἀεί·</em></span> <span class='ocrx_word' id='word_1_221' title='bbox 1733 2148 1758 2198; x_wconf 86' lang='grc' dir='ltr'><em>ὃ</em></span> <span class='ocrx_word' id='word_1_222' title='bbox 1793 2146 1842 2198; x_wconf 82' lang='grc' dir='ltr'><em>δὲ</em></span> <span class='ocrx_word' id='word_1_223' title='bbox 1876 2147 1933 2216; x_wconf 80' lang='grc' dir='ltr'><em>ἐξ</em></span> 
     </span>
     <span class='ocr_line' id='line_1_26' title="bbox 341 2226 1930 2293; baseline 0.002 -16"><span class='ocrx_word' id='word_1_224' title='bbox 341 2266 370 2289; x_wconf 90' lang='grc'><em>,,</em></span> <span class='ocrx_word' id='word_1_225' title='bbox 396 2228 537 2278; x_wconf 82' lang='grc' dir='ltr'><em>αὐτοῦ</em></span> <span class='ocrx_word' id='word_1_226' title='bbox 584 2230 862 2292; x_wconf 85' lang='grc' dir='ltr'><em>γεννηθῆναι</em></span> <span class='ocrx_word' id='word_1_227' title='bbox 907 2227 1158 2293; x_wconf 90' lang='grc' dir='ltr'><em>λεγόμενος</em></span> <span class='ocrx_word' id='word_1_228' title='bbox 1202 2226 1316 2281; x_wconf 79' lang='grc' dir='ltr'><em>Υἱὸς</em></span> <span class='ocrx_word' id='word_1_229' title='bbox 1356 2226 1438 2278; x_wconf 79' lang='grc' dir='ltr'><em>τὸν</em></span> <span class='ocrx_word' id='word_1_230' title='bbox 1479 2226 1742 2279; x_wconf 86' lang='grc' dir='ltr'><em>ἐνδιάθετον</em></span> <span class='ocrx_word' id='word_1_231' title='bbox 1786 2229 1930 2280; x_wconf 81' lang='grc' dir='ltr'><em>αὐτοῦ</em></span> 
     </span>
     <span class='ocr_line' id='line_1_27' title="bbox 341 2306 1926 2376; baseline 0.001 -18"><span class='ocrx_word' id='word_1_232' title='bbox 341 2348 370 2371; x_wconf 90' lang='grc'><em>,,</em></span> <span class='ocrx_word' id='word_1_233' title='bbox 396 2308 545 2374; x_wconf 90' lang='grc' dir='ltr'><em>λόγον</em></span> <span class='ocrx_word' id='word_1_234' title='bbox 571 2306 829 2376; x_wconf 87' lang='grc' dir='ltr'><em>δεχόμενος,</em></span> <span class='ocrx_word' id='word_1_235' title='bbox 855 2308 1010 2360; x_wconf 86' lang='grc' dir='ltr'><em>πάντα</em></span> <span class='ocrx_word' id='word_1_236' title='bbox 1043 2331 1093 2360; x_wconf 89' lang='grc' dir='ltr'><em>τε</em></span> <span class='ocrx_word' id='word_1_237' title='bbox 1127 2307 1248 2360; x_wconf 79' lang='grc' dir='ltr'><em>οἶδεν</em></span> <span class='ocrx_word' id='word_1_238' title='bbox 1272 2308 1501 2372; x_wconf 82' lang='grc' dir='ltr'><em>ἐκμαθὼν,</em></span> <span class='ocrx_word' id='word_1_239' title='bbox 1529 2311 1601 2359; x_wconf 80' lang='grc' dir='ltr'><em>καὶ</em></span> <span class='ocrx_word' id='word_1_240' title='bbox 1629 2310 1736 2360; x_wconf 90' lang='grc' dir='ltr'><em>καθ’</em></span> <span class='ocrx_word' id='word_1_241' title='bbox 1765 2308 1926 2373; x_wconf 84' lang='grc' dir='ltr'><em>ὁμοιό-</em></span> 
     </span>
     <span class='ocr_line' id='line_1_28' title="bbox 341 2335 2073 2455; baseline 0.001 -16"><span class='ocrx_word' id='word_1_242' title='bbox 341 2429 370 2452; x_wconf 87' lang='grc'><em>,,</em></span> <span class='ocrx_word' id='word_1_243' title='bbox 394 2412 513 2453; x_wconf 87' lang='grc' dir='ltr'><em>τητα</em></span> <span class='ocrx_word' id='word_1_244' title='bbox 539 2389 624 2454; x_wconf 90' lang='grc' dir='ltr'><em>τὴν</em></span> <span class='ocrx_word' id='word_1_245' title='bbox 649 2391 832 2452; x_wconf 84' lang='grc' dir='ltr'><em>ἐκείνου,</em></span> <span class='ocrx_word' id='word_1_246' title='bbox 860 2390 1006 2455; x_wconf 88' lang='grc' dir='ltr'><em>λόγος</em></span> <span class='ocrx_word' id='word_1_247' title='bbox 1032 2395 1240 2441; x_wconf 83' lang='grc' dir='ltr'><em>καλεῖται</em></span> <span class='ocrx_word' id='word_1_248' title='bbox 1265 2392 1341 2441; x_wconf 78' lang='grc' dir='ltr'><em>καὶ</em></span> <span class='ocrx_word' id='word_1_249' title='bbox 1367 2390 1541 2440; x_wconf 76' lang='grc' dir='ltr'><em>ἕστιν.”</em></span> <span class='ocrx_word' id='word_1_250' title='bbox 1951 2413 2000 2453; x_wconf 86' lang='lat'><em>25</em></span> <span class='ocrx_word' id='word_1_251' title='bbox 2071 2335 2073 2432; x_wconf 70' lang='grc'>1</span> 
     </span>
     <span class='ocr_line' id='line_1_29' title="bbox 417 2456 2073 2536; baseline 0.002 -16"><span class='ocrx_word' id='word_1_252' title='bbox 417 2468 538 2521; x_wconf 77' lang='grc' dir='ltr'><em>Εἶτα</em></span> <span class='ocrx_word' id='word_1_253' title='bbox 574 2470 693 2536; x_wconf 79' lang='grc' dir='ltr'><em>πρὸς</em></span> <span class='ocrx_word' id='word_1_254' title='bbox 729 2472 1006 2534; x_wconf 77' lang='grc' dir='ltr'><em>βεβαίωσιν,</em></span> <span class='ocrx_word' id='word_1_255' title='bbox 1041 2473 1102 2525; x_wconf 87' lang='grc' dir='ltr'><em>ὡς</em></span> <span class='ocrx_word' id='word_1_256' title='bbox 1137 2471 1290 2534; x_wconf 76' lang='grc' dir='ltr'><em>οἴεται,</em></span> <span class='ocrx_word' id='word_1_257' title='bbox 1321 2473 1403 2534; x_wconf 81' lang='grc' dir='ltr'><em>τῆς</em></span> <span class='ocrx_word' id='word_1_258' title='bbox 1441 2471 1606 2521; x_wconf 86' lang='grc' dir='ltr'><em>ἑαυτοῦ</em></span> <span class='ocrx_word' id='word_1_259' title='bbox 1647 2471 1930 2532; x_wconf 84' lang='grc' dir='ltr'><em>δυσσεβείας</em></span> <span class='ocrx_word' id='word_1_260' title='bbox 2072 2456 2073 2471; x_wconf 28' lang='lat'>¹</span> 
     </span>
     <span class='ocr_line' id='line_1_30' title="bbox 343 2550 1930 2619; baseline -0.001 -16"><span class='ocrx_word' id='word_1_261' title='bbox 343 2554 418 2603; x_wconf 75' lang='grc' dir='ltr'><em>καὶ</em></span> <span class='ocrx_word' id='word_1_262' title='bbox 456 2557 551 2604; x_wconf 90' lang='grc' dir='ltr'><em>τῶν</em></span> <span class='ocrx_word' id='word_1_263' title='bbox 588 2553 971 2619; x_wconf 86' lang='grc' dir='ltr'><em>διεστραμμένων</em></span> <span class='ocrx_word' id='word_1_264' title='bbox 1009 2555 1194 2604; x_wconf 83' lang='grc' dir='ltr'><em>ἐννοιῶν</em></span> <span class='ocrx_word' id='word_1_265' title='bbox 1231 2551 1466 2605; x_wconf 87' lang='grc' dir='ltr'><em>τοιούτους</em></span> <span class='ocrx_word' id='word_1_266' title='bbox 1504 2550 1632 2605; x_wconf 81' lang='grc' dir='ltr'><em>τινὰς</em></span> <span class='ocrx_word' id='word_1_267' title='bbox 1678 2551 1930 2603; x_wconf 85' lang='grc' dir='ltr'><em>ἀναπλέκει</em></span> 
     </span>
     <span class='ocr_line' id='line_1_31' title="bbox 121 2632 1925 2700; baseline 0.001 -18"><span class='ocrx_word' id='word_1_268' title='bbox 121 2651 218 2682; x_wconf 76' lang='lat' dir='ltr'><strong>Prov.</strong></span> <span class='ocrx_word' id='word_1_269' title='bbox 238 2660 268 2682; x_wconf 80' lang='lat' dir='ltr'><em>v.</em></span> <span class='ocrx_word' id='word_1_270' title='bbox 343 2633 719 2699; x_wconf 80' lang='grc' dir='ltr'><em>συλλογισμοὺς,</em></span> <span class='ocrx_word' id='word_1_271' title='bbox 745 2635 834 2697; x_wconf 85' lang='grc' dir='ltr'><em>ἵνα,</em></span> <span class='ocrx_word' id='word_1_272' title='bbox 862 2633 983 2685; x_wconf 81' lang='grc' dir='ltr'><em>καθὰ</em></span> <span class='ocrx_word' id='word_1_273' title='bbox 1016 2633 1290 2700; x_wconf 86' lang='grc' dir='ltr'><em>γέγραπται,</em></span> <span class='ocrx_word' id='word_1_274' title='bbox 1317 2637 1416 2686; x_wconf 86' lang='grc' dir='ltr'><em>ταῖς</em></span> <span class='ocrx_word' id='word_1_275' title='bbox 1447 2637 1542 2683; x_wconf 93' lang='grc' dir='ltr'><em>τῶν</em></span> <span class='ocrx_word' id='word_1_276' title='bbox 1567 2632 1744 2684; x_wconf 83' lang='grc' dir='ltr'><em>οἰκείων</em></span> <span class='ocrx_word' id='word_1_277' title='bbox 1771 2633 1925 2699; x_wconf 83' lang='grc' dir='ltr'><em>ἁμαρ-</em></span> 
     </span>
    </p>
   </div>
   <div class='ocr_carea' id='block_1_6' title="bbox 124 2703 1468 2783">
    <p class='ocr_par' dir='ltr' id='par_1_12' title="bbox 124 2703 1468 2783">
     <span class='ocr_line' id='line_1_32' title="bbox 124 2703 1468 2783; baseline 0.001 -20"><span class='ocrx_word' id='word_1_278' title='bbox 124 2703 172 2725; x_wconf 69' lang='lat'><em>²²¹</em></span> <span class='ocrx_word' id='word_1_279' title='bbox 343 2714 563 2780; x_wconf 88' lang='grc' dir='ltr'><em>τημάτων</em></span> <span class='ocrx_word' id='word_1_280' title='bbox 589 2720 766 2782; x_wconf 86' lang='grc' dir='ltr'><em>σειραῖς</em></span> <span class='ocrx_word' id='word_1_281' title='bbox 793 2717 817 2767; x_wconf 85' lang='grc' dir='ltr'>ὁ</span> <span class='ocrx_word' id='word_1_282' title='bbox 842 2716 1042 2769; x_wconf 87' lang='grc' dir='ltr'><em>δείλαιος</em></span> <span class='ocrx_word' id='word_1_283' title='bbox 1069 2715 1468 2783; x_wconf 85' lang='grc' dir='ltr'><em>κατασφίγγηται.</em></span> 
     </span>
    </p>
   </div>
   <div class='ocr_carea' id='block_1_7' title="bbox 344 2868 1929 3009">
    <p class='ocr_par' dir='ltr' id='par_1_13' title="bbox 344 2868 1929 3009">
     <span class='ocr_line' id='line_1_33' title="bbox 396 2868 1929 2916; baseline -0.001 -11"><span class='ocrx_word' id='word_1_284' title='bbox 396 2883 425 2905; x_wconf 88' lang='lat'><em>1.</em></span> <span class='ocrx_word' id='word_1_285' title='bbox 451 2870 506 2916; x_wconf 75' lang='grc' dir='ltr'><em>οὗ]</em></span> <span class='ocrx_word' id='word_1_286' title='bbox 530 2876 566 2910; x_wconf 63' lang='lat'><em>—4-</em></span> <span class='ocrx_word' id='word_1_287' title='bbox 588 2872 607 2905; x_wconf 87' lang='grc' dir='ltr'>ὁ</span> <span class='ocrx_word' id='word_1_288' title='bbox 625 2870 734 2905; x_wconf 88' lang='lat' dir='ltr'><strong>Euth.</strong></span> <span class='ocrx_word' id='word_1_289' title='bbox 956 2884 989 2913; x_wconf 90' lang='lat'><em>4.</em></span> <span class='ocrx_word' id='word_1_290' title='bbox 1015 2870 1162 2907; x_wconf 80' lang='grc' dir='ltr'><em>ἀτόπους</em></span> <span class='ocrx_word' id='word_1_291' title='bbox 1179 2870 1287 2905; x_wconf 84' lang='lat' dir='ltr'><strong>Euth.</strong></span> <span class='ocrx_word' id='word_1_292' title='bbox 1508 2869 1541 2904; x_wconf 88' lang='lat'><em>6.</em></span> <span class='ocrx_word' id='word_1_293' title='bbox 1567 2870 1803 2913; x_wconf 82' lang='grc' dir='ltr'><em>κατασημάνας</em></span> <span class='ocrx_word' id='word_1_294' title='bbox 1820 2868 1929 2903; x_wconf 86' lang='lat' dir='ltr'><strong>Euth.</strong></span> 
     </span>
     <span class='ocr_line' id='line_1_34' title="bbox 344 2915 1928 2962; baseline 0 -12"><span class='ocrx_word' id='word_1_295' title='bbox 344 2929 378 2962; x_wconf 87' lang='lat'><em>9.</em></span> <span class='ocrx_word' id='word_1_296' title='bbox 404 2918 462 2951; x_wconf 88' lang='grc' dir='ltr'><em>τὸν</em></span> <span class='ocrx_word' id='word_1_297' title='bbox 479 2928 549 2951; x_wconf 90' lang='lat' dir='ltr'><em>om.</em></span> <span class='ocrx_word' id='word_1_298' title='bbox 570 2917 611 2952; x_wconf 91' lang='lat' dir='ltr'><em>B.</em></span> <span class='ocrx_word' id='word_1_299' title='bbox 782 2917 835 2951; x_wconf 91' lang='lat'><em>16.</em></span> <span class='ocrx_word' id='word_1_300' title='bbox 862 2917 964 2961; x_wconf 78' lang='grc' dir='ltr'><em>δόξαν</em></span> <span class='ocrx_word' id='word_1_301' title='bbox 980 2922 1202 2962; x_wconf 84' lang='lat' dir='ltr'><strong>assumptum</strong></span> <span class='ocrx_word' id='word_1_302' title='bbox 1221 2929 1262 2951; x_wconf 83' lang='lat' dir='ltr'><em>ex</em></span> <span class='ocrx_word' id='word_1_303' title='bbox 1282 2917 1324 2952; x_wconf 90' lang='lat' dir='ltr'><em>B.</em></span> <span class='ocrx_word' id='word_1_304' title='bbox 1491 2925 1545 2961; x_wconf 91' lang='lat'><em>17.</em></span> <span class='ocrx_word' id='word_1_305' title='bbox 1571 2915 1676 2951; x_wconf 83' lang='grc' dir='ltr'><em>ὅντως</em></span> <span class='ocrx_word' id='word_1_306' title='bbox 1694 2916 1737 2950; x_wconf 92' lang='grc' dir='ltr'><em>Β.</em></span> <span class='ocrx_word' id='word_1_307' title='bbox 1755 2915 1841 2951; x_wconf 76' lang='grc' dir='ltr'><em>οὕτω</em></span> <span class='ocrx_word' id='word_1_308' title='bbox 1860 2915 1928 2950; x_wconf 88' lang='lat' dir='ltr'><em>Ed.</em></span> 
     </span>
     <span class='ocr_line' id='line_1_35' title="bbox 346 2962 1695 3009; baseline 0.001 -12"><span class='ocrx_word' id='word_1_309' title='bbox 346 2974 401 2997; x_wconf 94' lang='lat'><em>20.</em></span> <span class='ocrx_word' id='word_1_310' title='bbox 427 2963 646 3009; x_wconf 81' lang='grc' dir='ltr'><em>αὐτοκυρίως]</em></span> <span class='ocrx_word' id='word_1_311' title='bbox 667 2964 882 3009; x_wconf 82' lang='grc' dir='ltr'><em>αὐτοκράτωρ</em></span> <span class='ocrx_word' id='word_1_312' title='bbox 900 2965 953 2998; x_wconf 85' lang='grc' dir='ltr'><em>καὶ</em></span> <span class='ocrx_word' id='word_1_313' title='bbox 970 2962 1166 3009; x_wconf 80' lang='grc' dir='ltr'><em>αὐτοκύριος</em></span> <span class='ocrx_word' id='word_1_314' title='bbox 1184 2963 1226 2998; x_wconf 88' lang='grc' dir='ltr'><em>Β.</em></span> <span class='ocrx_word' id='word_1_315' title='bbox 1395 2973 1451 2998; x_wconf 85' lang='grc'><em>22.</em></span> <span class='ocrx_word' id='word_1_316' title='bbox 1477 2963 1511 2996; x_wconf 92' lang='grc' dir='ltr'><em>ε’ν</em></span> <span class='ocrx_word' id='word_1_317' title='bbox 1528 2964 1634 3008; x_wconf 85' lang='grc' dir='ltr'><em>ἑαυτῷ</em></span> <span class='ocrx_word' id='word_1_318' title='bbox 1653 2962 1695 2998; x_wconf 90' lang='grc' dir='ltr'><em>Β.</em></span> 
     </span>
    </p>
   </div>
  </div>
 </body>
</html>
