2084 3317
138 2234 245 2265 Exod.

137 2289 193 2310 xx.
212 2287 283 2320 ²·5·

364 150 447 189 618
766 150 815 191 B.
849 150 1120 191 CYRILLI
1163 151 1541 191 ALEXANDR.
1600 189 1602 191 ,
1676 154 1679 155 ’
1791 149 1949 200 vii.24.

363 260 718 322 μεταβάλλοιτο
754 261 952 326 θεωρίαν
983 260 1042 311 τὰ
1076 260 1343 328 παχύτερόν
1371 284 1471 315 πως
1505 265 1601 314 τοῖς
1636 258 1951 327 ἀρχαιοτέροις

364 341 715 406 διατεταγμένα.

437 423 630 488 Ἐπειδὴ
666 423 714 475 δὲ
748 424 883 492 ἅπαξ
914 426 938 474 ὁ
973 423 1120 489 λόγος
1155 425 1267 489 ἡμῖν
1300 429 1362 478 εἷς
1397 424 1482 488 τὴν
1507 426 1582 476 ἐπὶ
1615 428 1682 494 τῷ
1714 423 1952 491 σαββάτῳ

363 507 439 556 καὶ
490 510 547 574 τῇ
599 509 830 572 περιτομῇ
876 506 1158 573 κατεῤῥύηκε
1202 506 1407 571 μνήμην,
1446 505 1572 570 οἶμαι
1615 506 1670 570 δὴ
1714 505 1862 558 πάλιν
1899 505 1953 555 οὐ

361 592 492 650 μεῖον
518 589 743 638 εἰσοίσειν
764 587 883 654 ἤπερ
910 589 999 638 ἔδει
1022 586 1076 639 τὸ
1103 588 1262 654 κέρδος
1290 593 1356 659 τῷ
1381 611 1434 654 γε
1461 589 1584 642 ὅλως
1612 591 1880 657 φιλομαθεῖ,
1898 586 1952 637 τὸ
1974 602 1995 642 5

362 673 569 720 συνιδεῖν
604 673 824 735 ἀκριβῶς,
860 676 943 721 τοῦ
981 670 1067 733 μὲν
1103 669 1161 721 ἂν
1195 671 1262 736 εἴη
1301 670 1591 735 σημαντικὸς
1630 672 1654 720 ὁ
1693 672 1741 721 ἐν
1776 667 1953 736 ἑβδόμῃ

363 750 720 815 σαββατισμὸς,
747 752 795 802 τί
825 752 869 803 δ’
900 753 958 803 αὖ
994 752 1048 803 τὸ
1084 752 1467 817 ὑποδηλούμενον
1499 751 1576 803 διὰ
1607 755 1689 816 τῆς
1728 753 1776 803 ἐν
1809 751 1954 818 ὀγδόῃ

323 858 344 884 ο
363 838 631 900 περιτομῆς,
658 835 723 885 ε”τι
749 857 797 885 τε
825 833 943 901 πρὸς
970 834 1120 905 τούτῳ
1147 834 1201 886 τὸ
1228 839 1394 898 μαθεῖν
1420 837 1496 886 καὶ
1529 835 1605 886 διὰ
1637 835 1778 885 ποίαν
1803 834 1954 884 αἰτίαν

363 916 390 980 ἡ
416 916 646 982 περιτομὴ
674 918 749 967 καὶ
776 919 823 967 ἐν
850 918 976 986 αὐτῷ
1011 917 1307 981 λαμβάνεται
1343 922 1410 988 τῷ
1443 917 1696 986 σαββάτῳ,
1721 919 1806 980 τῆς
1834 915 1954 966 κατὰ

362 999 506 1062 νόμον
534 999 700 1064 ἀργίας
738 1000 822 1050 οὐκ
861 999 1136 1066 ἀνεχομένη·
1179 999 1263 1050 τὸν
1289 999 1338 1051 δὲ
1377 1001 1449 1068 ἐφ’
1479 998 1665 1069 ἑκάστῳ
1704 997 1865 1064 λόγον,
1891 999 1953 1052 ὡς
1977 1018 2025 1046 10
2070 1025 2072 1065 3

361 1080 420 1131 ἂν
455 1080 548 1134 οἷός
583 1104 632 1131 τε
668 1079 718 1143 (ἶ),
753 1082 1207 1148 διευκρινησάμενος,
1242 1085 1381 1150 σαφῆ
1415 1085 1612 1146 ποιῆσαι
1645 1079 1949 1147 πειράσομαι.

360 1165 661 1229 προκείσεται
701 1163 749 1215 δὲ
788 1169 976 1229 πρῶτος
1015 1165 1124 1228 ἡμῖν
1161 1166 1186 1215 ὁ
1225 1167 1332 1230 περὶ
1369 1167 1453 1228 τῆς
1491 1164 1708 1228 ἑβδόμης,
1734 1164 1837 1227 ἤτοι
1870 1167 1954 1213 τοῦ

360 1245 630 1307 σαββάτου,
653 1247 728 1296 καὶ
755 1248 837 1309 τῆς
866 1246 1032 1312 ἀργίας
1057 1249 1141 1309 τῆς
1167 1248 1215 1297 ἐν
1241 1248 1382 1315 αὐτῷ.
1423 1247 1544 1297 οὕτω
1569 1245 1663 1312 γὰρ
1687 1244 1744 1295 ἂν
1770 1244 1953 1310 γένοιτο

360 1330 436 1378 καὶ
471 1332 566 1378 τῶν
593 1328 764 1397 ἐφεξῆς
790 1327 1168 1393 πρεπωδεστάτη
1196 1328 1307 1379 λίαν
1331 1329 1359 1392 ἡ
1387 1327 1616 1390 βάσανος.
1669 1328 1837 1378 οὐκοῦν
1863 1326 1952 1390 ἤδη

360 1409 443 1460 τὸν
477 1415 669 1476 πρῶτον
699 1410 767 1460 ἐπ’
798 1410 924 1479 αὐτῷ
959 1411 1260 1477 διορισθέντα
1295 1410 1454 1475 νόμον,
1483 1410 1609 1464 ὅπως
1647 1432 1696 1461 τε
1735 1411 1810 1460 καὶ
1849 1408 1953 1460 τίνα
1975 1428 2023 1467 15

359 1491 538 1558 τρόπον
565 1492 668 1560 ἔφυ,
696 1490 991 1558 ζητήσωμεν.

315 1581 344 1622 d
433 1574 628 1638 Ἐπειδὴ
655 1574 748 1640 γὰρ
774 1576 857 1638 τῆς
884 1576 932 1625 ἐν
950 1574 1179 1645 Αἰγύπτῳ
1207 1575 1420 1631 δουλείας
1445 1575 1528 1627 τὸν
1546 1574 1751 1642 Ἰσραὴλ
1776 1571 1954 1643 ἐξελὼν

359 1657 480 1724 πρὸς
509 1656 596 1721 τὴν
622 1657 801 1708 ἄνωθέν
827 1680 875 1708 τε
912 1659 987 1708 καὶ
1023 1659 1226 1725 ἀρχαίαν
1249 1659 1516 1726 ἐλευθερίαν
1542 1658 1697 1709 ἐκάλει
1724 1656 1845 1710 Θεὸς
1878 1654 1954 1707 διὰ

359 1745 443 1791 τοῦ
483 1739 743 1809 πανσόφου
786 1739 1048 1803 Μωυσέως,
1089 1742 1165 1791 καὶ
1211 1740 1288 1792 διὰ
1328 1741 1479 1807 μέσης
1525 1740 1782 1805 θαλάσσης
1824 1738 1954 1808 ξηρῷ

359 1821 538 1889 τρόπον
565 1821 669 1873 τινὰ
695 1825 770 1873 καὶ
807 1822 1003 1892 ἀβρόχῳ
1037 1824 1146 1874 ποδὶ
1181 1822 1465 1892 παραδόξως
1496 1821 1742 1889 διενεγκὼν
1767 1824 1840 1873 ἐπὶ
1867 1819 1952 1885 τὴν
1973 1844 2025 1870 20

359 1907 443 1968 τῆς
478 1906 765 1970 ἐπαγγελίας
803 1905 1074 1970 ἐπείγεσθαι
1110 1908 1202 1971 γῆν
1234 1906 1533 1958 διεκελεύετο·
1589 1905 1761 1957 λοιπὸν
1798 1907 1946 1968 ἀναγό

360 1988 502 2041 καίως
549 1985 992 2054 προαφαγνίζεσθαι
1041 1986 1219 2052 τρόπον
1271 1987 1376 2039 τινὰ
1426 1991 1502 2040 καὶ
1548 1987 1952 2054 προκαθαίρεσθαι

360 2068 656 2136 προσεθίζων
682 2067 861 2130 αὐτοὺς,
890 2069 1140 2120 συνεκάλει
1175 2067 1258 2132 μὲν
1285 2073 1347 2123 εἷς
1383 2071 1641 2135 ἐκκλησίαν
1673 2071 1721 2120 ἐν
1753 2073 1819 2139 τῳ
1858 2068 1954 2134 ὄρει

322 2155 496 2220 θΣινᾷ·
553 2153 601 2202 ἐν
639 2149 789 2216 πυρὸς
827 2149 877 2200 δὲ
918 2151 1024 2201 ε’ίδει
1065 2151 1423 2217 καταφοιτήσας
1462 2154 1530 2204 ἐπ’
1568 2150 1697 2215 αὐτὸ,
1735 2150 1796 2202 τὰ
1833 2150 1953 2217 πρὸς

362 2235 604 2300 σωτηρίαν
630 2232 892 2295 ἐνομοθέτει
927 2232 1085 2298 λέγων
1113 2240 1139 2262 “
1159 2233 1290 2299 Ἐγώ
1317 2239 1407 2298 εἰμι
1437 2234 1610 2302 Κύριος
1636 2236 1660 2285 ὁ
1689 2233 1811 2287 Θεός
1837 2256 1948 2296 σου,
1974 2249 2024 2289 25

363 2322 389 2345 ‘⁶
417 2315 551 2369 ὅστις
577 2313 788 2382 ἐξήγαγέ
808 2337 865 2365 σε
890 2316 939 2365 ἐκ
965 2319 1052 2381 γῆς
1080 2316 1342 2381 Αἰγύπτου,
1370 2317 1428 2386 ἐξ
1450 2317 1577 2369 οἴκου
1603 2317 1828 2369 δουλείας·
1871 2316 1954 2366 οὐκ

363 2405 389 2428 “
415 2398 609 2449 ε”σονταί
645 2421 724 2448 σοι
764 2399 858 2448 θεοὶ
897 2397 1043 2464 ἕτεροι
1083 2397 1212 2462 πλὴν
1243 2401 1370 2461 ἐμοῦ.
1426 2400 1479 2450 οὐ
1516 2398 1730 2464 ποιήσεις
1767 2401 1954 2466 σεαυτῷ

363 2487 389 2509 “
415 2480 625 2542 εἴδωλον,
665 2478 769 2530 οὐδὲ
808 2483 905 2530 πᾶν
942 2480 1168 2542 ὁμοίωμα,
1205 2479 1300 2530 ὅσα
1338 2483 1386 2531 ἐν
1420 2483 1486 2550 τῷ
1523 2482 1705 2550 οὐρανῷ
1743 2480 1839 2531 ἄνω
1877 2482 1954 2530 καὶ

362 2571 388 2592 “
416 2562 510 2613 ὅσα
546 2564 594 2613 ἐν
620 2565 679 2630 τῇ
718 2566 780 2630 γῇ
817 2560 943 2612 κάτω
980 2564 1056 2612 καὶ
1092 2561 1186 2612 ὅσα
1217 2564 1264 2613 ἐν
1290 2568 1384 2616 τοῖς
1421 2564 1589 2614 ὕδασιν
1618 2562 1837 2614 ὑποκάτω
1871 2565 1954 2626 τῆς

362 2652 389 2674 “
416 2647 518 2710 γῆς.
563 2646 617 2695 οὐ
643 2643 994 2711 προσκυνήσεις
1022 2644 1176 2697 αὐτοῖς
1204 2647 1279 2696 καὶ
1306 2647 1360 2695 οὐ
1383 2644 1448 2709 μὴ
1476 2644 1751 2711 λατρεύσεις
1778 2646 1948 2698 αὐτοῖς·
1974 2665 2024 2702 30

362 2733 390 2755 “
416 2726 507 2793 ἐγὼ
536 2725 627 2793 γάρ
655 2731 745 2789 εἰμι
775 2725 950 2793 Κύριος
977 2727 1001 2776 ὁ
1031 2726 1151 2779 Θεός
1177 2749 1282 2790 σου,
1306 2727 1426 2781 Θεὸς
1454 2726 1706 2794 ζηλωτής.”
1747 2727 1835 2778 ἔδει
1860 2725 1953 2793 γὰρ

411 2878 466 2900 22.
493 2867 814 2912 προαφαγνίζεσθαι
836 2867 927 2901 B.D.
946 2867 1241 2912 προαφανίζεσθαι
1262 2868 1327 2902 Ed.
1473 2869 1528 2904 28.
1555 2871 1622 2903 πᾶν
1640 2868 1706 2903 Ed.
1728 2869 1799 2914 (15.
1819 2878 1874 2921 35.
1893 2879 1950 2912 59.

362 2913 418 2955 64.
441 2914 513 2958 76.)
533 2915 665 2949 πάντως
683 2920 744 2948 aut
761 2915 886 2949 παντὸς
907 2914 948 2949 Β.
967 2914 1011 2948 cf.
1030 2915 1067 2948 in
1084 2914 1131 2948 xii
1150 2914 1280 2959 Propb.
1299 2927 1344 2960 99
1362 2928 1391 2949 e.
1614 2927 1670 2961 31.
1696 2917 1762 2961 γάρ
1780 2928 1877 2961 prlus
1895 2928 1950 2950 as·

363 2968 546 3006 sumptum
564 2973 604 2994 ex
626 2961 668 2995 Β.
