2073 3296
354 177 409 215 64
757 178 806 218 B.
839 175 1117 218 CYRILLI
1158 174 1535 216 ALEXANDR.
1854 172 1880 213 i.
1901 184 1938 214 2.

355 287 520 338 οὐκοῦν
551 285 749 338 λέλυται
781 285 835 337 τὸ
872 284 1164 352 ζητούμενον.
1215 287 1316 337 πῶς
1354 283 1447 350 γὰρ
1486 285 1511 335 ὁ
1550 281 1612 337 εἷς
1647 281 1824 351 διδάξει
1857 280 1942 332 τὸν

355 366 526 434 ἕτερον,
572 371 634 423 ὡς
680 366 810 421 εἰδὼς
853 364 918 431 μὴ
961 366 1273 432 γινώσκοντα,
1315 364 1441 431 εἴπερ
1485 364 1581 415 ’ίσοι
1626 362 1747 414 κατὰ
1792 361 1943 432 φύσιν

136 463 191 497 43
208 461 261 496 Α.
317 452 478 500 ειεῖσὶν
522 448 810 518 ἀμφότεροι;
871 445 1168 514 πανταχόθεν
1214 451 1464 512 τοιγαροῦν
1506 446 1818 499 ἀσθενοῦντος
1861 448 1944 495 τοῦ

359 531 468 598 παρ’
509 531 694 584 ἐκείνοις
732 528 894 595 λόγου,
933 527 1174 594 παρέλκον
1209 526 1267 578 ἂν
1303 526 1370 591 ε’ίη
1410 526 1582 578 λοιπὸν
1615 526 1945 591 μεσιτεύεσθαι

359 612 490 680 παρά
522 635 645 666 τινος
679 613 893 663 ὑπονοεῖν
919 609 1003 660 τὸν
1027 608 1161 672 Υἱόν,
1190 611 1264 660 καὶ
1303 609 1406 676 οὐχὶ
1442 612 1634 671 μᾶλλον
1659 607 1802 659 αὐτὸν
1832 604 1944 657 εἶναι
1965 623 1987 661 5

359 693 596 745 πιστεύειν
621 692 706 744 τὸν
731 694 779 744 ἐν
807 696 916 762 Θεῷ
943 693 1098 758 Πατρὶ
1125 689 1252 742 Θεὸν
1280 688 1460 755 Λόγον,
1491 688 1541 743 ὃς
1566 687 1624 753 ἧν
1649 691 1697 740 ἐν
1723 690 1863 756 ἀρχῇ.

435 795 568 824 ΑΛΛο.
617 777 704 826 Ἐν
728 778 830 844 Υἱῲ
863 778 1015 842 φησιν
1050 774 1075 823 ὁ
1114 771 1338 838 μακάριος
1376 775 1571 825 Παῦλος
1611 769 1718 824 τοὺς
1756 769 1949 834 ἁπάσης

140 872 299 911 Col.ii.3.
361 857 540 927 σοφίας
574 860 650 909 καὶ
683 856 844 921 πάσης
877 855 1100 922 γνώσεως
1130 853 1483 922 ἀποκεκρύφθαι
1510 851 1793 918 θησαυρούς·
1835 853 1946 902 ἀλλ’
2067 833 2073 879 Ι

362 940 489 1006 ε’ίπερ
523 941 624 990 ἐστὶ
661 939 817 1004 λέγων
842 936 901 988 τὰ
935 942 1126 988 τοιαῦτα
1160 934 1358 999 ἀληθὴς,
1390 938 1491 988 πῶς
1526 932 1583 985 ἂν
1617 934 1682 985 ε”τι
1720 936 1802 996 τῆς
1839 930 1948 1000 παρ’
2060 936 2063 939 ’

362 1020 517 1087 ἑτέρου
543 1023 790 1085 δεδεῆσθαι
822 1016 1131 1071 διδασκαλίας
1163 1014 1513 1080 ὑπονοήσαιμεν
1538 1015 1696 1078 αὐτὸν,
1724 1014 1752 1080 ἢ
1787 1016 1836 1066 ἐν
1861 1016 1952 1066 τίνι
1977 1036 2023 1061 ιο
2061 1062 2064 1081 ἦ

317 1102 535 1155 1)λοιπὸν
568 1102 623 1154 τὸ
665 1104 712 1153 ἐν
741 1101 917 1168 γνώσει
955 1099 1133 1151 τέλειον
1168 1096 1527 1163 ἐπιζητήσομεν,
1560 1096 1687 1163 εἴπερ
1726 1098 1751 1148 ὁ
1787 1101 1953 1148 πᾶσαν

362 1185 484 1253 ἔχων
517 1184 662 1249 αὐτὴν
691 1182 800 1250 παρ’
835 1181 990 1249 ἑτέρου
1028 1184 1294 1250 σοφοῦται;
1337 1183 1436 1232 πῶς
1472 1177 1520 1229 δὲ
1553 1177 1677 1232 ὅλως
1712 1178 1865 1248 σοφία
1898 1175 1953 1230 r&

363 1268 697 1338 σοφούμενον;
752 1264 908 1329 ἐπειδὴ
941 1263 989 1315 δὲ
1027 1264 1081 1314 οὐ
1116 1267 1211 1316 τοῖς
1244 1261 1354 1328 παρ’
1391 1261 1577 1312 ἐκείνων
1613 1259 1790 1326 λόγοις,
1822 1258 1954 1310 ἀλλὰ

363 1355 460 1404 τοῖς
495 1348 572 1400 διὰ
604 1354 687 1400 τοῦ
716 1347 992 1411 Πνεύματος
1023 1343 1276 1411 προσέχειν
1306 1343 1428 1407 ἡμᾶς
1460 1343 1728 1408 ἀναγκαῖον,
1756 1341 1848 1409 ἔχει
1880 1340 1949 1404 δὲ,

365 1434 428 1486 ὡς
467 1433 492 1482 ὁ
533 1429 730 1484 Παῦλος
768 1433 933 1498 φησιν,
973 1429 998 1478 ὁ
1034 1425 1150 1480 Υἱὸς
1190 1424 1297 1478 τοὺς
1335 1427 1416 1488 τῆς
1456 1424 1633 1494 σοφίας
1673 1425 1748 1474 καὶ
1792 1422 1954 1488 πάσης
1978 1446 2024 1484 15

365 1512 589 1579 γνώσεως
624 1513 672 1562 ἐν
707 1511 855 1578 ἑαυτῷ
893 1504 1175 1574 θησαυροὺς,
1203 1507 1256 1556 οὐ
1288 1503 1419 1572 παρά
1452 1527 1576 1558 τινος
1612 1504 1769 1571 ἑτέρου
1802 1503 1863 1556 τὰ
1897 1505 1953 1556 δι’

367 1593 432 1647 ὧν
470 1596 573 1645 ἐστι
613 1593 767 1662 σοφία
805 1591 1055 1657 γνώσεται,
1096 1588 1207 1639 ἀλλ’
1250 1586 1474 1654 ὑπάρχων
1512 1587 1560 1637 ἐν
1601 1587 1756 1653 Πατρὶ
1799 1584 1956 1638 πάντα

368 1676 591 1743 γινώσκει
614 1673 674 1726 τὰ
699 1679 782 1725 τοῦ
809 1670 1017 1739 Πατρός,
1047 1672 1109 1725 ὡς
1134 1669 1287 1738 σοφία
1313 1669 1471 1720 αὐτοῦ.

330 1768 352 1797 e

418 1845 451 1880 3.
477 1835 537 1868 τοῦ
554 1834 659 1878 λόγου
677 1833 736 1866 τοῦ
752 1829 829 1875 παρ’
849 1829 985 1865 ἐκείνοις
1003 1828 1046 1862 Β.
1207 1836 1241 1867 4.
1266 1826 1388 1859 λοιπὸν
1406 1835 1476 1859 om.
1495 1823 1539 1858 B.
1703 1836 1736 1870 9.
1760 1824 1802 1859 τὰ
1818 1825 1955 1859 τοιαῦτα

368 1898 479 1944 λέγων
495 1898 634 1931 inverso
651 1894 772 1930 ordine
790 1894 833 1929 B.
963 1903 1016 1927 10.
1041 1880 1586 1935 ὑπονοὴσῗῦμεν-ἐπιζητὴσῧμεν
1604 1887 1651 1925 Ι).
1667 1887 1956 1933 ὑπονοήσωμεν-

370 1943 623 1989 ἐπιζητὴσωμεν
641 1943 683 1977 Ε.
829 1949 883 1986 17.
909 1941 1090 1986 γνώσεται,
1107 1937 1185 1973 ἀλλ’
1205 1938 1248 1973 Β.
1264 1938 1423 1983 γνώσεως
1439 1935 1530 1972 ἀλλὰ
1548 1935 1616 1971 Ed.
