<?xml version="1.0" encoding="UTF-8"?>
<!DOCTYPE html PUBLIC "-//W3C//DTD XHTML 1.0 Transitional//EN"
    "http://www.w3.org/TR/xhtml1/DTD/xhtml1-transitional.dtd">
<html xmlns="http://www.w3.org/1999/xhtml" xml:lang="en" lang="en">
 <head>
  <title>
</title>
<meta http-equiv="Content-Type" content="text/html;charset=utf-8" />
  <meta name='ocr-system' content='tesseract 3.04.00' />
  <meta name='ocr-capabilities' content='ocr_page ocr_carea ocr_par ocr_line ocrx_word'/>
</head>
<body>
  <div class='ocr_page' id='page_1' title='image "./operacyrilli03cyriuoft/operacyrilli03cyriuoft_0374.png"; bbox 0 0 2084 3317; ppageno 0'>
   <div class='ocr_carea' id='block_1_1' title="bbox 129 2689 223 2721">
    <p class='ocr_par' dir='ltr' id='par_1_1' title="bbox 129 2689 223 2721">
     <span class='ocr_line' id='line_1_1' title="bbox 129 2689 223 2721; baseline 0.021 -2"><span class='ocrx_word' id='word_1_1' title='bbox 129 2689 223 2721; x_wconf 83' lang='lat' dir='ltr'><strong>Hier.</strong></span> 
     </span>
    </p>
   </div>
   <div class='ocr_carea' id='block_1_2' title="bbox 129 2734 277 2765">
    <p class='ocr_par' dir='ltr' id='par_1_2' title="bbox 129 2734 277 2765">
     <span class='ocr_line' id='line_1_2' title="bbox 129 2734 277 2765; baseline 0.014 -2"><span class='ocrx_word' id='word_1_2' title='bbox 129 2734 207 2764; x_wconf 81' lang='lat' dir='ltr'>xvii.</span> <span class='ocrx_word' id='word_1_3' title='bbox 228 2743 277 2765; x_wconf 84' lang='lat'>22.</span> 
     </span>
    </p>
   </div>
   <div class='ocr_carea' id='block_1_3' title="bbox 355 192 1939 246">
    <p class='ocr_par' dir='ltr' id='par_1_3' title="bbox 355 192 1939 246">
     <span class='ocr_line' id='line_1_3' title="bbox 355 192 1939 246; baseline -0.003 -11"><span class='ocrx_word' id='word_1_4' title='bbox 355 197 440 235; x_wconf 78' lang='lat'>308</span> <span class='ocrx_word' id='word_1_5' title='bbox 760 195 807 234; x_wconf 80' lang='lat' dir='ltr'>B.</span> <span class='ocrx_word' id='word_1_6' title='bbox 843 195 1111 235; x_wconf 79' lang='lat' dir='ltr'>CYRILLI</span> <span class='ocrx_word' id='word_1_7' title='bbox 1154 195 1533 235; x_wconf 83' lang='lat' dir='ltr'><strong>ALEXANDR.</strong></span> <span class='ocrx_word' id='word_1_8' title='bbox 1786 192 1939 246; x_wconf 70' lang='lat' dir='ltr'><strong>V.8,9.</strong></span> 
     </span>
    </p>
   </div>
   <div class='ocr_carea' id='block_1_4' title="bbox 312 302 1982 778">
    <p class='ocr_par' dir='ltr' id='par_1_4' title="bbox 312 302 1982 778">
     <span class='ocr_line' id='line_1_4' title="bbox 312 302 1938 374; baseline -0.002 -20"><span class='ocrx_word' id='word_1_9' title='bbox 312 302 692 368; x_wconf 67' lang='grc' dir='ltr'>ὺκολυμβήθρας</span> <span class='ocrx_word' id='word_1_10' title='bbox 731 303 784 354; x_wconf 82' lang='grc' dir='ltr'>τὸ</span> <span class='ocrx_word' id='word_1_11' title='bbox 824 307 947 370; x_wconf 80' lang='grc' dir='ltr'>ὕδωρ</span> <span class='ocrx_word' id='word_1_12' title='bbox 986 306 1067 354; x_wconf 81' lang='grc' dir='ltr'>οὐκ</span> <span class='ocrx_word' id='word_1_13' title='bbox 1107 307 1153 354; x_wconf 88' lang='grc' dir='ltr'>ἐν</span> <span class='ocrx_word' id='word_1_14' title='bbox 1188 305 1326 374; x_wconf 75' lang='grc' dir='ltr'>ἑτέρῳ</span> <span class='ocrx_word' id='word_1_15' title='bbox 1367 303 1737 370; x_wconf 85' lang='grc' dir='ltr'>συνεταράττετο</span> <span class='ocrx_word' id='word_1_16' title='bbox 1776 304 1938 369; x_wconf 71' lang='grc' dir='ltr'>καιρῷ,</span> 
     </span>
     <span class='ocr_line' id='line_1_5' title="bbox 354 381 1942 450; baseline -0.003 -14"><span class='ocrx_word' id='word_1_17' title='bbox 354 384 440 449; x_wconf 82' lang='grc' dir='ltr'>τὴν</span> <span class='ocrx_word' id='word_1_18' title='bbox 485 390 581 435; x_wconf 82' lang='grc' dir='ltr'>τῶν</span> <span class='ocrx_word' id='word_1_19' title='bbox 626 387 773 450; x_wconf 80' lang='grc' dir='ltr'><em>ἁγίων</em></span> <span class='ocrx_word' id='word_1_20' title='bbox 819 385 1039 450; x_wconf 76' lang='grc' dir='ltr'>ἀγγέλων</span> <span class='ocrx_word' id='word_1_21' title='bbox 1085 390 1146 439; x_wconf 83' lang='grc' dir='ltr'>εὶς</span> <span class='ocrx_word' id='word_1_22' title='bbox 1197 385 1332 436; x_wconf 83' lang='grc' dir='ltr'>ἑαυτὸ</span> <span class='ocrx_word' id='word_1_23' title='bbox 1377 390 1611 449; x_wconf 77' lang='grc' dir='ltr'>σημαῖνον</span> <span class='ocrx_word' id='word_1_24' title='bbox 1655 382 1730 434; x_wconf 79' lang='grc' dir='ltr'>διὰ</span> <span class='ocrx_word' id='word_1_25' title='bbox 1775 381 1942 433; x_wconf 86' lang='grc' dir='ltr'>τούτου</span> 
     </span>
     <span class='ocr_line' id='line_1_6' title="bbox 354 461 1941 534; baseline -0.004 -16"><span class='ocrx_word' id='word_1_26' title='bbox 354 467 666 534; x_wconf 88' lang='grc' dir='ltr'>καταδρομήν.</span> <span class='ocrx_word' id='word_1_27' title='bbox 727 468 809 517; x_wconf 81' lang='grc' dir='ltr'>οὐκ</span> <span class='ocrx_word' id='word_1_28' title='bbox 847 468 967 534; x_wconf 77' lang='grc' dir='ltr'>ἔχων</span> <span class='ocrx_word' id='word_1_29' title='bbox 1005 473 1256 533; x_wconf 83' lang='grc' dir='ltr'>τοιγαροῦν</span> <span class='ocrx_word' id='word_1_30' title='bbox 1295 469 1320 517; x_wconf 83' lang='grc' dir='ltr'><em>ὁ</em></span> <span class='ocrx_word' id='word_1_31' title='bbox 1358 467 1630 532; x_wconf 87' lang='grc' dir='ltr'>παράλυτος</span> <span class='ocrx_word' id='word_1_32' title='bbox 1666 463 1748 516; x_wconf 77' lang='grc' dir='ltr'>τὸν</span> <span class='ocrx_word' id='word_1_33' title='bbox 1786 467 1849 516; x_wconf 80' lang='grc' dir='ltr'>εἰς</span> <span class='ocrx_word' id='word_1_34' title='bbox 1887 461 1941 513; x_wconf 84' lang='grc' dir='ltr'>τὸ</span> 
     </span>
     <span class='ocr_line' id='line_1_7' title="bbox 356 543 1942 617; baseline -0.003 -19"><span class='ocrx_word' id='word_1_35' title='bbox 356 550 480 615; x_wconf 80' lang='grc' dir='ltr'>ὕδωρ</span> <span class='ocrx_word' id='word_1_36' title='bbox 518 547 884 617; x_wconf 72' lang='grc' dir='ltr'>ἐξακοντίζοντα,</span> <span class='ocrx_word' id='word_1_37' title='bbox 918 548 1035 611; x_wconf 82' lang='grc' dir='ltr'>μετὰ</span> <span class='ocrx_word' id='word_1_38' title='bbox 1073 554 1156 599; x_wconf 91' lang='grc' dir='ltr'>τοῦ</span> <span class='ocrx_word' id='word_1_39' title='bbox 1195 549 1478 616; x_wconf 77' lang='grc' dir='ltr'>συνέχοντος</span> <span class='ocrx_word' id='word_1_40' title='bbox 1515 547 1709 609; x_wconf 82' lang='grc' dir='ltr'>πάθους,</span> <span class='ocrx_word' id='word_1_41' title='bbox 1742 548 1818 596; x_wconf 84' lang='grc' dir='ltr'>καὶ</span> <span class='ocrx_word' id='word_1_42' title='bbox 1856 543 1942 608; x_wconf 86' lang='grc' dir='ltr'>τὴν</span> 
     </span>
     <span class='ocr_line' id='line_1_8' title="bbox 354 627 1982 698; baseline -0.002 -18"><span class='ocrx_word' id='word_1_43' title='bbox 354 635 448 680; x_wconf 81' lang='grc' dir='ltr'>τῶν</span> <span class='ocrx_word' id='word_1_44' title='bbox 476 629 827 695; x_wconf 87' lang='grc' dir='ltr'>θεραπεύοντων</span> <span class='ocrx_word' id='word_1_45' title='bbox 854 631 1047 695; x_wconf 79' lang='grc' dir='ltr'>ἐρημίαν</span> <span class='ocrx_word' id='word_1_46' title='bbox 1072 630 1251 696; x_wconf 83' lang='grc' dir='ltr'>ἐθρήνει</span> <span class='ocrx_word' id='word_1_47' title='bbox 1278 630 1432 695; x_wconf 79' lang='grc' dir='ltr'>λέγων</span> <span class='ocrx_word' id='word_1_48' title='bbox 1449 629 1694 698; x_wconf 75' lang='grc' dir='ltr'>’Ἄνθρωπον</span> <span class='ocrx_word' id='word_1_49' title='bbox 1722 631 1798 679; x_wconf 81' lang='grc' dir='ltr'>οὐκ</span> <span class='ocrx_word' id='word_1_50' title='bbox 1831 627 1938 689; x_wconf 73' lang='grc' dir='ltr'>ἔχω,</span> <span class='ocrx_word' id='word_1_51' title='bbox 1960 647 1982 684; x_wconf 88' lang='grc'>5</span> 
     </span>
     <span class='ocr_line' id='line_1_9' title="bbox 352 707 1942 778; baseline -0.001 -16"><span class='ocrx_word' id='word_1_52' title='bbox 352 710 435 762; x_wconf 79' lang='grc' dir='ltr'>τὸν</span> <span class='ocrx_word' id='word_1_53' title='bbox 461 716 523 766; x_wconf 79' lang='grc' dir='ltr'>εἷς</span> <span class='ocrx_word' id='word_1_54' title='bbox 549 711 602 762; x_wconf 83' lang='grc' dir='ltr'>τὸ</span> <span class='ocrx_word' id='word_1_55' title='bbox 637 713 762 776; x_wconf 82' lang='grc' dir='ltr'>ὕδωρ</span> <span class='ocrx_word' id='word_1_56' title='bbox 794 712 1163 778; x_wconf 76' lang='grc' dir='ltr'>κατακομίζοντα</span> <span class='ocrx_word' id='word_1_57' title='bbox 1197 712 1396 776; x_wconf 83' lang='grc' dir='ltr'>δηλαδή.</span> <span class='ocrx_word' id='word_1_58' title='bbox 1452 717 1590 762; x_wconf 90' lang='grc' dir='ltr'>τοῦτο</span> <span class='ocrx_word' id='word_1_59' title='bbox 1625 710 1718 776; x_wconf 79' lang='grc' dir='ltr'>γὰρ</span> <span class='ocrx_word' id='word_1_60' title='bbox 1751 707 1942 761; x_wconf 89' lang='grc' dir='ltr'>πάντως</span> 
     </span>
    </p>
   </div>
   <div class='ocr_carea' id='block_1_5' title="bbox 313 793 1863 897">
    <p class='ocr_par' dir='ltr' id='par_1_5' title="bbox 313 793 1863 897">
     <span class='ocr_line' id='line_1_10' title="bbox 352 793 1863 863; baseline -0.001 -20"><span class='ocrx_word' id='word_1_61' title='bbox 352 795 469 859; x_wconf 82' lang='grc' dir='ltr'>ἐρεῖν</span> <span class='ocrx_word' id='word_1_62' title='bbox 493 816 542 844; x_wconf 90' lang='grc' dir='ltr'>τε</span> <span class='ocrx_word' id='word_1_63' title='bbox 570 798 644 844; x_wconf 80' lang='grc' dir='ltr'>καὶ</span> <span class='ocrx_word' id='word_1_64' title='bbox 671 793 1017 856; x_wconf 80' lang='grc' dir='ltr'>συμβουλεύειν</span> <span class='ocrx_word' id='word_1_65' title='bbox 1044 795 1170 863; x_wconf 71' lang='grc' dir='ltr'>αὐτῷ</span> <span class='ocrx_word' id='word_1_66' title='bbox 1196 793 1523 860; x_wconf 83' lang='grc' dir='ltr'>προσεδόκησε</span> <span class='ocrx_word' id='word_1_67' title='bbox 1551 793 1633 843; x_wconf 80' lang='grc' dir='ltr'>τὸν</span> <span class='ocrx_word' id='word_1_68' title='bbox 1658 794 1863 856; x_wconf 83' lang='grc' dir='ltr'>Ἰησοῦν.</span> 
     </span>
     <span class='ocr_line' id='line_1_11' title="bbox 313 872 335 897; baseline 0 0"><span class='ocrx_word' id='word_1_69' title='bbox 313 872 335 897; x_wconf 85' lang='lat' dir='ltr'>e</span> 
     </span>
    </p>
   </div>
   <div class='ocr_carea' id='block_1_6' title="bbox 310 944 1941 1089">
    <p class='ocr_par' dir='ltr' id='par_1_6' title="bbox 310 944 1941 1089">
     <span class='ocr_line' id='line_1_12' title="bbox 310 944 1939 1005; baseline 0 -18"><span class='ocrx_word' id='word_1_70' title='bbox 310 944 474 1004; x_wconf 53' lang='lat' dir='ltr'>9³Ap0v</span> <span class='ocrx_word' id='word_1_71' title='bbox 522 949 590 990; x_wconf 79' lang='grc' dir='ltr'>τὸν</span> <span class='ocrx_word' id='word_1_72' title='bbox 636 950 874 1005; x_wconf 77' lang='grc' dir='ltr'>κράββατόν</span> <span class='ocrx_word' id='word_1_73' title='bbox 920 964 993 990; x_wconf 84' lang='grc' dir='ltr'>σου</span> <span class='ocrx_word' id='word_1_74' title='bbox 1040 949 1107 989; x_wconf 70' lang='grc' dir='ltr'>καὶ</span> <span class='ocrx_word' id='word_1_75' title='bbox 1151 950 1388 1005; x_wconf 75' lang='grc' dir='ltr'>Περιπάτει.</span> <span class='ocrx_word' id='word_1_76' title='bbox 1457 948 1525 988; x_wconf 74' lang='grc' dir='ltr'>καὶ</span> <span class='ocrx_word' id='word_1_77' title='bbox 1568 948 1729 988; x_wconf 72' lang='grc' dir='ltr'>εὐθέως</span> <span class='ocrx_word' id='word_1_78' title='bbox 1771 946 1939 993; x_wconf 78' lang='grc' dir='ltr'>ὲΓὲνετο</span> 
     </span>
     <span class='ocr_line' id='line_1_13' title="bbox 417 1029 1941 1089; baseline -0.001 -19"><span class='ocrx_word' id='word_1_79' title='bbox 417 1031 534 1078; x_wconf 57' lang='lat' dir='ltr'>orme</span> <span class='ocrx_word' id='word_1_80' title='bbox 573 1033 594 1075; x_wconf 85' lang='grc' dir='ltr'><strong>ὁ</strong></span> <span class='ocrx_word' id='word_1_81' title='bbox 633 1033 875 1089; x_wconf 72' lang='grc' dir='ltr'>ἄνθρωπος,</span> <span class='ocrx_word' id='word_1_82' title='bbox 916 1033 983 1073; x_wconf 75' lang='grc' dir='ltr'>καὶ</span> <span class='ocrx_word' id='word_1_83' title='bbox 1022 1029 1098 1088; x_wconf 59' lang='grc' dir='ltr'>ἦρε</span> <span class='ocrx_word' id='word_1_84' title='bbox 1136 1033 1208 1074; x_wconf 83' lang='grc' dir='ltr'>τὸν</span> <span class='ocrx_word' id='word_1_85' title='bbox 1248 1032 1486 1088; x_wconf 77' lang='grc' dir='ltr'>κράββατον</span> <span class='ocrx_word' id='word_1_86' title='bbox 1524 1031 1653 1072; x_wconf 78' lang='grc' dir='ltr'>αὐτοῦ</span> <span class='ocrx_word' id='word_1_87' title='bbox 1693 1030 1761 1070; x_wconf 79' lang='grc' dir='ltr'>καὶ</span> <span class='ocrx_word' id='word_1_88' title='bbox 1799 1043 1941 1085; x_wconf 85' lang='grc' dir='ltr'>Περιε-</span> 
     </span>
    </p>
   </div>
   <div class='ocr_carea' id='block_1_7' title="bbox 417 1113 2011 1173">
    <p class='ocr_par' dir='ltr' id='par_1_7' title="bbox 417 1113 2011 1173">
     <span class='ocr_line' id='line_1_14' title="bbox 417 1113 2011 1173; baseline 0.001 -18"><span class='ocrx_word' id='word_1_89' title='bbox 417 1116 553 1159; x_wconf 64' lang='grc' dir='ltr'>Πάτεῑ,</span> <span class='ocrx_word' id='word_1_90' title='bbox 616 1113 665 1156; x_wconf 61' lang='grc' dir='ltr'>ἦν</span> <span class='ocrx_word' id='word_1_91' title='bbox 705 1116 750 1156; x_wconf 72' lang='grc' dir='ltr'>δὲ</span> <span class='ocrx_word' id='word_1_92' title='bbox 789 1117 1000 1165; x_wconf 79' lang='grc' dir='ltr'>σάββατον</span> <span class='ocrx_word' id='word_1_93' title='bbox 1038 1116 1082 1156; x_wconf 78' lang='grc' dir='ltr'>ἐν</span> <span class='ocrx_word' id='word_1_94' title='bbox 1119 1114 1263 1172; x_wconf 73' lang='grc' dir='ltr'>ἐκεῖνῌ</span> <span class='ocrx_word' id='word_1_95' title='bbox 1301 1119 1351 1173; x_wconf 58' lang='grc' dir='ltr'>τῷ</span> <span class='ocrx_word' id='word_1_96' title='bbox 1392 1114 1545 1172; x_wconf 61' lang='grc' dir='ltr'>ἡμέρᾳ.</span> <span class='ocrx_word' id='word_1_97' title='bbox 1964 1126 2011 1151; x_wconf 86' lang='grc'>10</span> 
     </span>
    </p>
   </div>
   <div class='ocr_carea' id='block_1_8' title="bbox 304 1218 2012 2686">
    <p class='ocr_par' dir='ltr' id='par_1_8' title="bbox 348 1218 1941 1538">
     <span class='ocr_line' id='line_1_15' title="bbox 424 1218 1941 1289; baseline -0.003 -15"><span class='ocrx_word' id='word_1_98' title='bbox 424 1223 694 1289; x_wconf 77' lang='grc' dir='ltr'>Θεοπρεπές</span> <span class='ocrx_word' id='word_1_99' title='bbox 732 1223 786 1274; x_wconf 80' lang='grc' dir='ltr'>τὸ</span> <span class='ocrx_word' id='word_1_100' title='bbox 826 1225 1074 1289; x_wconf 77' lang='grc' dir='ltr'>ἐπίταγμα,</span> <span class='ocrx_word' id='word_1_101' title='bbox 1112 1225 1186 1273; x_wconf 75' lang='grc' dir='ltr'>καὶ</span> <span class='ocrx_word' id='word_1_102' title='bbox 1227 1225 1308 1287; x_wconf 84' lang='grc' dir='ltr'>τῆς</span> <span class='ocrx_word' id='word_1_103' title='bbox 1353 1223 1468 1288; x_wconf 81' lang='grc' dir='ltr'>ὑπὲρ</span> <span class='ocrx_word' id='word_1_104' title='bbox 1513 1223 1764 1288; x_wconf 78' lang='grc' dir='ltr'>ἄνθρωπον</span> <span class='ocrx_word' id='word_1_105' title='bbox 1803 1218 1941 1271; x_wconf 87' lang='grc' dir='ltr'>δυνά-</span> 
     </span>
     <span class='ocr_line' id='line_1_16' title="bbox 348 1303 1941 1374; baseline -0.001 -20"><span class='ocrx_word' id='word_1_106' title='bbox 348 1306 470 1367; x_wconf 83' lang='grc' dir='ltr'>μεώς</span> <span class='ocrx_word' id='word_1_107' title='bbox 501 1329 550 1356; x_wconf 93' lang='grc' dir='ltr'>τε</span> <span class='ocrx_word' id='word_1_108' title='bbox 586 1307 661 1355; x_wconf 82' lang='grc' dir='ltr'>καὶ</span> <span class='ocrx_word' id='word_1_109' title='bbox 696 1306 916 1374; x_wconf 77' lang='grc' dir='ltr'>ἐξουσίας</span> <span class='ocrx_word' id='word_1_110' title='bbox 950 1304 1301 1371; x_wconf 78' lang='grc' dir='ltr'>ἐναργεστάτην</span> <span class='ocrx_word' id='word_1_111' title='bbox 1328 1304 1436 1372; x_wconf 78' lang='grc' dir='ltr'>ε”χον</span> <span class='ocrx_word' id='word_1_112' title='bbox 1461 1304 1546 1368; x_wconf 88' lang='grc' dir='ltr'>τὴν</span> <span class='ocrx_word' id='word_1_113' title='bbox 1573 1303 1830 1372; x_wconf 79' lang='grc' dir='ltr'>ἀπόδειξιν.</span> <span class='ocrx_word' id='word_1_114' title='bbox 1886 1303 1941 1353; x_wconf 81' lang='grc' dir='ltr'>οὐ</span> 
     </span>
     <span class='ocr_line' id='line_1_17' title="bbox 348 1386 1940 1457; baseline 0 -20"><span class='ocrx_word' id='word_1_115' title='bbox 348 1386 443 1452; x_wconf 80' lang='grc' dir='ltr'>γὰρ</span> <span class='ocrx_word' id='word_1_116' title='bbox 469 1387 711 1455; x_wconf 83' lang='grc' dir='ltr'>ἐπεύχεται</span> <span class='ocrx_word' id='word_1_117' title='bbox 737 1392 802 1457; x_wconf 72' lang='grc' dir='ltr'>τῷ</span> <span class='ocrx_word' id='word_1_118' title='bbox 829 1387 1020 1457; x_wconf 75' lang='grc' dir='ltr'>κειμένῳ</span> <span class='ocrx_word' id='word_1_119' title='bbox 1056 1391 1137 1450; x_wconf 80' lang='grc' dir='ltr'>τῆς</span> <span class='ocrx_word' id='word_1_120' title='bbox 1176 1389 1443 1454; x_wconf 84' lang='grc' dir='ltr'>ἀῤῥωστίας</span> <span class='ocrx_word' id='word_1_121' title='bbox 1478 1387 1563 1451; x_wconf 86' lang='grc' dir='ltr'>τὴν</span> <span class='ocrx_word' id='word_1_122' title='bbox 1590 1388 1747 1450; x_wconf 85' lang='grc' dir='ltr'>λύσιν,</span> <span class='ocrx_word' id='word_1_123' title='bbox 1774 1387 1850 1438; x_wconf 80' lang='grc' dir='ltr'>ἵνα</span> <span class='ocrx_word' id='word_1_124' title='bbox 1875 1386 1940 1450; x_wconf 85' lang='grc' dir='ltr'>μὴ</span> 
     </span>
     <span class='ocr_line' id='line_1_18' title="bbox 349 1468 1938 1538; baseline 0.001 -20"><span class='ocrx_word' id='word_1_125' title='bbox 349 1468 469 1519; x_wconf 86' lang='grc' dir='ltr'>κατά</span> <span class='ocrx_word' id='word_1_126' title='bbox 507 1492 635 1523; x_wconf 87' lang='grc' dir='ltr'>τινας</span> <span class='ocrx_word' id='word_1_127' title='bbox 674 1471 887 1538; x_wconf 84' lang='grc' dir='ltr'>φαίνοιτο</span> <span class='ocrx_word' id='word_1_128' title='bbox 927 1472 1002 1521; x_wconf 79' lang='grc' dir='ltr'>καὶ</span> <span class='ocrx_word' id='word_1_129' title='bbox 1041 1469 1180 1524; x_wconf 80' lang='grc' dir='ltr'>αὐτὸς</span> <span class='ocrx_word' id='word_1_130' title='bbox 1218 1475 1311 1520; x_wconf 81' lang='grc' dir='ltr'>τῶν</span> <span class='ocrx_word' id='word_1_131' title='bbox 1344 1471 1490 1536; x_wconf 84' lang='grc' dir='ltr'>ἁγίων</span> <span class='ocrx_word' id='word_1_132' title='bbox 1526 1473 1800 1536; x_wconf 82' lang='grc' dir='ltr'>προφητῶν,</span> <span class='ocrx_word' id='word_1_133' title='bbox 1827 1468 1938 1520; x_wconf 82' lang='grc' dir='ltr'>ἀλλ’</span> 
     </span>
    </p>

    <p class='ocr_par' dir='ltr' id='par_1_9' title="bbox 304 1551 2012 2195">
     <span class='ocr_line' id='line_1_19' title="bbox 304 1551 2010 1621; baseline 0 -20"><span class='ocrx_word' id='word_1_134' title='bbox 304 1554 331 1595; x_wconf 79' lang='lat' dir='ltr'>d</span> <span class='ocrx_word' id='word_1_135' title='bbox 350 1553 412 1604; x_wconf 86' lang='grc' dir='ltr'>ὡς</span> <span class='ocrx_word' id='word_1_136' title='bbox 438 1555 532 1602; x_wconf 80' lang='grc' dir='ltr'>τῶν</span> <span class='ocrx_word' id='word_1_137' title='bbox 557 1552 795 1615; x_wconf 84' lang='grc' dir='ltr'>δυνάμεων</span> <span class='ocrx_word' id='word_1_138' title='bbox 826 1552 998 1618; x_wconf 86' lang='grc' dir='ltr'>Κύριος</span> <span class='ocrx_word' id='word_1_139' title='bbox 1029 1553 1400 1621; x_wconf 74' lang='grc' dir='ltr'>ἐξουσιαστικῶς</span> <span class='ocrx_word' id='word_1_140' title='bbox 1433 1551 1664 1603; x_wconf 85' lang='grc' dir='ltr'>ἐπιτάττει</span> <span class='ocrx_word' id='word_1_141' title='bbox 1698 1551 1935 1617; x_wconf 79' lang='grc' dir='ltr'>γενέσθαι·</span> <span class='ocrx_word' id='word_1_142' title='bbox 1963 1568 2010 1606; x_wconf 90' lang='lat'>15</span> 
     </span>
     <span class='ocr_line' id='line_1_20' title="bbox 349 1632 1941 1701; baseline 0.001 -18"><span class='ocrx_word' id='word_1_143' title='bbox 349 1633 574 1700; x_wconf 82' lang='grc' dir='ltr'>χαίροντα</span> <span class='ocrx_word' id='word_1_144' title='bbox 608 1632 694 1697; x_wconf 82' lang='grc' dir='ltr'>μὲν</span> <span class='ocrx_word' id='word_1_145' title='bbox 720 1633 873 1685; x_wconf 74' lang='grc' dir='ltr'>οἴκαδε</span> <span class='ocrx_word' id='word_1_146' title='bbox 909 1634 1113 1701; x_wconf 76' lang='grc' dir='ltr'>βαδίζειν</span> <span class='ocrx_word' id='word_1_147' title='bbox 1144 1634 1298 1696; x_wconf 76' lang='grc' dir='ltr'>εἰπὼν,</span> <span class='ocrx_word' id='word_1_148' title='bbox 1327 1635 1592 1698; x_wconf 88' lang='grc' dir='ltr'>ἐπωμάδιον</span> <span class='ocrx_word' id='word_1_149' title='bbox 1624 1633 1671 1685; x_wconf 81' lang='grc' dir='ltr'>δὲ</span> <span class='ocrx_word' id='word_1_150' title='bbox 1704 1637 1941 1685; x_wconf 84' lang='grc' dir='ltr'>ποιεῖσθαι</span> 
     </span>
     <span class='ocr_line' id='line_1_21' title="bbox 349 1715 1940 1785; baseline 0.003 -20"><span class='ocrx_word' id='word_1_151' title='bbox 349 1715 403 1765; x_wconf 83' lang='grc' dir='ltr'>τὸ</span> <span class='ocrx_word' id='word_1_152' title='bbox 442 1716 682 1778; x_wconf 87' lang='grc' dir='ltr'>κλινίδιον,</span> <span class='ocrx_word' id='word_1_153' title='bbox 710 1715 963 1781; x_wconf 87' lang='grc' dir='ltr'>ὑπόμνημα</span> <span class='ocrx_word' id='word_1_154' title='bbox 995 1719 1076 1780; x_wconf 83' lang='grc' dir='ltr'>τῆς</span> <span class='ocrx_word' id='word_1_155' title='bbox 1112 1721 1195 1767; x_wconf 92' lang='grc' dir='ltr'>τοῦ</span> <span class='ocrx_word' id='word_1_156' title='bbox 1230 1716 1610 1783; x_wconf 77' lang='grc' dir='ltr'>θεραπεύσαντος</span> <span class='ocrx_word' id='word_1_157' title='bbox 1645 1717 1810 1785; x_wconf 77' lang='grc' dir='ltr'>ἰσχύος</span> <span class='ocrx_word' id='word_1_158' title='bbox 1843 1720 1940 1770; x_wconf 82' lang='grc' dir='ltr'>τοῖς</span> 
     </span>
     <span class='ocr_line' id='line_1_22' title="bbox 351 1797 1938 1867; baseline 0.002 -20"><span class='ocrx_word' id='word_1_159' title='bbox 351 1798 529 1863; x_wconf 79' lang='grc' dir='ltr'>ὁρῶσιν</span> <span class='ocrx_word' id='word_1_160' title='bbox 556 1797 799 1861; x_wconf 87' lang='grc' dir='ltr'>ἐσόμενον.</span> <span class='ocrx_word' id='word_1_161' title='bbox 854 1798 1048 1865; x_wconf 88' lang='grc' dir='ltr'>πράττει</span> <span class='ocrx_word' id='word_1_162' title='bbox 1085 1798 1133 1850; x_wconf 79' lang='grc' dir='ltr'>δὲ</span> <span class='ocrx_word' id='word_1_163' title='bbox 1169 1801 1459 1866; x_wconf 80' lang='grc' dir='ltr'>παραχρῆμα</span> <span class='ocrx_word' id='word_1_164' title='bbox 1494 1799 1548 1850; x_wconf 86' lang='grc' dir='ltr'>τὸ</span> <span class='ocrx_word' id='word_1_165' title='bbox 1583 1799 1887 1867; x_wconf 80' lang='grc' dir='ltr'>προσταχθὲν</span> <span class='ocrx_word' id='word_1_166' title='bbox 1913 1801 1938 1850; x_wconf 84' lang='grc' dir='ltr'><strong>ὁ</strong></span> 
     </span>
     <span class='ocr_line' id='line_1_23' title="bbox 351 1880 1941 1951; baseline 0.003 -22"><span class='ocrx_word' id='word_1_167' title='bbox 351 1883 521 1941; x_wconf 81' lang='grc' dir='ltr'>νοσῶν,</span> <span class='ocrx_word' id='word_1_168' title='bbox 548 1881 623 1930; x_wconf 73' lang='grc' dir='ltr'>καὶ</span> <span class='ocrx_word' id='word_1_169' title='bbox 661 1881 715 1930; x_wconf 88' lang='grc' dir='ltr'>δι’</span> <span class='ocrx_word' id='word_1_170' title='bbox 751 1881 958 1944; x_wconf 79' lang='grc' dir='ltr'>ὑπακοῆς</span> <span class='ocrx_word' id='word_1_171' title='bbox 998 1882 1072 1931; x_wconf 75' lang='grc' dir='ltr'>καὶ</span> <span class='ocrx_word' id='word_1_172' title='bbox 1112 1882 1317 1934; x_wconf 89' lang='grc' dir='ltr'>πίστεως</span> <span class='ocrx_word' id='word_1_173' title='bbox 1354 1880 1441 1945; x_wconf 86' lang='grc' dir='ltr'>τὴν</span> <span class='ocrx_word' id='word_1_174' title='bbox 1473 1880 1758 1947; x_wconf 86' lang='grc' dir='ltr'>τριπόθητον</span> <span class='ocrx_word' id='word_1_175' title='bbox 1792 1882 1941 1951; x_wconf 72' lang='grc' dir='ltr'>ἐαυτῷ</span> 
     </span>
     <span class='ocr_line' id='line_1_24' title="bbox 349 1961 2012 2030; baseline 0.002 -19"><span class='ocrx_word' id='word_1_176' title='bbox 349 1961 730 2026; x_wconf 84' lang='grc' dir='ltr'>πραγματεύεται</span> <span class='ocrx_word' id='word_1_177' title='bbox 769 1962 924 2030; x_wconf 88' lang='grc' dir='ltr'>χάριν.</span> <span class='ocrx_word' id='word_1_178' title='bbox 979 1962 1136 2026; x_wconf 84' lang='grc' dir='ltr'>ἐπειδὴ</span> <span class='ocrx_word' id='word_1_179' title='bbox 1176 1963 1224 2014; x_wconf 74' lang='grc' dir='ltr'>δὲ</span> <span class='ocrx_word' id='word_1_180' title='bbox 1263 1962 1339 2013; x_wconf 78' lang='grc' dir='ltr'>διὰ</span> <span class='ocrx_word' id='word_1_181' title='bbox 1377 1968 1471 2014; x_wconf 78' lang='grc' dir='ltr'>τῶν</span> <span class='ocrx_word' id='word_1_182' title='bbox 1501 1962 1848 2030; x_wconf 80' lang='grc' dir='ltr'>προλαβόντων</span> <span class='ocrx_word' id='word_1_183' title='bbox 1878 1968 1939 2018; x_wconf 80' lang='grc' dir='ltr'>εἷς</span> <span class='ocrx_word' id='word_1_184' title='bbox 1962 1987 2012 2014; x_wconf 88' lang='lat'>20</span> 
     </span>
     <span class='ocr_line' id='line_1_25' title="bbox 351 2042 1934 2111; baseline 0.002 -18"><span class='ocrx_word' id='word_1_185' title='bbox 351 2042 504 2093; x_wconf 78' lang='grc' dir='ltr'>εἰκόνα</span> <span class='ocrx_word' id='word_1_186' title='bbox 539 2046 614 2094; x_wconf 81' lang='grc' dir='ltr'>καὶ</span> <span class='ocrx_word' id='word_1_187' title='bbox 651 2042 799 2095; x_wconf 87' lang='grc' dir='ltr'>τύπον</span> <span class='ocrx_word' id='word_1_188' title='bbox 824 2047 906 2108; x_wconf 83' lang='grc' dir='ltr'>τῆς</span> <span class='ocrx_word' id='word_1_189' title='bbox 941 2049 1035 2095; x_wconf 82' lang='grc' dir='ltr'>τῶν</span> <span class='ocrx_word' id='word_1_190' title='bbox 1060 2044 1299 2096; x_wconf 83' lang='grc' dir='ltr'>Ἰουδαίων</span> <span class='ocrx_word' id='word_1_191' title='bbox 1324 2044 1538 2110; x_wconf 88' lang='grc' dir='ltr'>πληθύος</span> <span class='ocrx_word' id='word_1_192' title='bbox 1570 2045 1712 2097; x_wconf 82' lang='grc' dir='ltr'>αὑτὸν</span> <span class='ocrx_word' id='word_1_193' title='bbox 1737 2044 1934 2111; x_wconf 83' lang='grc' dir='ltr'>εἶσηγά-</span> 
     </span>
     <span class='ocr_line' id='line_1_26' title="bbox 351 2125 1936 2195; baseline 0.004 -21"><span class='ocrx_word' id='word_1_194' title='bbox 351 2147 510 2189; x_wconf 82' lang='grc' dir='ltr'>γομεν,</span> <span class='ocrx_word' id='word_1_195' title='bbox 556 2127 619 2180; x_wconf 83' lang='grc' dir='ltr'>ὡς</span> <span class='ocrx_word' id='word_1_196' title='bbox 667 2125 945 2191; x_wconf 87' lang='grc' dir='ltr'>μελλούσης</span> <span class='ocrx_word' id='word_1_197' title='bbox 993 2128 1041 2177; x_wconf 91' lang='grc' dir='ltr'>ἐν</span> <span class='ocrx_word' id='word_1_198' title='bbox 1091 2126 1303 2193; x_wconf 69' lang='grc' dir='ltr'>ὑστεροις</span> <span class='ocrx_word' id='word_1_199' title='bbox 1354 2126 1696 2194; x_wconf 88' lang='grc' dir='ltr'>θεραπεύεσθαι</span> <span class='ocrx_word' id='word_1_200' title='bbox 1745 2133 1936 2195; x_wconf 84' lang='grc' dir='ltr'>καιροῖς·</span> 
     </span>
    </p>

    <p class='ocr_par' dir='ltr' id='par_1_10' title="bbox 312 2206 1940 2360">
     <span class='ocr_line' id='line_1_27' title="bbox 312 2206 1940 2274; baseline 0.002 -17"><span class='ocrx_word' id='word_1_201' title='bbox 312 2206 465 2274; x_wconf 76' lang='grc' dir='ltr'>θφέρε</span> <span class='ocrx_word' id='word_1_202' title='bbox 507 2207 563 2272; x_wconf 88' lang='grc' dir='ltr'>δή</span> <span class='ocrx_word' id='word_1_203' title='bbox 604 2230 648 2258; x_wconf 89' lang='grc' dir='ltr'>τι</span> <span class='ocrx_word' id='word_1_204' title='bbox 689 2207 838 2259; x_wconf 87' lang='grc' dir='ltr'>πάλιν</span> <span class='ocrx_word' id='word_1_205' title='bbox 878 2209 1202 2273; x_wconf 86' lang='grc' dir='ltr'>ἐπινοήσωμεν</span> <span class='ocrx_word' id='word_1_206' title='bbox 1243 2213 1343 2263; x_wconf 82' lang='grc' dir='ltr'>ταῖς</span> <span class='ocrx_word' id='word_1_207' title='bbox 1387 2213 1450 2262; x_wconf 81' lang='grc' dir='ltr'>εἷς</span> <span class='ocrx_word' id='word_1_208' title='bbox 1488 2215 1628 2261; x_wconf 88' lang='grc' dir='ltr'>τοῦτο</span> <span class='ocrx_word' id='word_1_209' title='bbox 1671 2214 1940 2274; x_wconf 81' lang='grc' dir='ltr'>συμβαῖνον</span> 
     </span>
     <span class='ocr_line' id='line_1_28' title="bbox 351 2289 1452 2360; baseline 0.004 -22"><span class='ocrx_word' id='word_1_210' title='bbox 351 2289 545 2342; x_wconf 86' lang='grc' dir='ltr'>ἐννοίαις</span> <span class='ocrx_word' id='word_1_211' title='bbox 584 2289 833 2356; x_wconf 83' lang='grc' dir='ltr'>ἀναλόγως</span> <span class='ocrx_word' id='word_1_212' title='bbox 871 2295 968 2345; x_wconf 81' lang='grc' dir='ltr'>τοῖς</span> <span class='ocrx_word' id='word_1_213' title='bbox 1005 2290 1452 2360; x_wconf 75' lang='grc' dir='ltr'>προεξητασμένοις.</span> 
     </span>
    </p>

    <p class='ocr_par' dir='ltr' id='par_1_11' title="bbox 351 2370 2010 2686">
     <span class='ocr_line' id='line_1_29' title="bbox 424 2370 2010 2442; baseline 0.002 -20"><span class='ocrx_word' id='word_1_214' title='bbox 424 2371 512 2421; x_wconf 89' lang='grc' dir='ltr'>Ἐν</span> <span class='ocrx_word' id='word_1_215' title='bbox 537 2370 775 2442; x_wconf 77' lang='grc' dir='ltr'>σαββάτῳ</span> <span class='ocrx_word' id='word_1_216' title='bbox 809 2371 892 2423; x_wconf 80' lang='grc' dir='ltr'>τὸν</span> <span class='ocrx_word' id='word_1_217' title='bbox 920 2373 1169 2439; x_wconf 76' lang='grc' dir='ltr'>ἄνθρωπον</span> <span class='ocrx_word' id='word_1_218' title='bbox 1197 2371 1367 2438; x_wconf 75' lang='grc' dir='ltr'>ὑγιάζει</span> <span class='ocrx_word' id='word_1_219' title='bbox 1399 2373 1625 2440; x_wconf 78' lang='grc' dir='ltr'>Χριστὸς,</span> <span class='ocrx_word' id='word_1_220' title='bbox 1653 2373 1940 2439; x_wconf 86' lang='grc' dir='ltr'>ὑγιασθέντα</span> <span class='ocrx_word' id='word_1_221' title='bbox 1962 2395 2010 2435; x_wconf 88' lang='lat'>25</span> 
     </span>
     <span class='ocr_line' id='line_1_30' title="bbox 351 2450 1935 2522; baseline 0.003 -20"><span class='ocrx_word' id='word_1_222' title='bbox 351 2450 400 2502; x_wconf 81' lang='grc' dir='ltr'>δὲ</span> <span class='ocrx_word' id='word_1_223' title='bbox 435 2456 740 2520; x_wconf 85' lang='grc' dir='ltr'>παραχρῆμα,</span> <span class='ocrx_word' id='word_1_224' title='bbox 767 2452 853 2518; x_wconf 87' lang='grc' dir='ltr'>τὴν</span> <span class='ocrx_word' id='word_1_225' title='bbox 885 2454 1080 2519; x_wconf 86' lang='grc' dir='ltr'>νομικὴν</span> <span class='ocrx_word' id='word_1_226' title='bbox 1111 2455 1341 2506; x_wconf 87' lang='grc' dir='ltr'>ἐπιτάττει</span> <span class='ocrx_word' id='word_1_227' title='bbox 1375 2455 1637 2522; x_wconf 85' lang='grc' dir='ltr'>παραλύειν</span> <span class='ocrx_word' id='word_1_228' title='bbox 1663 2455 1935 2522; x_wconf 89' lang='grc' dir='ltr'>συνήθειαν,</span> 
     </span>
     <span class='ocr_line' id='line_1_31' title="bbox 351 2536 1940 2608; baseline 0.003 -24"><span class='ocrx_word' id='word_1_229' title='bbox 351 2539 616 2602; x_wconf 67' lang='grc' dir='ltr'>περιπατεῖν</span> <span class='ocrx_word' id='word_1_230' title='bbox 654 2537 921 2588; x_wconf 82' lang='grc' dir='ltr'>ἀναπείθων</span> <span class='ocrx_word' id='word_1_231' title='bbox 960 2538 1009 2588; x_wconf 89' lang='grc' dir='ltr'>ἐν</span> <span class='ocrx_word' id='word_1_232' title='bbox 1047 2536 1299 2606; x_wconf 75' lang='grc' dir='ltr'>σαββάτῳ,</span> <span class='ocrx_word' id='word_1_233' title='bbox 1336 2539 1411 2587; x_wconf 75' lang='grc' dir='ltr'>καὶ</span> <span class='ocrx_word' id='word_1_234' title='bbox 1449 2543 1588 2589; x_wconf 91' lang='grc' dir='ltr'>τοῦτο</span> <span class='ocrx_word' id='word_1_235' title='bbox 1627 2541 1694 2607; x_wconf 70' lang='grc' dir='ltr'>τῷ</span> <span class='ocrx_word' id='word_1_236' title='bbox 1731 2539 1940 2608; x_wconf 80' lang='grc' dir='ltr'>κλινιδίῳ</span> 
     </span>
     <span class='ocr_line' id='line_1_32' title="bbox 351 2616 1940 2686; baseline 0.004 -20"><span class='ocrx_word' id='word_1_237' title='bbox 351 2616 746 2684; x_wconf 77' lang='grc' dir='ltr'>πεφορτισμένον,</span> <span class='ocrx_word' id='word_1_238' title='bbox 777 2618 926 2669; x_wconf 91' lang='grc' dir='ltr'>καίτοι</span> <span class='ocrx_word' id='word_1_239' title='bbox 962 2618 1215 2686; x_wconf 87' lang='grc' dir='ltr'>διαῤῥήδην</span> <span class='ocrx_word' id='word_1_240' title='bbox 1241 2622 1450 2679; x_wconf 86' lang='grc' dir='ltr'>βοῶντος</span> <span class='ocrx_word' id='word_1_241' title='bbox 1484 2624 1567 2670; x_wconf 88' lang='grc' dir='ltr'>τοῦ</span> <span class='ocrx_word' id='word_1_242' title='bbox 1595 2623 1721 2671; x_wconf 81' lang='grc' dir='ltr'>Θεοῦ</span> <span class='ocrx_word' id='word_1_243' title='bbox 1755 2620 1812 2671; x_wconf 90' lang='grc' dir='ltr'>δι’</span> <span class='ocrx_word' id='word_1_244' title='bbox 1839 2619 1940 2674; x_wconf 87' lang='grc' dir='ltr'>ἑνός</span> 
     </span>
    </p>
   </div>
   <div class='ocr_carea' id='block_1_9' title="bbox 995 2704 1015 2714">
    <p class='ocr_par' dir='ltr' id='par_1_12' title="bbox 995 2704 1015 2714">
     <span class='ocr_line' id='line_1_33' title="bbox 995 2704 1015 2714; baseline 0 0"><span class='ocrx_word' id='word_1_245' title='bbox 995 2704 1015 2714; x_wconf 62' lang='grc' dir='ltr'>Α</span> 
     </span>
    </p>
   </div>
   <div class='ocr_carea' id='block_1_10' title="bbox 351 2699 1939 2770">
    <p class='ocr_par' dir='ltr' id='par_1_13' title="bbox 351 2699 1939 2770">
     <span class='ocr_line' id='line_1_34' title="bbox 351 2699 1939 2770; baseline 0.004 -22"><span class='ocrx_word' id='word_1_246' title='bbox 351 2719 443 2748; x_wconf 80' lang='grc' dir='ltr'>που</span> <span class='ocrx_word' id='word_1_247' title='bbox 479 2702 573 2750; x_wconf 82' lang='grc' dir='ltr'>τῶν</span> <span class='ocrx_word' id='word_1_248' title='bbox 604 2699 753 2764; x_wconf 85' lang='grc' dir='ltr'>ἁγίων</span> <span class='ocrx_word' id='word_1_249' title='bbox 785 2703 1046 2770; x_wconf 88' lang='grc' dir='ltr'>προφητων</span> <span class='ocrx_word' id='word_1_250' title='bbox 1075 2708 1101 2730; x_wconf 84' lang='grc'><strong>“</strong></span> <span class='ocrx_word' id='word_1_251' title='bbox 1125 2701 1219 2752; x_wconf 82' lang='grc' dir='ltr'>Καὶ</span> <span class='ocrx_word' id='word_1_252' title='bbox 1255 2701 1337 2752; x_wconf 83' lang='grc' dir='ltr'>οὐκ</span> <span class='ocrx_word' id='word_1_253' title='bbox 1371 2700 1579 2769; x_wconf 74' lang='grc' dir='ltr'>ἐξοίσετε</span> <span class='ocrx_word' id='word_1_254' title='bbox 1613 2701 1939 2768; x_wconf 83' lang='grc' dir='ltr'>βαστάγματα</span> 
     </span>
    </p>
   </div>
   <div class='ocr_carea' id='block_1_11' title="bbox 356 2854 1937 2949">
    <p class='ocr_par' dir='ltr' id='par_1_14' title="bbox 356 2854 1936 2949">
     <span class='ocr_line' id='line_1_35' title="bbox 399 2854 1936 2913; baseline 0.003 -26.007"><span class='ocrx_word' id='word_1_255' title='bbox 399 2864 431 2897; x_wconf 90' lang='lat'>3.</span> <span class='ocrx_word' id='word_1_256' title='bbox 458 2854 540 2888; x_wconf 86' lang='grc' dir='ltr'>ἑκὼν</span> <span class='ocrx_word' id='word_1_257' title='bbox 560 2854 601 2888; x_wconf 86' lang='grc' dir='ltr'>Β.</span> <span class='ocrx_word' id='word_1_258' title='bbox 885 2864 918 2901; x_wconf 86' lang='lat'>5.</span> <span class='ocrx_word' id='word_1_259' title='bbox 946 2856 1083 2913; x_wconf 84' lang='grc' dir='ltr'>ἐρημίαν</span> <span class='ocrx_word' id='word_1_260' title='bbox 1100 2855 1246 2901; x_wconf 75' lang='grc' dir='ltr'>ἐθρήνει]</span> <span class='ocrx_word' id='word_1_261' title='bbox 1266 2857 1451 2902; x_wconf 83' lang='grc' dir='ltr'>μαρτυρίαν</span> <span class='ocrx_word' id='word_1_262' title='bbox 1469 2857 1522 2891; x_wconf 82' lang='grc' dir='ltr'>καὶ</span> <span class='ocrx_word' id='word_1_263' title='bbox 1543 2857 1680 2901; x_wconf 85' lang='grc' dir='ltr'>ἐρημίαν</span> <span class='ocrx_word' id='word_1_264' title='bbox 1698 2857 1874 2902; x_wconf 83' lang='grc' dir='ltr'>ἐμαρτύρει</span> <span class='ocrx_word' id='word_1_265' title='bbox 1894 2857 1936 2892; x_wconf 89' lang='grc' dir='ltr'>Β.</span> 
     </span>
     <span class='ocr_line' id='line_1_36' title="bbox 356 2899 1937 2949; baseline 0.004 -17"><span class='ocrx_word' id='word_1_266' title='bbox 356 2911 368 2931; x_wconf 93' lang='lat'>1</span> <span class='ocrx_word' id='word_1_267' title='bbox 381 2912 408 2934; x_wconf 85' lang='lat'>1.</span> <span class='ocrx_word' id='word_1_268' title='bbox 435 2899 619 2946; x_wconf 83' lang='grc' dir='ltr'>ἐπίταγμα]</span> <span class='ocrx_word' id='word_1_269' title='bbox 638 2902 770 2947; x_wconf 78' lang='grc' dir='ltr'>ἀξίωμα</span> <span class='ocrx_word' id='word_1_270' title='bbox 787 2917 839 2936; x_wconf 89' lang='grc' dir='ltr'>και</span> <span class='ocrx_word' id='word_1_271' title='bbox 857 2904 895 2937; x_wconf 90' lang='grc' dir='ltr'>τὸ</span> <span class='ocrx_word' id='word_1_272' title='bbox 913 2903 1079 2949; x_wconf 86' lang='grc' dir='ltr'>ἐπίταγμα</span> <span class='ocrx_word' id='word_1_273' title='bbox 1100 2903 1140 2938; x_wconf 87' lang='grc' dir='ltr'>Β.</span> <span class='ocrx_word' id='word_1_274' title='bbox 1257 2914 1309 2939; x_wconf 87' lang='grc'>12.</span> <span class='ocrx_word' id='word_1_275' title='bbox 1335 2904 1415 2949; x_wconf 83' lang='grc' dir='ltr'>ἕχον</span> <span class='ocrx_word' id='word_1_276' title='bbox 1430 2904 1476 2938; x_wconf 92' lang='lat' dir='ltr'>D.</span> <span class='ocrx_word' id='word_1_277' title='bbox 1495 2905 1583 2949; x_wconf 75' lang='grc' dir='ltr'>ἔχων</span> <span class='ocrx_word' id='word_1_278' title='bbox 1602 2903 1667 2939; x_wconf 88' lang='lat' dir='ltr'>Ed.</span> <span class='ocrx_word' id='word_1_279' title='bbox 1784 2913 1835 2949; x_wconf 91' lang='lat'>17</span> <span class='ocrx_word' id='word_1_280' title='bbox 1864 2906 1937 2938; x_wconf 87' lang='grc' dir='ltr'>κλι-</span> 
     </span>
    </p>
   </div>
   <div class='ocr_carea' id='block_1_12' title="bbox 349 2945 1935 3037">
    <p class='ocr_par' dir='ltr' id='par_1_15' title="bbox 349 2945 1935 3037">
     <span class='ocr_line' id='line_1_37' title="bbox 350 2945 1935 2997; baseline 0.004 -19"><span class='ocrx_word' id='word_1_281' title='bbox 350 2945 461 2980; x_wconf 75' lang='grc' dir='ltr'>δάνιον</span> <span class='ocrx_word' id='word_1_282' title='bbox 478 2947 609 2989; x_wconf 87' lang='lat' dir='ltr'>(sic)B</span> <span class='ocrx_word' id='word_1_283' title='bbox 768 2960 821 2994; x_wconf 91' lang='lat'>19</span> <span class='ocrx_word' id='word_1_284' title='bbox 848 2949 936 2996; x_wconf 78' lang='grc' dir='ltr'>αὐτῷ</span> <span class='ocrx_word' id='word_1_285' title='bbox 956 2949 998 2985; x_wconf 88' lang='grc' dir='ltr'>Β.</span> <span class='ocrx_word' id='word_1_286' title='bbox 1148 2961 1202 2985; x_wconf 84' lang='lat'>21.</span> <span class='ocrx_word' id='word_1_287' title='bbox 1229 2954 1295 2985; x_wconf 85' lang='grc' dir='ltr'>τῶν</span> <span class='ocrx_word' id='word_1_288' title='bbox 1312 2962 1382 2985; x_wconf 89' lang='lat' dir='ltr'>om.</span> <span class='ocrx_word' id='word_1_289' title='bbox 1403 2951 1443 2985; x_wconf 92' lang='lat' dir='ltr'>B.</span> <span class='ocrx_word' id='word_1_290' title='bbox 1599 2962 1654 2996; x_wconf 89' lang='lat'>29.</span> <span class='ocrx_word' id='word_1_291' title='bbox 1681 2950 1785 2997; x_wconf 84' lang='grc' dir='ltr'>ἁγίων</span> <span class='ocrx_word' id='word_1_292' title='bbox 1801 2962 1871 2986; x_wconf 92' lang='lat' dir='ltr'>om.</span> <span class='ocrx_word' id='word_1_293' title='bbox 1893 2951 1935 2986; x_wconf 90' lang='lat' dir='ltr'>B.</span> 
     </span>
     <span class='ocr_line' id='line_1_38' title="bbox 349 2993 597 3037; baseline 0.013 -13"><span class='ocrx_word' id='word_1_294' title='bbox 349 2993 535 3037; x_wconf 77' lang='grc' dir='ltr'>βάσταγμα</span> <span class='ocrx_word' id='word_1_295' title='bbox 556 2994 597 3027; x_wconf 86' lang='grc' dir='ltr'>Β.</span> 
     </span>
    </p>
   </div>
  </div>
 </body>
</html>
