2084 3317
316 180 399 219 388
720 176 769 215 B.
804 173 1077 215 CYRILLI
1119 170 1500 212 ALEXANDR.
1777 178 1904 222 v.45.

98 295 246 327 Infraix.
319 285 437 354 πρὸς
476 285 641 339 αὐτοὺς
679 285 785 350 περὶ
819 287 1036 348 Χριστοῦ
1062 288 1089 309 “
1113 280 1198 344 Μὴ
1232 282 1306 330 καὶ
1346 280 1472 343 ὑμεῖς
1503 276 1663 329 θέλετε
1703 277 1910 340 μαθηταὶ

102 347 151 379 2⁷⁵
322 376 349 399 ‘⁶
376 370 518 419 αὐτοῦ
561 366 779 433 γενέσθαι
798 365 840 426 ;''
900 362 1152 429 διαῤῥήδην
1195 361 1328 415 εὐθὺς
1373 358 1742 426 ἀνακεκραγότες
1787 356 1917 425 φασί

101 460 220 491 1122ss-
325 458 352 480 ‘⁴
381 449 448 501 Σὺ
498 447 709 513 μαθητὴς
755 444 796 496 εἶ
838 446 1024 505 ἐκείνου,
1070 444 1198 507 ἡμεῖς
1249 442 1298 493 δὲ
1345 446 1427 492 τοῦ
1474 439 1721 494 Μωυσέως
1771 437 1914 502 ἐσμὲν

324 539 351 561 “
378 530 628 595 μαθηταί.”
701 526 1000 594 κατηγορήσει
1046 525 1215 586 τοίνυν,
1255 525 1392 591 φησὶ,
1439 525 1514 573 καὶ
1555 520 1693 575 αὐτὸς
1736 520 1851 589 ὑμῶν
1896 525 1914 571 o‘

325 611 533 674 Μωυσῆς,
560 611 631 677 ἐφ’
662 607 698 678 ᾧ
736 612 901 659 πᾶσαν
937 607 1102 657 ε”θεσθε
1142 605 1228 669 τὴν
1259 605 1443 666 ἐλπίδα,
1486 605 1561 654 καὶ
1602 606 1684 665 τῆς
1721 601 1918 665 ἐνούσης
1940 620 1962 658 5

327 696 433 758 ὑμῖν
458 691 681 744 ἀπονοίας
717 687 1005 752 καταβοήσει
1031 686 1161 754 παρὰ
1189 690 1297 755 Θεῷ
1322 685 1439 747 μετὰ
1465 689 1559 735 τῶν
1585 684 1752 734 ἄλλων
1778 705 1920 734 κατα-

327 773 662 844 φρονούμενος.
744 773 818 822 καὶ
857 771 910 821 οὐ
957 769 1109 834 δήπου
1157 774 1405 832 νομιοῦμεν
1451 765 1768 832 ἀνεγκλήτους
1806 762 1920 814 εἶναι

327 855 458 924 παρὰ
496 858 698 923 Χριστῷ
739 851 846 906 τούς
887 854 1194 904 ἀπειθοῦντας
1237 851 1376 919 αὐτῷ,
1417 848 1494 900 διὰ
1531 847 1585 899 τὸ
1625 846 1773 916 φάναι
1804 845 1923 912 πρὸς

289 936 580 990 θἸουδαιόυς
609 935 683 995 Μὴ
710 933 873 986 δοκεῖτε
900 934 962 985 ’ὅτι
998 932 1086 999 ἐγὼ
1124 934 1408 999 κατηγορήσω
1443 929 1558 998 ὑμῶν
1585 930 1691 999 πρὶς
1719 930 1784 981 fou
1813 940 1920 980 Πα-

332 1019 445 1091 τέρα.
486 1020 535 1070 τί
556 1018 650 1084 γὰρ
677 1016 732 1082 δὴ
760 1019 835 1067 καὶ
863 1018 1070 1082 ἐροῦμεν,
1090 1014 1204 1066 ὅταν
1229 1013 1506 1077 ἀκούσωμεν
1532 1013 1676 1063 αὐτοῦ
1703 1011 1926 1076 λέγοντος
1952 1035 1998 1060 10

110 1095 269 1129 S.Matth.

109 1149 203 1180 x-32‚
219 1149 270 1180 33·
334 1110 361 1133 ‘⁶
390 1106 495 1156 Πᾶς
527 1101 608 1152 οὖν
636 1099 768 1152 ὅστις
803 1096 1094 1163 ὁμολογήσει
1119 1098 1168 1146 ἐν
1195 1097 1295 1160 ἐμοὶ
1322 1096 1592 1161 ἔμπροσθεν
1618 1098 1712 1144 τῶν
1739 1091 1921 1159 ἀνθρώ-

335 1192 361 1216 “
387 1207 503 1246 πων,
543 1179 836 1247 ὁμολογήσω
877 1179 1008 1245 κάγὼ
1050 1181 1098 1230 ἐν
1137 1179 1263 1247 αὐτῷ
1303 1177 1573 1243 ἔμπροσθεν
1611 1181 1694 1227 τοῦ
1736 1173 1928 1241 Πατρός

335 1275 361 1298 “
385 1289 475 1330 μου
509 1270 592 1316 τοῦ
625 1265 673 1314 ἐν
705 1267 801 1316 τοῖς
840 1262 1070 1326 οὐρανοῖς·
1112 1259 1245 1314 ὅστις
1284 1261 1327 1311 δ’
1357 1258 1414 1310 ἂν
1441 1257 1712 1325 ἀρνήσηταί
1743 1278 1801 1321 με
1840 1255 1926 1320 ε”μ-

334 1357 361 1379 “
386 1351 598 1415 προσθεν
624 1349 718 1396 τῶν
744 1343 1020 1410 ἀνθρώπων,
1041 1341 1311 1409 ἀρνήσομαι
1337 1340 1469 1406 κάγὼ
1495 1338 1638 1391 αὐτὸν
1659 1339 1931 1404 ἔμπροσθεν

334 1438 361 1461 “
387 1435 471 1481 τοῦ
501 1425 692 1494 Πατρός
730 1448 821 1489 μου
856 1431 939 1476 τοῦ
973 1427 1021 1475 ἐν
1057 1429 1153 1478 τοῖς
1191 1424 1403 1490 οὐρανοῖς
1423 1423 1465 1485 ;’'
1507 1419 1580 1487 ἀρ’
1609 1421 1692 1472 οὐκ
1723 1417 1932 1486 εὐλόγως
1957 1439 2004 1478 15

291 1518 318 1560 d
336 1509 664 1575 ὑπονοήσομεν
708 1506 1190 1573 κατηγορηθήσεσθαί
1235 1528 1350 1556 ποτε
1401 1503 1532 1570 παρὰ
1581 1507 1648 1573 τῷ
1695 1505 1807 1572 Θεῷ
1858 1503 1935 1552 καὶ

339 1596 495 1660 Πατρὶ
537 1590 613 1642 διὰ
653 1593 735 1654 τῆς
777 1588 1030 1656 ἀρνήσεως,
1067 1586 1174 1642 τούς
1214 1586 1383 1653 οἷσπερ
1423 1585 1480 1637 ἂν
1514 1591 1653 1637 τοῦτο
1692 1583 1935 1651 συμβαίνῃ

338 1675 415 1728 διὰ
451 1678 701 1742 Χριστοῦ,
745 1670 855 1722 ἀλλ’
887 1669 1111 1738 ὑπάρχειν
1150 1668 1278 1734 οἶμαι
1312 1674 1451 1720 τοῦτο
1482 1668 1628 1720 παντί
1658 1690 1724 1737 τῳ
1760 1658 1929 1736 σαφές.

340 1760 506 1809 οὐκοῦν
539 1757 621 1807 οὐκ
656 1753 893 1821 ἐλεύθεροι
927 1758 1010 1804 τοῦ
1044 1755 1410 1818 κατηγορεῖσθαι
1445 1750 1633 1804 πάντως
1665 1751 1785 1801 εἰσὶν
1809 1749 1931 1800 Ἰου-

342 1843 476 1903 δαῖοι,
503 1837 579 1889 διὰ
616 1841 798 1903 μακρᾶς
833 1834 1068 1889 ἀπειθείας
1107 1834 1424 1900 ἀρνησάμενοι
1457 1832 1541 1884 τὸν
1567 1831 1798 1899 Χριστὸν,
1825 1823 1935 1882 ἀλλ’
1961 1853 2009 1877 20

343 1921 641 1990 εὐφυέστατα
678 1917 827 1970 πάλιν
866 1920 891 1968 ὁ
929 1915 1048 1983 πρὸς
1087 1915 1255 1969 αὐτοὺς
1292 1916 1386 1983 ἔχει
1430 1915 1591 1981 λόγος.
1647 1912 1801 1978 ἐπειδὴ
1845 1913 1940 1980 γὰρ

343 2003 427 2058 τὰς
466 2004 575 2068 παρ’
617 2002 759 2052 αὐτοῦ
801 1999 1048 2052 νουθεσίας
1086 1996 1430 2060 ἀποσειόμενοι,
1470 1998 1547 2047 καὶ
1586 1998 1634 2047 ἐν
1672 1999 1739 2066 τῷ
1777 1998 1941 2060 μηδενὶ

346 2082 712 2136 κατατάττοντες
747 2081 879 2151 λόγῳ
914 2080 999 2145 τὴν
1027 2080 1155 2130 θείαν
1180 2101 1230 2130 τε
1269 2081 1344 2130 καὶ
1383 2078 1599 2144 οὐράνιον
1625 2078 1942 2129 διδασκαλίαν

347 2168 502 2228 αὐτοῦ,
528 2166 602 2216 ἐπὶ
628 2163 682 2215 τὸ
711 2165 879 2231 χρῆναι
906 2160 1163 2230 φυλάττειν
1189 2161 1258 2211 ἀεὶ
1292 2159 1350 2211 τᾶ
1380 2160 1628 2214 Μωυσέως
1653 2158 1941 2225 βαδίζουσιν,

168 2261 262 2311 Jnfra
308 2251 411 2303 εὼς
449 2249 525 2298 καὶ
562 2245 852 2312 γυμνότερον
886 2245 974 2309 ἤδη
1013 2247 1226 2304 βοῶντας
1266 2243 1468 2308 ὁρᾶσθαι
1497 2249 1523 2272 “
1549 2243 1717 2306 Ἡμεῖς
1756 2241 1943 2305 οἴδαμεν
1966 2262 2014 2301 25

170 2316 213 2336 1x.
237 2314 287 2347 ²9·
349 2337 376 2360 ‘⁶
404 2330 475 2382 ὅτι
515 2332 724 2379 Μωυσεῖ
762 2326 1030 2391 λελάληκεν
1072 2325 1097 2375 ὁ
1137 2324 1278 2387 Θεὸς,
1321 2330 1488 2376 τοῦτον
1533 2323 1582 2375 δὲ
1627 2325 1710 2375 οὐκ
1755 2324 1945 2389 οἴδαμεν

350 2419 377 2442 “
403 2411 549 2464 πόθεν
574 2407 745 2460 ἐστίν·”
799 2407 1062 2473 ἀναγκαίως
1095 2405 1151 2471 δὴ
1185 2406 1380 2476 σφόδρα
1414 2409 1490 2458 καὶ
1522 2411 1584 2461 εὶς
1615 2405 1758 2457 αὐτὸν
1783 2413 1946 2471 πλημ-

351 2497 611 2557 μελοῦντας
657 2490 840 2557 ἐλέγχει
883 2487 965 2540 τὸν
1005 2489 1076 2557 ἐφ’
1121 2486 1158 2557 ᾧ
1205 2493 1550 2557 μεγαλαυχῶσι
1594 2487 1827 2547 Μωυσέα,
1871 2489 1948 2539 καὶ

353 2574 674 2640 δεηθήσεσθαι
732 2571 817 2636 μὲν
867 2573 1094 2636 μηδαμῶς
1144 2571 1300 2637 ἑτέρου
1351 2568 1728 2637 κατηγοροῦντάς
1780 2575 1946 2639 φησιν,

354 2655 625 2726 ἐξαρκέσειν
664 2653 712 2705 δὲ
757 2651 903 2717 μόνον
943 2653 1097 2706 αὐτοῖς
1143 2654 1219 2703 καὶ
1264 2651 1346 2703 τὸν
1385 2654 1439 2704 δι’
1474 2652 1647 2704 ἐκείνου
1693 2651 1851 2716 νόμον,
1891 2651 1946 2703 δι’
1969 2665 2019 2702 30

357 2737 421 2789 ὧν
447 2742 721 2789 ἀπειθοῦσιν
747 2737 873 2805 αὐτῷ
907 2733 1024 2802 πρὸς
1059 2733 1113 2785 τὸ
1147 2737 1315 2802 χρῆναι
1350 2734 1520 2786 λοιπὸν
1546 2733 1755 2800 εὐλόγως
1795 2756 1946 2799 κατη-

411 2888 463 2911 10.
490 2875 686 2919 ἀκούσωμεν
706 2876 747 2910 Β.
767 2875 939 2919 ἀκούωμεν
958 2875 1024 2909 Ed.
1076 2874 1201 2908 Statim
1220 2874 1320 2908 αὐτοῦ
1339 2879 1563 2920 assumptum
1579 2886 1622 2908 ex
1643 2873 1684 2908 B.
1800 2882 1853 2918 13.
1880 2874 1950 2909 τοῖς

359 2930 582 2967 assumptum
600 2935 640 2957 ex
662 2923 703 2956 B.
861 2932 913 2965 15.
940 2924 1010 2958 τοῖς
1027 2927 1248 2966 assumptum
1267 2933 1308 2955 ex
1330 2921 1371 2956 B.
1575 2931 1630 2955 22.
1656 2921 1726 2956 τοῖς
1744 2932 1807 2966 pro
1825 2920 1883 2956 τὰς
1902 2920 1949 2955 D.

363 2981 416 3013 29.
444 2970 519 3015 μὲν]
540 2970 574 3004 δέ
596 2970 638 3004 Β,
689 2969 815 3004 Statim
831 2970 991 3014 μηδαμῶς
1011 2969 1052 3004 Β.
1072 2968 1223 3013 οὐδαμῶς
1243 2967 1308 3003 Ed.

1624 3025 1644 3040 ζ
