2084 3317
154 161 208 202 vi.
229 174 294 216 29.
390 161 463 202 IN
507 161 549 201 S.
583 159 925 202 JOANNEM.
987 158 1113 199 LIB.
1147 158 1235 199 ΙΙΙ.
1298 158 1432 199 CAP.
1457 158 1510 197 V.
1666 156 1750 197 453

151 269 395 336 πρέποντα
432 268 516 320 τὸν
553 271 627 321 ἐπὶ
665 268 847 323 τούτοις
885 265 1205 333 διεσκευάζετο
1243 265 1407 333 λόγον.
1465 268 1626 317 ἐκεῖνοι
1664 264 1750 329 μὲν

152 350 259 418 γὰρ,
288 353 350 405 ὡς
375 348 483 405 ἅλις
507 350 584 402 διὰ
620 350 764 415 νόμου
802 349 1118 416 μανθάνοντες
1144 353 1211 419 τῷ
1238 352 1347 419 Θεῷ
1373 351 1576 414 θυμῆρες
1601 345 1745 414 ἐργά-

153 433 330 500 ζεσθαι,
357 435 580 484 ἀθετοῦσι
607 435 860 495 δυσσεβῶς
885 436 968 483 τοῦ
997 434 1219 498 Σωτῆρος
1244 431 1377 495 ἡμῶν
1402 430 1488 495 τὴν
1514 433 1744 481 διδασκα-

153 516 264 566 λίαν
289 522 315 545 “
336 515 402 566 Τι’
431 521 670 579 ποιοῦμεν,
696 514 930 581 λέγοντες,
955 514 1032 565 ἵνα
1063 511 1366 580 ἐργαζώμεθα
1402 511 1458 563 τὸ
1497 512 1636 578 ἔργον
1666 516 1749 562 τοῦ
1812 505 1952 580 &3¹23-

110 607 133 645 5
155 603 181 627 ‘⁶
209 601 334 649 Θεοῦ
356 598 402 660 ;”
443 598 553 648 ἀλλ’
582 597 671 648 ε”δει
704 598 781 647 καὶ
812 595 940 648 πολὺ
975 598 1058 660 τῆς
1086 598 1196 665 Θεῷ
1222 592 1506 664 φιλαιτάτης
1532 591 1751 660 λατρείας

154 679 607 748 ἀπεσχοινισμένους
644 679 710 730 ἔτι
745 677 965 729 δεικνύειν
989 677 1169 740 αὐτοὺς,
1196 679 1273 729 καὶ
1297 675 1429 728 οὐδὲν
1456 676 1581 730 ὅλως
1607 678 1750 742 ε’γνω-
1769 693 1791 720 e

155 760 296 816 κότας
332 766 427 813 τῶν
464 763 657 825 ἀληθῶς
702 762 910 827 ἀγαθῶν,
948 758 1055 813 τοὺς
1097 759 1144 810 οἵ
1184 782 1239 825 γε
1284 763 1350 828 τῷ
1393 758 1639 826 γράμματι
1685 761 1752 827 τῷ

156 847 331 914 νομικῷ
363 842 773 910 προσεδρεύοντες,
800 842 963 894 τύπων
988 842 1156 895 ἁπλῶς
1182 843 1258 892 καὶ
1285 838 1550 909 σχημάτων
1572 838 1754 904 μεστὸν

155 925 319 993 ε”χουσι
344 924 428 976 τὸν
454 930 577 977 νοῦν.
620 923 696 975 διά
721 947 793 975 τοι
816 929 956 975 τοῦτο
981 922 1100 987 μετὰ
1125 926 1316 987 πολλῆς
1340 945 1466 977 τινος
1491 925 1574 986 τῆς
1599 921 1751 992 ἐμφά-

88 1028 136 1053 10
156 1030 278 1062 σεως
316 1006 443 1073 λέγει
480 1011 582 1060 ταῖς
620 1005 742 1057 κατὰ
780 1004 925 1069 νόμον
956 1006 1193 1072 λατρείαις
1226 1004 1310 1056 τὸν
1342 1006 1392 1056 ἐκ
1428 1007 1512 1068 τῆς
1545 1005 1753 1058 πίστεως

156 1087 566 1141 ἀντιδιαστέλλων
609 1087 792 1154 καρπόν
832 1087 966 1139 Τοῧτὸ
1012 1089 1103 1139 εὀ-τι
1149 1088 1196 1139 το
1243 1087 1360 1157 ἔργον
1403 1089 1475 1139 τοῦ
1519 1088 1632 1138 Θεοῦ
1671 1085 1754 1137 ἰ’νοι

156 1171 389 1233 πιστεύητε
431 1177 489 1227 εἰς
530 1173 571 1223 ἓν
609 1171 869 1222 ἀπέστειλεν
909 1171 1079 1225 ἐκεῖνος.
1147 1168 1288 1221 τοῦτό
1331 1171 1477 1232 ἐστιν,
1513 1171 1600 1236 οὐχ
1639 1168 1754 1235 ὅπερ

157 1255 284 1318 ὑμεῖς
329 1254 590 1318 ἐνομίσατε,
634 1254 800 1321 φησὶν,
842 1255 903 1307 εὶς
947 1251 1118 1316 μόνους
1162 1253 1359 1319 ὁρῶντες
1402 1251 1511 1306 τοὺς
1554 1251 1749 1313 τύπους,

157 1336 268 1387 ἀλλ’
305 1335 409 1388 ἰ’στε
447 1334 504 1400 δὴ
542 1335 705 1398 πάλιν,
741 1332 829 1386 κᾶν
858 1334 924 1399 μὴ
962 1336 1209 1399 βούλησθε
1247 1339 1424 1399 μαθεῖν,
1462 1337 1524 1388 ὡς
1563 1335 1617 1385 οὑ
1654 1338 1756 1386 ταῖς

91 1434 137 1474 15
157 1419 266 1485 παρ’
296 1419 404 1482 ὑμῖν
438 1418 715 1478 βουθυσίαις
751 1418 776 1468 ὁ
813 1416 1066 1481 νομοθέτης
1102 1414 1297 1482 ἠγάσθη
1331 1415 1458 1479 ποτὲ,
1485 1420 1748 1483 μηλοσφα-

157 1504 258 1566 γεῖν
283 1499 332 1551 δὲ
358 1501 411 1551 οὐ
443 1502 513 1551 δεῖ
541 1523 599 1550 σε
633 1497 848 1551 ἐθέλοντί
877 1521 926 1549 τε
961 1501 1036 1550 καὶ
1073 1500 1346 1550 ἀπαιτοῦντι
1372 1504 1511 1550 τοῦτο
1540 1501 1666 1567 Θεῷ·
1709 1496 1760 1548 τί
1772 1519 1794 1543 a
1820 1510 1910 1545 309
1925 1509 1979 1545 A.

159 1583 204 1634 δ’
244 1580 302 1633 ἂν
340 1582 408 1647 ε’ίη
446 1581 727 1644 λιβανωτὸς,
766 1580 854 1632 κᾶν
893 1580 1110 1645 εὐόσμοις
1151 1583 1212 1635 εἷς
1257 1580 1369 1647 ἀέρα
1408 1579 1755 1646 περιελίττηται

159 1669 366 1727 καπνοῖς,
401 1666 451 1716 τί
486 1665 532 1716 δὲ
574 1665 599 1715 ὁ
638 1662 814 1731 τράγος
852 1662 1028 1728 ὀνήσει,
1063 1664 1200 1733 φησὶ,
1237 1664 1313 1714 καὶ
1351 1666 1399 1714 αἱ
1438 1661 1754 1729 δυσπόριστοι

159 1752 243 1798 τοῦ
268 1746 566 1811 κινναμώμου
591 1745 912 1814 προσαγωγαί
925 1767 937 1808 ;
970 1746 1023 1796 οὐ
1050 1745 1254 1813 φάγεται
1279 1745 1390 1812 κρεά
1417 1745 1600 1810 ταύρων
1618 1741 1752 1805 Θεὸς,
1816 1756 1870 1787 Ps.
1890 1755 1970 1786 xlix.

91 1854 140 1879 20
160 1829 269 1880 ἀλλ’
298 1828 402 1880 οὐδὲ
429 1827 544 1893 αἷμα
568 1828 757 1895 τράγων
783 1828 953 1879 πίεται·
996 1827 1117 1893 ε”γνω
1144 1834 1172 1856 “
1192 1827 1349 1878 πάντα
1374 1825 1433 1878 τὰ
1458 1824 1646 1877 πετεινὰ
1671 1830 1754 1875 τοῦ
1816 1808 1869 1879 {g
1886 1856 1935 1879 11.

160 1919 189 1941 ‘⁶
213 1912 426 1979 οὐρανοῦ,
453 1912 528 1962 καὶ
564 1910 790 1977 ὡραιότης
826 1911 975 1976 ἀγροῦ
1010 1909 1110 1972 μετ’
1129 1909 1152 1925 ”
1182 1909 1325 1960 αὐτοῦ
1355 1909 1471 1960 ἐστι.
1523 1908 1755 1972 μεμίσηκε
1815 1921 1921 1952 Amos
1937 1931 1969 1952 v.

161 1993 211 2047 δὲ
238 1996 314 2045 καὶ
341 1993 596 2045 ἀπεώσατο
629 1991 713 2044 τὰς
748 1991 910 2058 ἑορτὰς
947 1993 1089 2055 ὑμῶν,
1116 1993 1193 2042 καὶ
1228 1992 1282 2042 οὐ
1316 1989 1381 2057 μὴ
1417 1991 1674 2059 ὀσφρανθῇ
1707 1991 1756 2041 ε’ν
1819 1973 1870 1995 ²1⁸

161 2081 261 2130 ταῖς
304 2075 629 2142 πανηγύρεσιν
668 2077 810 2138 ὑμῶν,
853 2076 916 2129 ὡς
960 2071 1099 2128 αὑτός
1139 2096 1233 2126 που
1271 2073 1441 2142 φησίν·
1498 2073 1608 2123 ἀλλ’
1651 2070 1800 2126 οὐδὲὶ)

162 2158 375 2223 ἐλάλησε
404 2164 431 2187 “
449 2156 568 2224 πρὸς
596 2156 703 2211 τοὺς
729 2157 933 2223 πατέρας
958 2157 1088 2220 ὑμῶν
1113 2158 1220 2223 περὶ
1247 2153 1653 2219 ὁλοκαυτωμάτων
1680 2156 1756 2205 καὶ
1817 2157 1913 2189 Hier.
1923 2158 1979 2189 Vfi·

1821 2211 1870 2233 22.

93 2257 141 2296 25
163 2248 191 2271 “
216 2239 435 2293 θυσιῶν.”
495 2240 662 2291 οὐκοῦν
704 2239 758 2290 οὐ
802 2239 924 2290 τοῧτὸ
967 2239 1060 2290 ἐστι
1104 2240 1152 2290 το
1200 2238 1315 2308 ἔργον
1360 2240 1432 2290 τοῦ
1476 2239 1600 2300 Θεοῦ,
1643 2236 1755 2286 ἀλλ’

162 2326 306 2375 ἐκεῖνο
351 2327 555 2386 μᾶλλον,
594 2321 666 2373 ἵνα.
704 2322 937 2382 πιστεύητε
976 2326 1035 2376 εἷς
1074 2322 1114 2373 ἓν
1153 2320 1421 2372 ἀπέστειλεν
1459 2319 1614 2372 αὑτός.
1682 2319 1758 2368 καὶ

164 2404 258 2472 γὰρ
287 2404 344 2469 δὴ
372 2406 447 2455 καὶ
474 2403 621 2458 ὅντως
646 2403 847 2468 ἀμείνων
872 2405 975 2455 ἐστὶ
1006 2406 1090 2468 τῆς
1123 2405 1316 2467 νομικῆς
1348 2404 1423 2453 καὶ
1458 2404 1520 2455 ὡς
1553 2401 1600 2451 ἐν
1626 2399 1759 2469 τύπῳ

165 2487 383 2553 λατρείας
423 2486 451 2550 ἡ
494 2485 571 2536 διὰ
614 2485 821 2540 πίστεως
865 2486 1092 2553 σωτηρία,
1136 2487 1212 2537 καὶ
1258 2487 1342 2549 τῆς
1387 2481 1759 2550 κατακρινούσης

165 2570 360 2633 ἐντολῆς
394 2568 422 2632 ἡ
456 2570 702 2619 δικαιοῦσα
733 2567 883 2636 χάρις.

214 2748 248 2783 3.
274 2735 454 2782 ἇθετοῦσι]
479 2741 516 2777 -Ι-
538 2737 573 2771 δέ
593 2737 635 2771 Β.
804 2750 837 2780 4.
863 2739 1026 2780 ποιοῦμεν
1043 2735 1137 2770 edidi
1153 2748 1194 2770 ex
1214 2735 1248 2769 D
1267 2745 1440 2780 suprascr.
1459 2736 1608 2776 ποιῶμεν
1626 2733 1672 2767 D.
1692 2733 1760 2768 Ed.

168 2793 203 2830 5.
229 2784 502 2828 θεοφιλεστάτης
520 2783 563 2817 Β.
763 2795 817 2818 12.
841 2783 1025 2827 πιστεύητε
1044 2783 1074 2817 Β
1092 2789 1133 2817 ut
1151 2794 1265 2827 supra.
1284 2780 1493 2824 πιστεύσητε
1512 2780 1580 2814 Ed.
1661 2795 1758 2815 τουτ-

169 2832 266 2866 έστιν
286 2831 328 2865 Β.
538 2839 592 2875 15.
619 2831 637 2864 ὁ
654 2830 836 2875 νομοθέτης
853 2836 932 2864 ante
950 2831 989 2864 οὐ
1006 2832 1078 2865 ταῖς
1094 2829 1291 2874 transponit
1310 2828 1376 2862 Ed.
1395 2827 1505 2862 invito
1525 2827 1566 2861 Β.
1636 2827 1760 2861 Statim

171 2877 306 2924 ἠγάσθη
326 2877 368 2911 Β.
386 2875 514 2920 ἠρέσθη
533 2877 600 2911 Ed.
708 2878 952 2922 μηλοσφαγεῖν
969 2877 1004 2911 δέ
1022 2877 1061 2911 οὐ
1079 2876 1130 2910 δεῖ
1147 2890 1188 2910 σε
1208 2876 1249 2909 Β.
1270 2875 1495 2919 μηλοσφαγεῖ
1511 2874 1547 2908 δέ
1566 2873 1675 2910 οὐδεὶς
1693 2872 1761 2908 Ed.

173 2925 299 2960 Statim
316 2923 450 2959 θέλοντι
469 2923 512 2958 Β.
613 2932 666 2969 17.
692 2924 852 2969 εὐόσμοις
870 2923 913 2958 Β.
933 2923 1070 2968 Migne.
1089 2923 1243 2966 εὐόσμως
1259 2921 1355 2956 Aub.
1447 2931 1503 2956 20.
1528 2920 1606 2955 ἀλλ’
1625 2932 1696 2956 orn.
1717 2920 1760 2955 Β.

173 2983 228 3007 21.
255 2970 374 3017 αὐτοῦ]
395 2971 476 3015 ἐμοῦ
496 2970 537 3005 Β.
684 2981 739 3014 24.
764 2972 849 3015 πρὸς
866 2970 944 3006 τοὺς
960 2968 1123 3015 πατέρας]
1144 2969 1179 3004 ἐν
1195 2970 1266 3005 τοῖς
1281 2968 1452 3014 πατράσιν
1471 2967 1513 3002 Β.
