2084 3317
370 139 454 180 fflm
775 140 1135 182 B.CYRssssss
1176 141 1559 184 ALEXANDR.
1820 145 1957 197 ἧφι

374 251 683 303 Μωυσαϊκοῖς
720 249 1082 316 συγγράμμασι,
1115 255 1336 320 πατρῷον
1366 251 1529 316 ὥσπερ
1566 252 1670 303 τινὰ
1708 257 1803 306 τοῖς
1833 253 1956 305 Ἰου-

370 330 515 383 δαίοις
552 333 729 396 κλῆρον
760 333 922 382 ἐνόντα
955 331 1038 382 τὸν
1069 334 1141 383 ἐπὶ
1180 338 1276 386 τοῖς
1314 334 1524 398 ἀρίστοις
1563 356 1611 384 τε
1651 336 1726 385 καὶ
1764 336 1960 399 ἀγαθοῖς

369 412 654 476 γογγυσμὸν
679 412 957 479 εὑρήσομεν·
1006 415 1116 464 ἀλλ’
1147 418 1209 467 εἷς
1242 413 1412 481 πικρὸν
1438 418 1711 480 καταλῆγον
1741 415 1796 466 τὸ
1830 421 1953 482 πρᾶ-

325 507 470 558 ὴγμα
505 493 655 556 τέλος,
687 497 763 545 καὶ
801 494 952 545 πάλαι
990 494 1075 557 μὲν
1107 497 1155 546 ἐν
1189 497 1375 550 ἐκείνοις
1409 497 1437 560 ἡ
1472 501 1623 561 πεῖρα,
1657 499 1732 548 καὶ
1771 503 1853 548 νῦν
1884 499 1959 550 ἐπὶ

369 574 549 628 τούτοις
588 574 720 626 οὐδὲν
750 576 892 640 ἧττον
925 577 1171 646 ἐπέδειξεν.
1224 578 1479 645 ἐγόγγυζον
1517 581 1677 630 ἐκεῖνοι
1716 579 1835 630 κατὰ
1872 578 2000 643 τὴν5

368 655 553 722 ἔρημον,
591 660 666 707 καὶ
700 657 961 725 ἀχάριστον
995 660 1235 710 ἐποιοῦντο
1270 659 1389 711 κατὰ
1421 663 1546 711 Θεοῦ
1581 660 1666 725 τὴν
1698 660 1955 725 καταβοὴν,

150 726 304 757 100r.x.
369 738 480 787 ἀλλ’
522 745 550 767 “
570 737 659 790 ὑπὸ
703 744 798 791 τῶν
841 739 999 809 ὄφεων
1043 742 1373 805 ἀπώλλυντο,”
1420 741 1633 808 καθάπερ
1677 765 1768 794 που
1813 745 1888 793 καὶ
1932 744 1958 794 ὃ

368 819 526 889 σοφὸς
569 821 905 888 διεμαρτύρατο
952 827 1165 877 Παῦλος·
1223 824 1516 891 γογγύζουσι
1558 826 1633 876 καὶ
1672 825 1798 876 οὗτοι
1838 823 1959 876 κατὰ

367 905 598 968 Χριστοῦ,
636 905 711 954 καὶ
749 903 832 955 τὸν
868 906 1125 969 νομοθέτην
1163 908 1239 956 καὶ
1280 904 1528 971 λυτρωτὴν
1565 912 1664 961 ταῖς
1704 909 1825 958 οὕτω
1863 929 1954 971 μα-

144 977 306 1008 Amosix.
368 989 499 1050 κραῖς
537 985 786 1039 ἀπειθείαις
826 986 1109 1053 ὑβρίζουσιν·
1151 987 1263 1038 ἀλλ’
1301 989 1550 1040 ἐντελεῖται
1586 996 1614 1018 “
1633 993 1699 1058 τῷ
1738 987 1956 1055 δράκοντι
1980 1013 2028 1039 10

368 1072 395 1094 ‘⁶
423 1068 499 1117 καὶ
532 1066 721 1135 δήξεται
755 1067 961 1131 αὐτοὺς,”
991 1068 1110 1120 κατὰ
1149 1068 1202 1120 τὸ
1237 1070 1577 1136 γεγραμμένον·
1626 1071 1958 1137 προκείσονται

329 1147 416 1199 0δέ
452 1147 582 1213 θοίνη
617 1153 683 1218 τῷ
715 1149 965 1220 παμφάγα)
1000 1153 1121 1218 θηρὶ,
1150 1151 1405 1217 καταλήγει
1439 1152 1532 1219 γὰρ
1569 1155 1631 1206 ὡς
1665 1153 1722 1221 ἐξ
1751 1151 1959 1219 ἀνάγκης

367 1231 436 1280 ἀεὶ
463 1230 582 1297 πρὸς
608 1230 744 1285 τέλος
771 1232 798 1296 ἡ
825 1232 1033 1284 ἀπείθεια
1059 1232 1113 1284 τὸ
1139 1232 1465 1301 παγχάλεπον.

298 1431 345 1466 42
371 1430 446 1472 Καὶ
481 1430 630 1478 &ej-ov
670 1430 756 1487 Οὐχ
798 1429 921 1475 οὗτός
964 1433 1079 1475 ἐστιν
1116 1433 1286 1476 ἸΗσοῡε
1326 1434 1348 1478 ὁ
1393 1432 1481 1476 υἱὸς
1519 1433 1701 1491 Ἰωσήφ,
1740 1431 1788 1476 οὗ
1834 1431 1956 1483 ἡμεῖς

433 1511 612 1563 οἴδαμεν
650 1514 724 1556 τὸν
762 1516 927 1572 Πατέρα
967 1516 1036 1557 καὶ
1072 1516 1149 1558 τὴν
1182 1517 1374 1575 jum-&pm
1417 1517 1510 1559 Πῶς
1548 1515 1621 1559 οὖν
1657 1518 1769 1565 λέπει
1805 1519 1871 1560 ὅτι
1907 1518 1955 1560 ὲκ
1979 1532 2026 1572 15

431 1601 505 1639 τοῦ
543 1599 729 1656 οὐρανοῦ
769 1600 1071 1653 καταβέβΗκα;

429 1716 497 1769 ἳΩ
535 1722 724 1784 πολλῆς
763 1721 980 1784 ἀμαθίας,
1019 1723 1094 1772 καὶ
1135 1721 1324 1791 ἀκράτῳ
1367 1722 1485 1790 μέθῃ
1526 1721 1954 1786 κατεσκοτισμένης

133 1809 299 1843 Es.vi.10.
361 1801 580 1855 διανοίας·
627 1809 655 1830 “
674 1801 930 1870 ἐπαχύνθη,
970 1803 1090 1854 κατὰ
1127 1803 1182 1855 τὸ
1220 1805 1561 1870 γεγραμμένον,
1600 1805 1628 1868 ἡ
1666 1803 1832 1871 καρδία
1869 1809 1953 1854 τοῦ

313 1887 387 1928 d“
414 1888 534 1934 λαοῦ
568 1882 780 1934 τούτου.”
835 1888 1002 1951 θεωρεῖ
1030 1885 1124 1952 γὰρ
1161 1885 1308 1940 ὄντως
1344 1885 1492 1949 οὐδὲν,
1528 1885 1593 1937 ῶν
1620 1886 1709 1938 ἔδει
1743 1885 1953 1937 συνιέναι

356 1969 602 2031 λαμπρῶς,
630 1970 704 2016 καὶ
731 1965 941 2032 γέλωτος
968 1967 1080 2036 ἄξια
1107 1970 1182 2018 καὶ
1210 1973 1379 2036 φρονεῖ
1404 1971 1478 2019 καὶ
1515 1969 1788 2038 φθέγγεται·
1830 1971 1952 2037 χρῆν
1971 1993 2021 2019 20

353 2045 448 2112 γὰρ
498 2046 649 2111 δήπου
699 2052 892 2111 μᾶλλον
931 2048 1096 2102 αὐτοὺς
1148 2048 1234 2114 τὴν
1275 2055 1358 2101 τοῦ
1397 2050 1655 2119 πανσόφου
1702 2051 1951 2105 Μωυσέως

352 2130 700 2192 ἐκμελετῶντας
751 2130 1061 2199 συγγραφὴν,
1106 2137 1202 2186 τοῖς
1252 2155 1301 2183 τε
1352 2137 1446 2183 τῶν
1493 2132 1639 2198 ἁγίων
1688 2138 1950 2201 προφητῶν

351 2212 683 2280 ἐντρυφῶντας
721 2211 1022 2279 κηρύγμασιν
1056 2214 1201 2265 ἐκεῖνο
1242 2219 1374 2277 νοεῖν,
1409 2217 1472 2269 ὡς
1510 2215 1563 2265 οὐ
1602 2214 1711 2282 δίχα
1749 2214 1945 2283 σαρκὸς,

352 2291 457 2343 οὐδὲ
494 2298 590 2344 τῶν
629 2293 705 2344 διὰ
743 2294 968 2359 σώματος
1006 2295 1392 2362 περιβλημάτων,
1429 2299 1492 2350 ὡς
1529 2296 1649 2360 ἡμᾶς
1687 2297 1948 2367 ἀφίξεσθαι

351 2377 680 2439 προσεδοκᾶτο
731 2376 962 2444 Χριστὸς,
1007 2376 1117 2428 ἀλλ’
1167 2379 1215 2428 ἐν
1259 2378 1528 2447 ἀνθρωπεία
1577 2383 1742 2448 μορφῇ
1794 2382 1944 2450 φανή-
1967 2402 2015 2442 25

312 2462 529 2509 θσεσθαι
567 2459 955 2526 προεκηρύττετο,
988 2462 1064 2511 καὶ
1102 2462 1150 2511 ἐν
1185 2464 1252 2530 τῷ
1291 2465 1430 2530 κοινῷ
1468 2460 1525 2526 δὴ
1564 2459 1715 2532 τούτῳ
1753 2461 1947 2513 πάντων

125 2537 177 2569 Ib.
191 2538 246 2570 vii.
352 2539 695 2606 εὑρεθήσεσθαι
720 2541 948 2610 σχήματι·
991 2540 1140 2594 διάτοι
1165 2548 1304 2594 τοῦτο
1328 2541 1414 2607 τὴν
1437 2542 1523 2606 μὲν
1548 2545 1688 2610 ἁγίαν
1712 2544 1945 2611 παρθένον

350 2621 472 2691 ἕξειν
516 2625 565 2674 ἐν
608 2626 800 2690 γαστρὶ,
845 2624 1067 2693 τέξεσθαι
1118 2623 1167 2676 δὲ
1211 2627 1287 2676 καὶ
1341 2623 1452 2689 υἱὸν,
1497 2625 1790 2695 προφητικὸς
1833 2626 1944 2691 ἡμῖν

124 2699 289 2776 {Zmin
350 2705 594 2774 ἀναφωνεΐ
627 2704 786 2772 λόγος·
836 2706 1019 2771 ὀμόσας
1059 2705 1108 2757 δὲ
1146 2711 1213 2776 τῷ
1250 2709 1463 2777 μακαρίῳ
1503 2710 1680 2759 Δαυεὶδ
1717 2707 1943 2774 ἀλήθειαν

397 2867 431 2901 3.
458 2857 497 2890 τὸ
515 2869 586 2891 om.
606 2857 650 2892 B.
800 2867 831 2903 7.
858 2858 1063 2893 ἀπώλλυντο
1082 2858 1123 2892 Β.
1144 2857 1219 2903 (Β.)
1238 2858 1416 2894 ἀπώλοντο
1434 2859 1501 2894 Ed.
1569 2859 1693 2894 Statim
1711 2860 1764 2894 καὶ
1781 2859 1878 2894 addit
1898 2859 1939 2895 B.

354 2913 408 2937 ΙΙ.
434 2905 700 2948 προσκείσονται
721 2905 761 2938 Β.
929 2916 981 2940 12,
1009 2905 1113 2952 θηρίῳ
1134 2905 1175 2939 Β.
1336 2906 1391 2941 26.
1417 2906 1524 2953 τούτῳ
1542 2907 1582 2951 δὴ
1600 2907 1740 2942 inverso
1756 2906 1878 2941 ordine
1897 2907 1939 2941 B.

351 2952 451 2984 τοῦτο
472 2951 517 2985 D.
665 2952 720 2986 28.
746 2953 800 2986 καὶ
819 2963 889 2987 om.
910 2952 951 2987 B.
1097 2963 1152 2997 29.
1176 2952 1341 2997 (ἶνεφώνει
1362 2953 1404 2987 Β.
