2084 3317
113 161 139 202 i.
160 171 229 217 35,
247 163 315 218 36.
369 162 442 203 IN
485 162 528 203 S.
562 160 899 202 JOANNEM.
964 160 1088 200 LIB.
1122 159 1183 199 II.
1246 158 1379 199 CAP.
1414 158 1450 197 Ι.
1623 156 1701 196 191

112 270 197 324 τὰς
240 269 525 333 μεταβάσεις
576 273 813 321 ποιεῖσθαι
857 267 1082 336 πεφυκὸς,
1126 267 1238 317 ἀλλ’
1285 268 1348 319 ὡς
1397 263 1613 331 πρόεισιν
1658 263 1708 312 ἐκ

112 350 259 417 πυρὸς
284 351 313 415 ἡ
340 353 511 402 ἐνοῦσα
538 349 765 417 θερμότης
792 350 933 418 αὐτῷ,
963 352 1173 400 δοκοῦσα
1201 346 1286 411 μέν
1311 369 1412 400 πως
1439 346 1582 396 αὐτοῦ
1606 348 1707 395 ταῖς

112 432 330 485 ἐπινοίαις
367 432 649 498 μερίζεσθαι,
682 434 756 483 καὶ
795 429 951 496 ἕτερόν
987 453 1032 480 τι
1068 431 1178 495 παρ’
1217 427 1330 480 αὐτὸ
1371 426 1616 493 ὑπάρχειν,
1655 424 1713 492 ἐξ

113 515 256 565 αὐτοῦ
283 514 330 565 δὲ
357 516 479 565 οῦσα
503 516 578 565 καὶ
605 516 652 564 ἐν
678 514 804 582 αὐτῷ
836 510 954 563 κατὰ
992 512 1156 579 φύσιν,
1185 513 1260 562 καὶ
1297 510 1353 578 ἐξ
1387 510 1528 559 αὐτοῦ
1563 512 1702 572 προϊ-

72 601 236 647 5οῦσα
273 594 391 659 μετὰ
429 601 512 646 τοῦ
549 593 696 659 μηδὲν
734 595 906 644 ἀδικεῖν
944 591 1064 644 κατά
1102 615 1157 659 γε
1195 591 1278 642 τὸν
1317 591 1563 652 ἀποκοπῆς
1607 587 1706 650 ἤτοι
1726 592 1753 632 b

111 682 344 743 μερισμοῦ
383 678 458 727 καὶ
499 676 702 743 ῥεύσεως
750 675 916 741 λόγον·
977 674 1068 738 ὅλη
1114 673 1208 740 γὰρ
1252 674 1301 724 ἐν
1340 672 1441 741 ὅλῳ
1485 673 1551 739 τῷ
1593 670 1709 734 πυρὶ

112 758 328 825 σώζεται·
395 760 517 809 οὕτω
568 757 803 821 νοήσομεν
854 759 930 807 καὶ
980 758 1056 807 ἐπὶ
1106 762 1188 807 τοῦ
1242 755 1366 806 θείου
1417 752 1709 819 γεννήματος

113 839 528 905 θεοπρεπεστάτην
571 839 639 890 ἐπ’
687 840 812 908 αὐτῷ
862 838 949 903 τὴν
990 838 1186 904 θεωρίαν
1233 834 1576 899 λαμβάνοντες·
1632 833 1708 881 καὶ

113 921 230 973 Υὶὸν
255 920 339 985 μὲν
366 921 490 974 ἰδίως
526 920 789 989 ὑφεστάναι
824 919 1141 980 πιστεύοντες,
1168 919 1222 969 οὐ
1257 917 1350 981 μὴν
1376 916 1467 985 ἔξω
1503 913 1708 965 τιθέντες

49 1022 95 1046 10
114 1001 255 1054 αὐτὸν
291 1005 375 1066 τῆς
412 1007 521 1066 μιᾶς
559 1004 634 1053 καὶ
673 1001 928 1069 ἀφράστου
967 998 1199 1064 θεότητος,
1240 997 1344 1049 οὐδὲ
1389 1002 1473 1047 τοῦ
1514 994 1708 1060 Πατρὸς

113 1083 407 1151 ἑτεροούσιον
438 1082 552 1134 εἶναι
583 1082 817 1149 λέγοντες.
872 1081 901 1146 ἢ
936 1081 1030 1148 γὰρ
1066 1079 1125 1132 ἂν
1151 1081 1265 1134 Υἱὸς
1299 1079 1442 1130 οὐκέτ’
1472 1078 1529 1129 ἂν
1558 1081 1709 1127 νοοῖτο

114 1166 312 1229 δικαίως,
352 1167 462 1216 ἀλλ’
504 1165 660 1231 ἕτερόν
698 1188 742 1216 τι
781 1164 911 1231 παρὰ
956 1169 1109 1225 τοῦτο,
1149 1164 1225 1213 καὶ
1268 1161 1554 1229 πρόσφατος
1598 1158 1708 1222 ἡμῖν

114 1250 333 1299 ἀνατελεῖ
366 1248 484 1310 θεὸς,
524 1248 678 1313 ἕτερος
716 1246 942 1314 ὑπάρχων
979 1244 1110 1311 παρὰ
1148 1245 1231 1295 τὸν
1271 1243 1385 1294 ὄντα
1429 1244 1504 1292 καὶ
1544 1238 1704 1303 μόνον.

113 1330 168 1381 τὸ
210 1329 305 1396 γὰρ
350 1331 432 1381 οὐκ
477 1328 530 1380 ὃν
578 1329 835 1392 ὁμοούσιον
877 1332 944 1397 τῷ
990 1327 1110 1377 κατὰ
1155 1326 1305 1393 φύσιν
1347 1327 1468 1393 Θεῷ,
1511 1327 1611 1375 πῶς
1655 1322 1710 1371 οὐ

48 1426 95 1463 15
113 1412 302 1466 πάντως
345 1414 652 1464 ἀποπεσεῖται
696 1416 781 1462 τοῦ
825 1408 938 1460 εἶναι
982 1408 1103 1462 Θεὸς
1145 1406 1399 1472 ἀληθινός;
1461 1403 1617 1468 ἐπειδὴ
1660 1403 1748 1454 δέο

115 1494 370 1564 ἀξιόχρεως
418 1517 467 1545 τε
518 1496 593 1544 καὶ
644 1491 1026 1561 ἀξιολογώτατος
1072 1491 1097 1541 ὁ
1142 1488 1369 1556 μακάριος
1413 1484 1706 1550 βαπτιστὴς,

115 1581 343 1643 μαρτυρεῖ
363 1576 412 1627 δὲ
436 1576 496 1628 ’ότι
526 1575 642 1631 οὗτος
669 1577 783 1628 ἐστιν
804 1581 821 1627 ὁ
849 1573 947 1629 Υἱος
973 1575 1045 1625 τοῧ
1070 1575 1194 1625 Θεοῦ·
1229 1570 1354 1623 Θεὸν
1380 1569 1494 1621 εἶναι
1520 1569 1710 1622 πάντως

115 1659 342 1725 ἀληθινὸν
381 1659 746 1727 ὁμολογήσομεν
789 1659 872 1710 τὸν
911 1657 1029 1709 Υὶὸν
1074 1659 1150 1708 καὶ
1195 1658 1245 1707 ἐκ
1290 1659 1374 1719 τῆς
1419 1655 1584 1707 οὐσίας
1628 1658 1711 1704 τοῦ

118 1743 325 1809 Πατρός·
370 1748 508 1793 τοῦτο
547 1741 640 1809 γὰρ
677 1742 787 1806 ἡμῖν
817 1740 1036 1804 σημαίνει
1075 1737 1129 1789 τὸ
1164 1741 1247 1802 τῆς
1287 1736 1497 1802 υἱότητος
1538 1734 1706 1798 ὄνομα,

49 1849 97 1873 20
116 1828 191 1877 καὶ
217 1824 372 1892 ἕτερον
398 1824 545 1875 οὐδέν.

116 2003 181 2062 Τῇ
221 2003 428 2059 ἐπαύριον
468 2003 598 2043 Πάλιν
640 1998 827 2043 εἱστήκει
868 2000 890 2042 ὁ
925 1999 1137 2040 ἸωάννΗο
1183 1996 1251 2038 καὶ
1291 1996 1338 2037 ἐκ
1378 1994 1464 2037 τῶν
1501 1992 1706 2043 μαθΗτῶν
1729 1999 1777 2039 35

184 2086 315 2128 αὐτοῦ
355 2085 443 2136 δύο,
482 2084 550 2125 καὶ
592 2084 812 2133 ἐμβλέψας
855 2083 917 2137 τῷ
950 2082 1094 2124 ἸΗσοῦ
1134 2081 1439 2136 Περιπατοῦντι
1479 2079 1592 2125 Akra
1623 2076 1707 2117 Ἴδε
1729 2073 1778 2121 36

183 2170 206 2211 ὁ
240 2168 374 2218 ἀμνὸς
407 2171 477 2210 τοῦ
508 2167 619 2209 Θεοῦ
651 2168 668 2210 c‘
710 2163 847 2224 αἴρων
880 2164 957 2207 τέιν
989 2163 1203 2222 ἁμαρτίαν
1235 2166 1309 2204 τοῦ
1348 2162 1517 2210 κόσμου.
1728 2157 1756 2199 (1

192 2297 395 2352 Φθάσας
438 2298 527 2363 ἤδη
571 2296 837 2366 προέδειξεν
884 2295 1026 2346 αὐτὸν
1071 2295 1096 2345 ὁ
1143 2292 1369 2359 μακάριος
1418 2288 1706 2354 βαπτιστής·

51 2395 98 2434 25
118 2383 229 2433 ἀλλ’
275 2380 372 2432 ἰδοὺ
417 2382 492 2431 καὶ
538 2379 668 2433 αὖθις
713 2378 796 2429 τὸν
840 2377 982 2428 αὐτὸν
1021 2374 1358 2440 ἀνακυκλήσας
1402 2373 1564 2438 λόγον,
1605 2373 1705 2422 ἐπι-

118 2464 310 2515 δεικνύει
335 2467 430 2515 τοῖς
457 2464 621 2512 ἑαυτοῦ
645 2464 876 2524 μαθηταῖς
902 2459 986 2510 τὸν
1011 2459 1215 2522 Ἰησοῦν,
1236 2458 1312 2507 καὶ
1339 2454 1471 2523 ἀμιῶν
1498 2451 1711 2517 ὀνομάζει

119 2547 229 2597 Θεοῦ
271 2547 346 2596 καὶ
386 2544 454 2604 τὴν
493 2545 564 2594 τοῦ
607 2544 771 2611 κόσμου
813 2542 965 2610 φησὶν
1004 2542 1138 2609 οιῖρειν
1179 2539 1421 2608 ἁμαρτίαν,
1460 2535 1710 2600 μονονουχὶ

117 2627 236 2695 πρὸς
272 2625 539 2690 ὑπόμνησιν
568 2625 698 2690 ἄγων
732 2623 838 2677 τοὺς
877 2622 1199 2689 ἀκροωμένους
1237 2625 1321 2670 τοῦ
1359 2620 1407 2668 ἐν
1440 2615 1711 2683 προφήταις

119 2711 341 2776 λέγοντος
368 2716 395 2737 “
415 2707 545 2772 Ἐγώ
573 2710 661 2770 εἰμι
688 2705 781 2771 ἐγώ
809 2709 899 2769 εἰμι
926 2706 951 2755 ὁ
978 2703 1246 2771 ἐξαλείφων
1272 2699 1355 2753 τὰς
1383 2699 1576 2762 ἀνομίας
1602 2719 1709 2759 σου,
1771 2699 1919 2780 ξΞΧῙῑῑῑ-

166 2876 199 2910 9.
225 2864 286 2908 μὲν
303 2875 372 2897 om.
393 2862 434 2896 Β.
559 2870 611 2903 15.
638 2863 698 2894 τοῦ
716 2858 797 2895 εἶναι
815 2859 875 2894 ἰ’σα
890 2861 980 2918 Θεῷ
1000 2858 1029 2892 εἷ
1047 2859 1132 2892 Θεὸς
1149 2856 1308 2899 ἀληθινὸς
1328 2855 1369 2889 Β.
1493 2853 1545 2888 16.
1572 2853 1710 2898 ἀξιολο-

119 2913 267 2956 γώτερος
288 2910 329 2944 Β.
468 2918 520 2953 17.
546 2907 705 2950 ἀληθινὸν
722 2908 854 2941 πάντως
872 2903 954 2940 εἶναι
972 2906 1110 2939 inverso
1129 2903 1251 2937 ordine
1271 2903 1314 2938 Β.
1451 2912 1505 2935 21.
1531 2898 1653 2945 πάλιν]
1673 2900 1710 2932 δέ

120 2959 223 2992 πάλιν
242 2957 283 2991 Β.
429 2966 484 2989 22.
509 2954 571 2990 ἕως
587 2956 648 2988 τοῦ
664 2965 728 2999 pro
746 2955 799 2987 καὶ
818 2950 1141 2997 ἐμβλέψας-λέγει
1163 2949 1203 2983 Β
