2084 3317
358 123 443 162 5520
759 125 809 166 B.
843 125 1122 167 CYRILLI
1162 126 1543 168 ALEXANDR.
1803 125 1948 179 vi.51.

435 231 624 283 Δέδωκε
659 240 910 301 τοιγαροῦν
938 235 1052 302 ὑπὲρ
1086 239 1168 300 τῆς
1196 235 1418 287 ἁπάντων
1445 236 1560 303 ζωῆς
1587 233 1640 287 τὸ
1666 234 1782 286 ’ίδιον
1807 238 1950 298 σῶμα

360 313 386 363 ὃ
421 313 651 380 Χριστὸς,
680 315 880 381 ε’νοικίζει
916 316 963 367 δὲ
998 317 1146 368 πάλιν
1179 318 1288 381 ἡμῖν
1323 319 1376 368 δι’
1407 318 1550 368 αὐτοῦ
1587 315 1673 381 τὴν
1710 314 1844 382 ζωὴν,
1875 316 1951 366 καὶ

360 395 500 458 ὅπως,
527 397 616 462 ἐρῶ
650 397 770 448 κατὰ
807 398 1017 462 δύναμιν.
1070 397 1228 463 ἐπειδὴ
1264 399 1357 466 γὰρ
1396 400 1420 450 ὁ
1457 399 1678 466 ζωοποιὸς
1714 403 1796 449 τοῦ
1825 401 1950 448 Θεοῦ

359 475 518 543 Λόγος
557 477 757 548 ἐνῴκηκε
795 484 854 547 τῇ
893 482 1049 546 σαρκὶ,
1084 479 1429 543 μετεσκεύασεν
1464 480 1608 545 αὐτὴν
1643 484 1704 534 εἷς
1741 478 1794 530 τὸ
1834 478 1950 529 ἴδιον

358 558 555 624 ἀγαθον,
582 559 797 612 τουτέστι
831 561 917 626 τὴν
943 561 1077 627 ζωὴν,
1106 565 1181 613 καὶ
1209 562 1321 616 ὅλος
1348 564 1464 630 αὐτῇ
1492 561 1611 614 κατὰ
1636 560 1719 613 τὸν
1746 561 1949 628 ἄῤῥητον
1968 576 1991 615 5

356 644 440 705 τῆς
465 642 677 696 ἑνώσεως
705 641 854 709 λόγον
879 643 1198 709 συμβεβηκὼς
1230 643 1456 710 ζωοποιὸν
1483 644 1708 713 ἀπέδειξε,
1736 641 1948 708 καθάπερ

317 723 439 774 Οοῦν
464 725 568 775 ἐστι
602 723 720 775 κατὰ
755 725 905 794 φύσιν
931 726 1083 780 αὐτός.
1139 725 1215 777 διὰ
1248 732 1387 778 τοῦτο
1425 727 1639 794 ζωοποιεῖ
1666 724 1774 779 τοὺς
1809 723 1944 788 μετέ-

355 828 527 872 χοντας
566 806 709 857 αὐτοῦ
747 806 802 858 τὸ
847 812 992 872 σῶμα
1029 811 1263 872 Χριστοῦ·
1319 807 1558 878 ἐξελαύνει
1601 806 1696 875 γὰρ
1741 805 1825 858 τὸν
1863 805 1948 858 θά-

355 910 511 951 νατον,
538 887 652 939 ὅταν
678 890 726 939 ἐν
753 894 849 944 τοῖς
875 888 1237 955 ἀποθνήσκουσι
1263 891 1470 957 γένηται,
1499 892 1574 941 καὶ
1607 890 1829 959 ἐξίστησι
1861 887 1948 953 τὴν

356 969 557 1037 φθορὰν,
590 970 672 1022 τὸν
707 970 793 1036 τὴν
828 971 1016 1040 φθορὰν
1052 972 1339 1041 ἀφανίζοντα
1367 972 1528 1039 Λόγον
1558 972 1743 1026 τελείως
1782 974 1947 1023 ὠδῖνον
1970 991 2018 1018 10

354 1053 403 1103 ἐν
430 1053 592 1123 ἑαυτῷ.

428 1136 570 1186 Ἀλλ’
599 1137 695 1203 ἐρεῖ
715 1159 783 1191 τις
809 1136 968 1205 τυχὸν,
992 1141 1053 1192 εἷς
1080 1137 1164 1202 τὴν
1190 1142 1285 1189 τῶν
1312 1136 1945 1201 κεκοιμημένωνάναβίωσιν

353 1218 438 1271 τὸν
472 1224 554 1284 τῆς
594 1222 799 1275 διανοίας
838 1222 1094 1291 ὀφθαλμὸν
1131 1223 1385 1289 ἀπερείσας
1425 1226 1490 1273 Οἱ
1529 1221 1623 1288 γὰρ
1660 1222 1825 1273 πίστιν
1861 1219 1946 1284 μὲν

353 1301 440 1366 τὴν
466 1306 527 1356 εἷς
554 1302 773 1370 Χριστὸν
799 1304 853 1354 οὑ
887 1304 1278 1373 παραδεξάμενοι,
1303 1304 1499 1372 με’τοχοί
1528 1327 1577 1355 τε
1613 1304 1667 1354 οὐ
1700 1302 1945 1370 γεγονότες

354 1384 512 1447 αὐτοῦ,
538 1383 658 1435 κατὰ
684 1384 767 1436 τὸν
793 1388 876 1450 τῆς
910 1385 1222 1440 ἀναστάσεως
1257 1387 1339 1437 οὐκ
1375 1386 1726 1448 ἀναβιώσονται
1751 1383 1940 1453 χρόνον.
1968 1410 2014 1448 15

355 1465 404 1517 τί
427 1465 505 1528 δὲς
549 1467 652 1534 οὐχὶ
678 1467 1058 1535 παλινδρομήσει
1087 1468 1206 1535 πρὸς
1232 1467 1351 1536 ζωὴν
1377 1469 1575 1532 σύμπαν
1600 1467 1654 1519 τὸ
1680 1469 1858 1533 ποίημα
1891 1467 1945 1519 τὸ

309 1558 335 1600 d
354 1547 602 1603 πεπτωκὸς
628 1553 690 1604 εἷς
718 1548 953 1612 θάνατον;

428 1630 592 1683 Ἀλλὰ
620 1632 694 1682 ναὶ
720 1631 839 1698 πρὸς
864 1638 1013 1684 ταῦτα
1040 1634 1247 1700 ἐροῦμεν,
1274 1633 1592 1696 ἀναβιώσεται
1626 1638 1762 1685 πᾶσα
1793 1632 1940 1702 σάρξ·

352 1713 698 1780 ἐγερθήσεσθαι
738 1714 832 1782 γὰρ
871 1713 979 1769 τοὺς
1018 1714 1206 1782 νεκροὺς
1245 1717 1269 1766 ὁ
1308 1716 1601 1786 προφητικὸς
1638 1715 1946 1784 προαγορεύει

354 1795 515 1862 λόγος.
570 1796 859 1862 λογιούμεθα
882 1796 976 1864 γὰρ
1003 1799 1077 1850 ἐπὶ
1101 1803 1267 1850 πᾶσαν
1294 1798 1466 1863 διήκειν
1493 1798 1577 1863 τὴν
1604 1797 1945 1864 ἀνθρωπότητα
1965 1822 2013 1848 20

353 1876 409 1928 τὸ
435 1877 511 1929 διὰ
537 1881 619 1943 τῆς
647 1877 958 1933 ἀναστάσεως
984 1886 1067 1931 τοῦ
1094 1883 1312 1947 Χριστοῦ
1337 1880 1616 1948 μυστήριον,
1645 1883 1720 1932 καὶ
1746 1882 1794 1932 ἐν
1819 1881 1946 1949 αὐτῷ

355 1961 430 2011 καὶ
458 1961 632 2031 πρώτῳ
658 1965 824 2012 πᾶσαν
850 1963 1187 2013 ἀπολελῦσθαι
1213 1963 1499 2028 πιστεύομεν
1525 1966 1608 2028 τῆς
1642 1967 1826 2032 φθορᾶς
1859 1962 1946 2027 τὴν

354 2042 580 2109 ἡμετέραν
608 2043 775 2111 φύσιν.
830 2042 1002 2098 πάντες
1028 2043 1121 2111 γὰρ
1150 2045 1525 2110 ἀναστήσονται,
1555 2046 1664 2097 καθ’
1694 2043 1946 2110 ὁμοιότητα

353 2129 438 2175 τοῦ
484 2127 538 2175 δι’
583 2126 704 2190 ἡμᾶς
751 2127 1062 2193 ἐγηγερμένου
1108 2129 1185 2178 καὶ
1227 2126 1409 2182 πάντας
1454 2128 1644 2196 ἔχοντος
1688 2129 1736 2179 ἐν
1776 2129 1942 2197 ἑαυτῷ,

315 2229 337 2256 e
356 2205 567 2274 καθάπερ
613 2207 671 2273 ἧν
711 2209 974 2275 ἄνθρωπος.
1047 2212 1124 2261 καὶ
1168 2208 1331 2277 ὥσπερ
1376 2212 1424 2262 ἐν
1466 2214 1533 2279 τῷ
1573 2209 1945 2279 πρωτοπλάστῳ
1964 2232 2012 2271 25

356 2291 697 2355 κατεκλίθημεν
736 2295 798 2345 εἷς
837 2290 1053 2355 θάνατον,
1088 2293 1234 2347 οὕτως
1273 2295 1321 2344 ἐν
1358 2297 1425 2362 τῷ
1462 2292 1748 2363 πρωτοτόκῳ
1782 2292 1944 2355 πάλιν,

130 2383 236 2424 Supra
253 2394 283 2415 v.
355 2376 422 2441 τῷ
457 2373 511 2423 δι’
541 2373 675 2437 ἡμᾶς,
702 2374 751 2424 ἐκ
780 2377 955 2441 νεκρῶν
989 2374 1341 2436 ἀναβιώσονται
1376 2376 1666 2440 σύμπαντες·
1716 2376 1827 2426 ἀλλ’
1857 2382 1884 2405 “
1903 2378 1946 2426 οἱ

136 2436 185 2468 29·
356 2461 383 2484 ‘⁶
408 2454 494 2518 μὲν
523 2454 583 2505 τὰ
618 2455 776 2521 ἀγαθὰ
814 2455 1098 2521 ποιήσαντες
1137 2461 1199 2511 εὶς
1238 2456 1509 2509 ἀνάστασιν
1541 2458 1704 2525 ζωῆς,”
1733 2456 1945 2525 καθάπερ

354 2536 633 2604 γέγραπται,
675 2544 702 2568 “
729 2542 770 2589 οἱ
823 2541 872 2589 δέ
923 2537 982 2589 τὰ
1033 2543 1200 2608 φαῦλα
1249 2540 1516 2610 πράξαντες
1563 2544 1625 2595 εἷς
1676 2538 1946 2591 ἀνάστασιν

621 2619 646 2636 ἱ,

354 2626 382 2648 “
407 2620 619 2686 κρίσεως.
700 2621 831 2685 δοίην
865 2621 908 2670 δ’
951 2619 1008 2672 ἂν
1042 2620 1191 2687 ε”γωγε
1230 2624 1306 2673 καὶ
1346 2623 1399 2672 οὐ
1436 2626 1503 2692 τῷ
1540 2622 1731 2690 τυχόντι
1768 2622 1942 2694 μέτρῳ,
1965 2649 2015 2686 30

402 2776 434 2799 2.
460 2766 478 2799 ὁ
503 2771 726 2811 assumptum
745 2779 786 2801 ex
807 2767 849 2801 B.
1059 2779 1093 2810 4.
1120 2766 1269 2814 ἐνῴκησε
1287 2767 1330 2822 Β.
1545 2776 1578 2813 5.
1604 2767 1686 2804 ὅλος
1704 2768 1751 2803 D.
1769 2767 1858 2805 ὅλως
1876 2768 1942 2803 Ed.

355 2856 388 2890 9.
414 2845 474 2889 τὴν
491 2852 716 2891 assumptum
734 2859 776 2882 ex
795 2846 889 2882 B.D.
1036 2858 1089 2892 19.
1115 2823 1354 2892 προαῦίιέζῖῦὲι
1374 2848 1417 2883 Β.
1556 2848 1612 2883 26.
1639 2848 1881 2893 κατεκλίθημεν
1899 2848 1942 2884 Β.

354 2893 640 2937 κατεκλείσθημεν
658 2893 724 2928 Ed.
845 2894 901 2929 28.
928 2894 1119 2930 ἀνάστασιν
1136 2896 1266 2938 ζῶντες·
1294 2897 1378 2941 ζωῆς
1396 2907 1459 2941 pro
1479 2907 1577 2931 more
1594 2907 1656 2941 per
1673 2895 1889 2930 additionem
1907 2907 1944 2930 se

354 2940 532 2984 corrigens
552 2940 595 2975 Β.
659 2955 723 2986 περ
741 2946 964 2986 assumptum
983 2953 1024 2975 ex
1045 2941 1085 2976 B.
