2084 3317
120 184 173 224 vi.
200 198 231 225 1.
340 184 413 224 IN
457 183 499 224 S.
533 182 868 224 JOANNEM.
932 181 1056 222 LIB.
1091 181 1177 222 III.
1240 181 1374 222 CAP.
1408 181 1485 221 IV.
1623 181 1706 220 403

118 295 230 345 ἀλλ’
270 295 418 358 ἡκέτω
464 296 540 345 καὶ
581 299 664 345 νῦν
706 297 767 347 εἰς
808 292 956 357 μέσον
995 292 1105 357 ἡμῖν
1145 291 1170 341 ὁ
1211 290 1296 345 τὰς
1338 294 1432 341 τῶν
1470 288 1708 340 Ἰουδαίων

119 377 342 430 ἀπονοίας
376 374 804 443 προαναθρηνήσας
833 376 1064 437 Μωυσῆς,
1092 374 1167 423 καὶ
1195 372 1369 438 λεγέτω
1395 370 1513 438 πρὸς
1541 368 1708 424 αὐτοὺς

119 457 194 507 ἐπὶ
231 461 331 510 ταῖς
370 462 431 511 εἰς
464 456 680 524 Χριστὸν
715 457 952 518 ἀσεβείαις
992 457 1272 521 ἀγανακτῶν
1299 461 1325 483 “
1342 452 1487 505 Γενεὰ
1523 449 1707 518 πονηρὰ
1768 452 1902 535 Ξὲξξζδ

120 545 148 567 “
172 539 248 589 καὶ
273 541 506 606 μοιχαλὶς,
534 545 682 590 ταῦτα
708 543 774 608 τῷ
803 538 963 608 Κυρίῳ
992 537 1325 588 ἀνταποδίδοτε
1342 537 1384 599 ;”
1426 534 1508 586 τὸν
1535 537 1706 599 διενεγ-
1770 538 1799 570 6.
1906 517 1916 533 ’

77 618 262 671 5κόντα
307 620 383 671 διὰ
422 619 681 685 θαλάσσης
723 621 874 685 μέσης
918 621 995 670 καὶ
1037 618 1256 683 κυμάτων
1302 621 1531 687 σφοδρῶν
1577 614 1709 684 πέραν

119 701 328 757 ἐλαύνεις
359 701 608 766 θαλάσσης,
647 704 722 753 καὶ
762 702 941 754 διώκων
976 703 1059 752 οὐκ
1098 703 1346 769 ἐρυθριᾷς;
1393 699 1484 750 σὸν
1510 699 1591 749 οὖν
1619 698 1710 764 ἄρα

119 783 173 834 τὸ
208 789 376 836 παθεῖν
401 784 610 847 Ἰουδαῖε,
642 784 700 835 σὲ
739 783 1014 852 καταπνίξει
1049 781 1220 834 λοιπὸν
1256 783 1282 845 ἡ
1321 781 1572 833 θάλασσα·
1617 783 1752 830 τῶνὶι
1787 787 1869 822 273
1883 785 1936 821 A·

119 864 214 931 γὰρ
250 866 647 928 καταδιωκόντων,
687 866 740 916 οὐ
775 869 871 916 τῶν
903 863 1210 928 διωκομένων,
1247 864 1271 914 ὁ
1308 862 1520 924 θάνατος,
1556 863 1631 912 καὶ
1664 863 1713 911 ἐν

120 949 304 1001 ἐκείνοις
350 947 406 1012 ἧν
448 946 567 1010 τότε,
614 950 689 998 καὶ
735 953 816 997 νῦν
860 949 934 997 ε’πῖ
980 949 1199 1012 Χριστοῦ
1246 947 1322 995 καὶ
1366 949 1461 995 τῶν
1506 944 1713 994 ἀνοσίων

54 1028 372 1081 ΙΟἸουδαίων.
442 1028 627 1098 ψάλλει
668 1029 722 1080 δέ
760 1051 853 1081 που
900 1031 975 1079 καὶ
1021 1029 1046 1078 ὁ
1093 1027 1347 1080 θεσπέσιος
1390 1027 1500 1090 ἡμῖν
1539 1025 1714 1076 Δαυείδ

121 1118 148 1141 “
176 1111 262 1176 Μή
289 1135 347 1172 με
373 1112 768 1163 καταποντισάτω
795 1111 1008 1175 καταιγῖς
1035 1110 1217 1172 ὕδατος,
1238 1108 1406 1175 λέγων,
1427 1106 1544 1172 μηδὲ
1572 1129 1714 1158 κατα-
1776 1109 1940 1184 11³31xvffi.

121 1201 148 1223 “
172 1194 315 1245 πιέτω
341 1217 398 1258 με
424 1193 611 1256 βυθός·”
640 1192 695 1245 τὸ
719 1192 1039 1261 παγχάλεπον
1066 1194 1149 1256 τῆς
1166 1191 1408 1242 Ἰουδαίων
1429 1191 1716 1255 συναγωγῆς

122 1276 428 1345 ὑπεμφαίνων
468 1276 706 1343 ναυάγιον,
745 1278 821 1326 καὶ
859 1275 913 1326 τὸ
955 1272 1047 1325 σὺν
1085 1273 1271 1327 ἐκείνοις
1316 1272 1717 1337 ἐναποπνίγεσθαι

121 1362 188 1427 τῷ
214 1361 296 1422 τῆς
322 1358 562 1424 ἀγνωσίας
586 1361 720 1427 βυθῷ
746 1356 1132 1424 παραιτούμενος.
1188 1355 1300 1406 ἀλλ’
1330 1353 1607 1420 Αἰγυπτίοις
1632 1352 1717 1418 μὲν

56 1458 102 1496 15
123 1442 197 1490 καὶ
236 1444 302 1509 τῷ
339 1442 448 1507 παρ’
483 1440 669 1494 ἐκείνοις
708 1445 968 1506 κρατοῦντι,
995 1438 1099 1489 τότε
1137 1439 1242 1504 περὶ
1280 1437 1504 1500 σώματος
1543 1437 1592 1487 ἐκ
1630 1438 1716 1501 γῆς
1736 1444 1762 1485 b

123 1522 148 1572 ὁ
181 1522 389 1575 κίνδυνος
423 1521 495 1586 ἦν,
520 1521 737 1573 Ἰουδαῖοι
776 1520 825 1571 δὲ
863 1519 1094 1573 παθόντες
1133 1524 1194 1573 εἰς
1233 1518 1292 1570 τὰ
1330 1517 1580 1584 τιμιώτερα
1621 1540 1715 1579 μει-

123 1603 264 1670 ζόνως
291 1603 585 1671 κολάζονται·
630 1607 792 1673 ψυχῆς
819 1603 913 1669 γὰρ
941 1603 1228 1667 ὑπομένουσι
1263 1601 1442 1668 ζημίαν,
1469 1598 1718 1664 ἀναλόγως

124 1692 220 1741 τοῖς
246 1688 376 1740 ἰδίοις
403 1685 766 1753 κακουργήμασι
793 1685 852 1736 τὰ
878 1686 1087 1753 ἐπίχειρα
1114 1682 1418 1749 κομιζόμενοι.
1474 1680 1721 1747 ἐκολάζετο

123 1769 209 1833 μὲν
251 1768 344 1835 γὰρ
395 1767 602 1835 εὐλόγως
647 1770 672 1819 ὁ
719 1767 911 1834 Φαραὼ,
953 1770 1251 1818 πλεονεκτεῖν
1294 1768 1357 1819 εἰς
1405 1764 1622 1815 δουλείαν
1666 1760 1721 1813 τὸ

57 1874 106 1900 20
124 1850 369 1916 ἐλεύθερον
407 1852 668 1918 ἐπιχειρῶν·
726 1853 993 1915 τιμωρεῖται
1032 1847 1079 1899 δὲ
1117 1846 1267 1899 πάλιν
1306 1847 1362 1915 ἐξ
1397 1845 1721 1914 ἀντιστρόφου

125 1934 311 1987 δικαίως
350 1934 375 1983 ὁ
406 1932 608 2000 Ἰσραὴλ
647 1931 734 1997 τὴν
774 1930 864 1983 ὑπὸ
903 1934 970 2000 τῷ
1008 1929 1200 1982 πάντων
1235 1928 1466 1996 Δεσπότῃ
1505 1928 1722 1979 δουλείαν

125 2017 208 2067 οὐκ
246 2013 587 2082 εἰσερχόμενος,
623 2015 733 2064 ἀλλ’
773 2012 888 2080 ὅπερ
928 2011 986 2077 ἧν
1025 2014 1088 2066 ὡς
1126 2013 1173 2063 ἐν
1213 2011 1403 2076 δυνάμει
1441 2010 1723 2078 πλεονεξίας

125 2097 295 2149 ἐκεῖνος
322 2095 460 2164 αὐτῷ,
481 2099 620 2145 τοῦτο
647 2096 722 2144 καὶ
750 2091 890 2147 αὐτὸς
916 2093 966 2143 ἐκ
992 2094 1180 2155 πολλῆς
1207 2089 1479 2156 ἀλαζονείας
1507 2094 1569 2144 εἰς
1597 2088 1723 2140 Θεὸν

124 2176 471 2245 εὑρισκόμενος.
1741 2197 1763 2222 ο

60 2276 108 2315 25
203 2258 493 2324 Σημειωτέον
519 2258 582 2321 δὲ,
610 2257 680 2309 ὅτι
706 2257 792 2322 τὴν
814 2256 1094 2324 Τιβεριάδος
1120 2257 1294 2321 λίμνην
1321 2254 1569 2307 θάλασσαν
1596 2257 1717 2306 ἀπο·

128 2347 278 2402 καλεῖ,
320 2346 416 2395 τοῖς
456 2344 538 2405 τῆς
580 2341 705 2394 θείας
746 2342 938 2406 γραφῆς
979 2339 1202 2402 ἑπόμενος
1243 2338 1424 2404 λόγοις·
1469 2344 1496 2366 “
1523 2336 1582 2388 τὰ
1627 2335 1721 2402 γὰρ
1783 2338 1905 2413 (ἔξω

129 2432 157 2454 “
183 2422 474 2488 συστήματα
518 2427 613 2474 τῶν
659 2422 841 2473 ὑδάτων
886 2420 1176 2475 θαλάσσας”
1225 2419 1453 2471 ἐκάλεσεν
1498 2421 1522 2470 ὁ
1561 2424 1718 2482 Δημι-

130 2505 315 2573 ουργός·
359 2508 608 2574 ἀδιαφορεῖ
630 2504 678 2555 δὲ
703 2503 940 2557 πολλάκις
967 2506 1043 2554 καὶ
1075 2505 1099 2554 ὁ
1132 2503 1263 2570 παρὰ
1298 2508 1394 2555 τοῖς
1427 2502 1518 2570 ἔξω
1556 2502 1722 2566 λόγος,

132 2591 194 2642 ὡς
229 2589 304 2637 καὶ
341 2587 513 2651 λίμνην
539 2587 644 2637 ἔσθ’
675 2585 751 2637 ὅτε
789 2585 875 2650 τὴν
902 2584 1167 2636 θάλασσαν
1193 2582 1434 2650 ὀνομάζειν
1461 2585 1513 2634 οὐ
1548 2606 1721 2649 παραι-

64 2692 114 2729 30
132 2670 321 2720 τεῖσθαί
343 2691 487 2722 τινας.

181 2776 214 2805 4.
241 2764 287 2808 τῷ
306 2767 531 2805 assumptum
548 2773 588 2796 ex
611 2761 652 2795 B.
751 2770 782 2806 7.
809 2759 1020 2806 καταπνίξει]
1041 2761 1094 2794 καὶ
1111 2758 1220 2802 πνίξει
1239 2759 1286 2793 D.
1396 2758 1428 2792 8.
1456 2757 1727 2791 καταδιωκόντων

136 2810 178 2844 B.
198 2810 387 2843 διωκόντων
406 2808 472 2842 Ed.
631 2819 685 2843 10.
712 2807 804 2852 ἡμῶν
822 2808 865 2842 Β.
1030 2818 1084 2841 ΙΙ.
1108 2806 1220 2851 λέγων
1236 2817 1307 2840 om.
1327 2805 1370 2839 Β.
1437 2804 1564 2839 Statim
1581 2802 1663 2848 μήτε
1683 2803 1726 2837 Β.

139 2867 262 2899 12-14.
289 2857 328 2890 τὸ
351 2854 890 2900 παγχάλεπον-παραιτούμενος
907 2855 1016 2888 citant
1040 2854 1189 2887 Niketae
1214 2859 1248 2886 et
1272 2852 1490 2897 aliorumque
1515 2850 1666 2884 Catenae
1692 2851 1728 2884 in

138 2903 197 2938 ΡΞ.
210 2902 320 2937 lxviii.
336 2901 416 2936 vide
435 2902 522 2935 Maii
540 2901 631 2936 Bibl.
648 2902 742 2936 Nov.
761 2902 808 2935 iii.
823 2912 892 2947 393
906 2901 981 2935 init.
1084 2901 1136 2933 18.
1164 2897 1275 2943 ἰδίοις]
1291 2898 1468 2933 Ἰουδαίοις
1485 2897 1670 2942 αἰγυπτίων
1685 2896 1728 2931 Β.

137 2950 178 2984 τὰ
196 2961 266 2984 om.
288 2949 330 2983 Β.
448 2959 500 2994 19.
517 2949 583 2994 γὰρ
602 2959 672 2983 om.
695 2948 737 2982 B.
847 2959 902 2982 22.
921 2947 960 2990 ἧν
977 2948 1020 2983 ὡς
1039 2945 1089 2991 ἐν]
1111 2946 1230 2989 ἦνυσαι
1250 2945 1291 2979 Β.
1391 2953 1445 2989 25.
1465 2944 1665 2989 Τιβεριάδος
1685 2943 1727 2977 Β.

138 2996 319 3042 Τιβεριάδα
338 2995 405 3030 Ed.

882 3055 901 3094 3
928 3054 947 3080 F
973 3053 992 3080 2
