2084 3317
137 159 189 199 iv.
212 160 362 215 28-30.
399 159 474 200 IN
516 159 556 200 S.
591 157 927 199 JOANNEM.
989 157 1113 197 LIB.
1148 155 1207 195 II.
1270 154 1404 195 CAP.
1429 153 1481 191 V.
1641 152 1724 190 289

136 270 212 319 καὶ
238 268 408 330 ἀμείνω
441 267 500 319 τά
533 266 663 333 παρὰ
689 270 814 318 Θεοῦ
842 265 1116 334 ληψόμεθα.
1171 267 1218 315 τί
1251 262 1344 329 γὰρ
1380 263 1503 326 ὕδωρ
1538 258 1592 310 τὸ
1629 258 1723 309 ἀπὸ

136 352 218 413 τῆς
245 352 344 416 γῆς,
370 351 432 403 ὡς
456 348 575 416 πρὸς
600 348 686 413 τὴν
712 349 890 400 ἀνωθεν
917 347 1145 408 σύνεσιν;

155 492 229 533 Καὶ
267 493 379 540 λέΓει
416 490 504 534 τοῖς
543 491 789 549 ἀνθρώποις
825 493 959 533 Δεῦτε
999 489 1112 532 ἴδετε
1151 490 1381 546 ἄνθρωπον
1420 489 1467 530 δε
1505 482 1598 527 εἶπέ
1636 500 1705 533 μοι

318 576 458 617 Πάντα
496 577 521 617 ἃ
559 576 757 618 ὲΠοίΗσα·
813 577 914 625 μιέτι
951 573 1075 617 οὗτός
1112 575 1225 616 ἐστιν
1265 572 1286 615 ὃ
1325 570 1530 629 Χριστὸε;

94 698 116 736 5
203 682 270 734 *Q
302 684 577 753 παραδόξου
610 687 896 748 μεταβολῆς,
923 681 959 733 ὦ
993 681 1205 748 μεγάλης
1238 681 1383 733 ὅντως
1416 682 1491 730 καὶ
1529 682 1721 742 θεοπρε-

136 771 254 819 ποῦς
296 765 461 834 ἰσχύος
504 767 572 817 ἐπ’
614 767 800 836 ἀῤῥήτῳ
846 769 1105 833 διαφανοῦς
1145 769 1211 833 τῷ
1256 762 1472 826 θαύματι.
1531 764 1727 827 τεχνῖτις

137 848 226 913 ἤδη
251 847 371 915 πρὸς
396 848 570 914 λόγους
599 850 673 898 καὶ
700 846 1032 913 μυσταγωγὸς,
1061 847 1088 910 ἡ
1116 851 1334 897 συνιεῖσα
1365 843 1450 907 μὲν
1476 842 1606 893 οὐδὲν
1632 845 1726 891 τῶν

137 932 186 981 ἐν
212 933 334 998 ἀρχῇ
363 931 646 996 λεγομένων,
668 929 743 980 διὰ
769 929 816 980 δὲ
845 935 982 980 τοῦτο
1010 931 1195 981 δικαίως
1221 927 1475 978 ἀκούσασα
1495 924 1727 989 α“’Υπαγε

138 1019 165 1041 “
193 1011 422 1082 φώνησόν
448 1034 539 1063 σου
566 1011 649 1063 τὸν
676 1011 825 1078 ἄνδρα
851 1012 926 1062 καὶ
954 1010 1062 1062 ε’λθὲ
1088 1009 1295 1061 ἐνθάδε.”
1351 1008 1438 1074 ὅρα
1473 1006 1567 1073 γὰρ
1602 1006 1729 1058 ὅπως

70 1113 118 1139 10
137 1094 360 1162 ἐντέχνως
385 1091 472 1158 τὴν
497 1092 615 1161 πρὸς
643 1093 938 1160 Σαμαρείτας
972 1095 1168 1144 ἐποιεῖτο
1203 1091 1426 1159 διάλεξιν.
1481 1091 1562 1139 οὐκ
1597 1087 1730 1139 εὐθὺς

137 1175 374 1242 εὑρηκέναι
412 1178 536 1245 φησὶ
573 1174 656 1227 τὸν
692 1175 920 1242 Χριστὸν,
962 1175 1065 1226 οὐδὲ
1104 1176 1151 1225 ἐν
1190 1174 1394 1239 πρώτοις
1433 1173 1588 1225 αὐτοῖς
1628 1174 1727 1221 εἱσ-

139 1258 270 1327 φέρει
308 1259 626 1324 διηγήσ[εσ]ιν
664 1256 746 1309 τὸν
783 1257 992 1320 Ἰησοῦν·
1058 1254 1086 1321 ὴ
1126 1255 1220 1323 γὰρ
1260 1255 1317 1306 ἂν
1357 1258 1431 1305 καὶ
1471 1252 1731 1314 διεπτύσθη

139 1341 337 1403 δικαίως,
388 1342 451 1393 ὡς
499 1339 625 1391 πολὺ
676 1339 761 1403 μὲν
809 1339 862 1390 τὸ
914 1339 1084 1404 μέτρον
1135 1343 1230 1389 τῶν
1281 1338 1398 1404 αὐτῇ
1452 1334 1731 1402 πρεπόντων

139 1422 466 1483 ἀναβαίνουσα
510 1421 684 1487 λόγων,
730 1423 813 1472 οὐκ
857 1423 1074 1486 ἀγνῶτας
1119 1419 1167 1471 δὲ
1219 1424 1313 1470 τῶν
1358 1420 1500 1482 αὐτῆς
1543 1416 1731 1483 τρόπων

71 1515 118 1554 15
138 1503 246 1559 τοὺς
277 1504 597 1571 ἀκροωμένους
629 1503 929 1570 εὑρίσκουσα.
980 1502 1358 1572 προεξευμαρίζει
1392 1506 1641 1566 τοιγαροῦν
1666 1503 1732 1569 τῷ

140 1585 357 1650 θαύματι,
409 1588 483 1637 καὶ
536 1590 603 1656 τῷ
659 1584 918 1655 παραδόξῳ
974 1583 1440 1652 προκαταπλήξασα,
1494 1582 1732 1649 λειοτέραν

138 1667 302 1735 ὥσπερ
346 1672 405 1735 τῇ
449 1668 607 1719 πίστει
654 1667 739 1731 τὴν
784 1666 894 1719 ὁδὸν
938 1665 1261 1733 ἀπεργάζεται.
1330 1663 1446 1717 δεῦτε
1497 1667 1573 1716 καὶ
1625 1663 1740 1716 ἴδετε

140 1754 264 1817 φησι
303 1755 524 1812 συνετῶς,
565 1751 815 1817 μονονουχὶ
855 1750 1153 1815 θερμοτέραις
1191 1753 1361 1809 βοῶσα
1405 1752 1583 1815 φωναῖς
1620 1749 1732 1813 Ἀρ-

140 1832 267 1883 κέσει
319 1834 394 1883 καὶ
444 1832 564 1896 μόνη
614 1831 734 1898 πρὸς
785 1832 951 1882 πίστιν
1002 1832 1030 1895 ἡ
1087 1831 1184 1893 θέα,
1236 1833 1310 1881 καὶ
1366 1828 1733 1897 πληροφορήσει

71 1935 120 1960 20
139 1914 375 1980 παρόντας
415 1913 805 1983 ἀξιολογωτέροις
843 1919 939 1967 τοῖς
977 1912 1230 1976 θαύμασιν.
1287 1914 1311 1963 ὁ
1351 1912 1445 1978 γὰρ
1484 1912 1735 1977 γινώσκων

139 1996 198 2049 τὰ
239 1998 543 2065 κεκρυμμένα,
583 1998 658 2047 καὶ
706 1995 760 2047 τὸ
801 1996 923 2061 μέγα
962 2002 1101 2047 τοῦτο
1141 1999 1215 2046 καὶ
1256 1993 1508 2061 θεοπρεπὲς
1548 1994 1734 2062 ἀξίωμα

140 2079 318 2147 λαχὼν,
368 2084 470 2133 πῶς
522 2081 604 2130 οὐκ
656 2079 712 2148 ἐξ
759 2079 914 2145 οὐρίας
966 2082 1207 2145 δραμεῖται
1256 2076 1374 2145 πρὸς
1426 2076 1511 2141 τὴν
1562 2074 1627 2127 ῶν
1677 2077 1734 2127 ἂν

139 2162 364 2222 βούλοιτο
401 2161 687 2228 πλήρωσιν;

290 2299 503 2344 Ἐἓιῖιλθον
541 2301 588 2342 ἐκ
625 2305 698 2342 τῆς
736 2301 922 2351 Πόλεως,
964 2300 1031 2341 καὶ
1069 2300 1252 2357 ἤρχοντο
1291 2299 1398 2357 Πρὸς
1438 2299 1582 2342 αὐτόν.

72 2424 120 2461 25
206 2406 449 2475 ’Έλεγχος
499 2411 582 2472 τῆς
629 2407 867 2459 Ἰουδαίων
918 2409 1299 2475 σκληροκαρδίας
1347 2408 1376 2471 ἡ
1430 2410 1733 2472 Σαμαρειτῶν

140 2490 380 2552 εὐπείθεια,
424 2493 499 2540 καὶ
549 2489 603 2540 τὸ
655 2493 702 2541 ἐν
746 2491 932 2544 ε’κείνοις
984 2490 1305 2556 ἀπάνθρωπον
1349 2492 1397 2540 ἐν
1447 2493 1505 2556 τῇ
1555 2487 1733 2538 τούτων

140 2570 390 2638 ἡμερότητι
429 2573 734 2640 διαφαίνεται.
787 2574 862 2623 καὶ
901 2570 1054 2639 ὀράτω
1093 2572 1240 2624 πάλιν
1277 2573 1300 2622 ὁ
1342 2569 1613 2640 φιλομαθὴς
1651 2573 1734 2635 τῆς

141 2655 190 2704 ἐν
229 2655 408 2721 ἀμφοῖν
446 2653 585 2722 ἕξεως
629 2654 715 2718 τὴν
753 2653 1000 2724 διαφορὰν,
1038 2654 1114 2705 ἵνα
1155 2653 1211 2718 δὴ
1253 2655 1329 2704 καὶ
1372 2652 1506 2716 μάλα
1547 2653 1733 2707 δικαίως

193 2786 223 2810 1.
249 2776 291 2810 τὰ
308 2781 530 2821 assumptum
550 2788 590 2810 ex
611 2776 653 2811 B.
798 2788 830 2812 2.
857 2778 901 2813 ὡς
919 2790 988 2812 om.
1010 2778 1051 2812 B.
1203 2788 1238 2822 3.
1263 2791 1319 2820 μοι
1337 2782 1557 2821 assumptum
1577 2788 1618 2810 ex
1638 2776 1729 2811 RD.

142 2835 177 2865 4.
202 2822 223 2856 ἃ
244 2823 285 2857 Β.
304 2822 371 2857 ὅσα
389 2823 457 2857 Ed.
569 2823 605 2858 6.
631 2825 774 2869 τεχνῖτις
795 2824 886 2859 B.D.
904 2825 1059 2869 τεχνίτης
1076 2823 1144 2858 Ed.
1257 2835 1309 2857 11.
1336 2823 1449 2858 αὐτοῖς
1469 2823 1510 2857 Β.
1529 2824 1646 2867 ἑαυτῆς
1666 2823 1732 2858 Ed.

147 2878 200 2915 17.
227 2872 267 2913 τῇ
285 2870 401 2904 πίστει
419 2869 477 2913 τὴν
495 2869 589 2915 ὁδὸν]
610 2870 669 2914 τὴν
685 2871 802 2905 πίστιν
818 2872 877 2915 τὴν
895 2871 978 2915 ὅλην
998 2871 1039 2905 Β.
1151 2871 1202 2904 18.
1230 2869 1376 2915 φωναῖς]
1397 2870 1526 2913 θερμῶς
1543 2872 1672 2915 φωναῖς
1692 2870 1733 2904 Β.

145 2927 200 2950 22.
220 2916 258 2961 ἐξ
276 2916 390 2961 οὐρίας
411 2916 450 2951 Β.
470 2916 507 2960 ἐξ
525 2917 678 2961 ἐξουρίας
697 2917 763 2952 Ed.
823 2919 909 2961 πρὸς
926 2916 1001 2962 τὴν]
1021 2932 1147 2961 προσιν
1165 2918 1176 2960 (
1191 2933 1219 2943 =
1239 2918 1324 2960 πρὸς
1342 2916 1420 2960 ἣνῖ)
1443 2917 1481 2951 Β.
1580 2929 1633 2962 23.
1651 2917 1734 2958 βού-

143 2965 238 2997 λεται
259 2963 300 2997 Β.
445 2974 500 3005 24.
528 2964 689 3009 ἐξῆλθον]
714 2970 749 3005 —†-
772 2964 830 2999 οὖν
850 2965 914 2998 Ed.
934 2965 1043 2998 invito
1066 2965 1105 2998 Β.
1252 2974 1305 3008 27.
1332 2964 1390 3007 τὴν
1409 2976 1470 3008 pro
1488 2966 1544 3007 τῆς
1567 2965 1609 2999 D.

203 3030 294 3057 VOL.
319 3031 345 3058 Ῐ.
911 3033 930 3057 l>
953 3036 978 3073 p

1747 499 1793 533 29

1747 848 1774 889 d

1792 922 1897 961 Supra

1793 976 1858 995 vor.
1878 975 1888 995 1
1896 964 1927 995 6.

1752 2246 1771 2269 a
1807 2237 1888 2270 195
1907 2235 1958 2270 A.
