2084 3317
341 179 425 218 266
745 176 794 216 B.
829 175 1102 216 CYRILLI
1144 175 1524 216 AIAEXANDR.
1816 173 1869 214 iv.
1889 173 1927 214 6.

342 284 539 349 ἀπαθὴς,
570 285 757 350 ἐπείπερ
795 283 1042 349 ἄνθρωπος
1082 284 1287 348 γέγονεν,
1321 285 1345 334 ὁ
1385 288 1553 334 κοπιᾶν
1587 282 1652 346 μὴ
1691 281 1926 350 πεφυκώς·

344 368 491 420 οὕτως
527 366 567 416 εἴ
594 389 637 417 τι
674 369 747 416 καὶ
776 366 909 429 λέγοι
937 369 1031 414 τῶν
1058 364 1152 414 ὅσα
1179 363 1235 427 δὴ
1262 366 1456 430 πρέπειν
1483 364 1717 432 ἀνθρώπῳ
1743 367 1934 426 μᾶλλον

346 446 606 512 οἰησόμεθα
632 450 739 508 δεῖν,
766 451 839 496 καὶ
867 447 948 495 οὐκ
976 447 1065 510 ἄρα
1093 450 1160 514 τῷ
1189 449 1311 513 Θεῷ,
1338 446 1402 508 μὴ
1430 446 1750 514 λεξιθηρῶμεν
1777 442 1931 503 εὐθὺς,

300 537 327 578 d
347 528 462 593 μηδὲ
493 528 569 579 ὅτε
601 527 817 590 μάλιστα
845 526 1007 593 τέχνης
1034 526 1143 589 ἡμῖν
1168 530 1250 589 τῆς
1278 530 1340 580 εἷς
1367 527 1608 587 εὐσέβειαν
1636 530 1718 587 δεῖ,
1748 524 1851 576 τότε
1876 523 1935 587 ,δὴ

346 608 663 676 διαφερόντως
705 609 1040 671 ἀμαθαίνοντες
1086 608 1410 670 ἀλισκώμεθα,
1448 607 1531 658 τὸν
1569 607 1654 671 μὲν
1692 611 1774 671 τῆς
1817 604 1978 670 μετὰ5

344 691 522 755 σαρκὸς
576 690 838 750 οἰκονομίας
889 691 950 741 ὡς
1001 686 1291 755 ποῤῥωτάτω
1339 688 1606 750 ποιούμενοι
1659 688 1819 753 λόγον,
1864 688 1932 738 ἐπ’

344 771 489 835 αὐτὴν
524 771 572 822 δὲ
611 775 792 836 θερμῶς
827 771 1160 829 ἀναβαίνοντες
1197 770 1282 834 τὴν
1315 776 1398 821 τοῦ
1428 769 1587 836 Λόγου
1622 769 1833 833 θεότητα,
1861 772 1936 819 καὶ

343 858 438 904 τῶν
471 852 586 919 ὑπὲρ
622 852 742 916 ἡμᾶς
778 851 1075 917 πραγμάτων
1110 853 1160 902 ἐκ
1195 855 1385 915 πολλῆς
1422 855 1505 915 τῆς
1543 852 1744 913 ἀμαθίας
1783 848 1928 901 ἁπτό-

344 958 488 998 μενοι.
552 938 589 985 εἰ
628 934 712 999 μὲν
746 932 840 999 γὰρ
880 933 1002 986 ὅλως
1042 935 1095 984 οὐ
1135 934 1471 1000 κεχρημάτικεν
1507 933 1765 999 ἅνθρωπος,
1796 935 1833 982 εὶ
1871 929 1936 995 μὴ

345 1017 540 1083 γέγονεν
566 1018 614 1067 ἐν
639 1020 697 1083 τῇ
734 1021 816 1066 τοῦ
854 1015 1028 1065 δούλου
1062 1018 1240 1083 μορφῇ,
1268 1019 1577 1081 θορυβεῖσθαι
1610 1015 1797 1076 δίκαιον,
1825 1013 1938 1064 ὅταν
1964 1037 2009 1062 10

307 1124 328 1150 e
346 1122 389 1149 τι
416 1098 534 1165 λέγῃ
561 1096 893 1162 δουλοπρεπὲς,
915 1099 1214 1147 ἀπαιτεῖσθαι
1241 1097 1288 1148 δὲ
1312 1102 1502 1160 μᾶλλον
1530 1097 1685 1148 πάντα
1713 1095 1831 1146 κατὰ
1857 1095 1940 1146 τὸν
2050 1100 2066 1105 “

346 1180 590 1245 πρέποντα
615 1183 681 1248 τῷ
709 1181 816 1248 Θεῷ
845 1177 1007 1243 λόγον·
1065 1183 1101 1229 εἰ
1130 1177 1179 1228 δὲ
1206 1179 1474 1245 σωζόμενον
1501 1182 1549 1229 ἐν
1575 1180 1733 1229 πίστει
1767 1178 1940 1246 βεβαίᾳ

347 1265 423 1313 καὶ
474 1260 817 1312 ἀνενδοιάστως
868 1258 1242 1324 τεθαρσήκαμεν,
1295 1260 1365 1310 ὅτι
1416 1259 1536 1311 κατὰ
1586 1260 1671 1324 τὴν
1719 1259 1940 1310 Ἰωάννου

122 1346 229 1428 {21³OE
245 1345 265 1375 i·
346 1343 511 1413 φωνήν
545 1344 653 1393 “‘O
690 1343 847 1407 Λόγος
885 1340 1019 1409 σὰρξ
1055 1341 1235 1406 ἐγένετο
1275 1343 1352 1392 καὶ
1392 1341 1665 1406 ἐσκήνωσεν
1703 1344 1750 1392 ἐν
1785 1340 1938 1404 ἡμῖν,”

346 1425 460 1476 ὅταν
501 1424 601 1492 ἰ’δῃς
647 1426 710 1477 ὡς
754 1421 913 1489 σάρκα
961 1428 1219 1486 λαλοῦντα,
1264 1423 1507 1474 τουτέστιν
1553 1427 1614 1477 ὡς
1666 1424 1935 1489 ἄνθρωπον,
1964 1441 2010 1478 15

345 1506 481 1574 δέχου
515 1506 633 1571 πρὸς
669 1505 945 1574 ἀσφάλειαν
977 1510 1060 1555 τοῦ
1099 1504 1398 1570 κηρύγματος
1434 1505 1517 1556 τὸν
1551 1505 1784 1574 ἀνθρώπῳ
1819 1504 1937 1570 πρέ-

344 1611 496 1640 ποντα
523 1587 686 1653 λόγον.
740 1588 793 1638 οὐ
820 1585 914 1652 γὰρ
939 1584 997 1650 ἧν
1024 1586 1187 1652 ἑτέρως
1220 1588 1472 1653 ἐπιγνῶναι
1507 1591 1693 1655 σαφῶς,
1721 1586 1791 1638 ὅτι
1818 1585 1940 1639 Θεὸς

345 1669 409 1720 ῶν
448 1672 522 1720 καὶ
564 1668 734 1734 Λόγος,
777 1669 970 1734 γέγονεν
1011 1669 1270 1734 ἄνθρωπος,
1312 1672 1347 1719 εἱ
1393 1668 1459 1734 μή
1506 1692 1550 1720 τι
1593 1671 1668 1719 καὶ
1708 1664 1873 1720 παθεῖν
1915 1669 1940 1718 ὁ

347 1751 547 1816 ἀπαθὴς,
575 1754 649 1801 καὶ
676 1751 898 1815 λαλῆσαί
920 1774 963 1800 τι
990 1750 1209 1801 ταπεινὸν
1236 1751 1260 1800 ὁ
1288 1749 1476 1820 ὑψηλὸς
1503 1752 1850 1818 ἀναγέγραπτο.

125 1904 203 1938 179
223 1902 274 1936 Α.
309 1911 330 1935 a
910 1893 1027 1949 “on
1068 1890 1117 1934 ἦν
1158 1894 1218 1934 ὡς
1256 1896 1371 1935 ἕκτΗ.
1964 1909 2012 1932 20

423 1989 721 2056 Εὐαφόρμως
746 1991 819 2040 ἐπὶ
846 1994 902 2057 τῇ
931 1994 1063 2057 πηγῇ
1090 1991 1387 2040 καταλύοντα
1414 1991 1603 2041 δεικνύει
1628 1990 1709 2041 τὸν
1736 1992 1939 2055 Ἰησοῦν.

348 2071 485 2135 ἡλίου
512 2071 604 2138 γὰρ
632 2071 951 2135 ἀκμαιοτάτην
978 2071 1072 2122 ἀπὸ
1099 2071 1261 2134 μέσων
1288 2073 1477 2140 ἀψίδων
1503 2077 1598 2125 τοῖς
1631 2075 1705 2123 ἐπὶ
1740 2075 1820 2136 τῆς
1854 2076 1943 2138 γῆς

348 2151 434 2216 τὴν
479 2155 644 2204 ἀκτῖνα
689 2152 1009 2220 καταχέοντος,
1056 2157 1131 2203 καὶ
1177 2153 1395 2218 ἀκράτοις
1441 2152 1498 2204 τὰ
1543 2153 1746 2217 σώματα
1791 2177 1939 2205 κατα-

351 2235 615 2302 φλέγοντος
649 2239 833 2297 βολαῖς,
861 2234 915 2285 τὸ
952 2234 1036 2297 μὲν
1070 2234 1135 2285 ε”τι
1175 2235 1344 2300 πρόσω
1379 2236 1582 2302 βαδίζειν
1608 2237 1691 2286 οὐκ
1727 2235 1938 2300 ἀζήμιον,

350 2315 405 2367 τὸ
441 2316 488 2367 δὲ
526 2318 816 2368 ἀναπνεῦσαι
851 2316 1010 2383 βραχὺ
1044 2320 1235 2380 μᾶλλον
1268 2316 1323 2380 ἦν
1355 2316 1739 2384 ἀκολουθότερον,
1774 2318 1848 2369 ὅτε
1884 2317 1940 2382 δὴ
1964 2343 2012 2381 25

350 2398 568 2461 μάλιστα
595 2400 670 2448 καὶ
698 2397 783 2461 τὴν
810 2400 883 2449 ἐπὶ
910 2403 1110 2466 τρυφαῖς
1137 2398 1287 2448 αἰτίαν
1311 2400 1481 2467 ῥᾳδίως
1512 2398 1569 2449 ἂν
1595 2400 1938 2465 ἀπεκρούσατο,

353 2486 515 2546 καιροῦ
551 2485 634 2530 τοῦ
671 2479 931 2546 πρέποντος
967 2484 1346 2545 συνηγοροῦντος
1380 2484 1446 2549 τῷ
1481 2480 1741 2546 πράγματι.
1807 2482 1943 2545 ἕκτην

310 2570 337 2610 b
356 2561 398 2612 δ’
428 2563 510 2611 οὐκ
547 2563 767 2627 ἀκριβῶς,
795 2560 906 2611 ἀλλ’
935 2563 991 2616 ὡς
1017 2560 1147 2621 ἕκτην
1173 2559 1285 2611 εῖναι
1313 2561 1398 2625 τὴν
1428 2561 1544 2628 ὥραν
1573 2565 1736 2632 φησὶν,
1762 2563 1838 2614 ἵνα
1868 2567 1944 2614 καὶ

402 2706 434 2739 3.
460 2695 611 2738 ἀκράτως
628 2706 692 2739 pro
709 2695 772 2738 ἄρα
790 2697 835 2741 τῷ
856 2695 898 2729 Β.
1018 2694 1249 2738 λεξιθηρῶμεν
1265 2694 1359 2729 edidi
1377 2707 1418 2729 ex
1437 2695 1504 2729 Ed.
1524 2707 1593 2740 mg.
1611 2696 1860 2741 λεξειθηρῶμεν
1878 2696 1944 2730 Ed.

355 2745 377 2759 “
393 2741 710 2785 31.λεξιθηρῶμεν”
730 2741 796 2775 Ed.
816 2754 887 2786 mg.
906 2741 1209 2787 λεξιθηριωμένοῦς
1228 2741 1358 2785 (Sic)B
1527 2753 1580 2777 ΙΙ.
1605 2743 1821 2778 ἀπαιτεῖσθαι
1839 2743 1944 2777 edidi,

354 2788 552 2821 ἀπαιτεῖσθε
573 2788 613 2821 Β.
633 2788 840 2822 ἀπαιτεῖσθω
862 2787 926 2821 Ed.
992 2789 1127 2832 μᾶλλον
1144 2799 1213 2821 om.
1234 2788 1276 2822 B.
1494 2799 1546 2823 12.
1573 2791 1619 2835 τῷ
1637 2801 1708 2824 om.
1730 2789 1770 2824 B.
1837 2791 1944 2832 σωζό-

355 2833 472 2879 μενον]
493 2835 645 2878 σώζομεν
663 2834 717 2877 Β.,
738 2834 798 2868 sed
817 2835 862 2869 Cf.
880 2836 918 2868 τὸ
938 2834 972 2868 ἐν
990 2834 1109 2868 ἐλπίσι
1129 2835 1320 2878 σωζόμενον
1337 2835 1426 2869 infra
1447 2846 1509 2880 192
1523 2835 1557 2869 d.
1681 2847 1734 2881 19.
1760 2851 1792 2870 τι
1808 2848 1879 2870 om.
1901 2836 1943 2870 Β.

354 2880 589 2925 ἀνηγέγραπτο
609 2881 655 2914 D
675 2881 925 2926 ἀναγεγραπται
946 2881 986 2914 Β.
1006 2880 1236 2925 ἀνεγέγραπτο
1258 2881 1323 2915 Ed.
1571 2893 1625 2916 20.
1651 2883 1694 2918 ὡς
1714 2883 1756 2916 Β.
1775 2883 1858 2917 ὡσεὶ
1876 2882 1942 2916 Ed.

357 2936 410 2970 25.
436 2928 546 2970 βραδυ
566 2927 607 2960 Β.
735 2938 789 2972 27.
816 2926 1005 2973 πράγματι]
1026 2928 1264 2972 προστάγματι
1285 2928 1325 2962 Β.
1449 2929 1503 2963 28.
1531 2929 1614 2963 ὡσεὶ
1631 2941 1661 2963 a.
1682 2929 1821 2963 Desunt
1838 2929 1943 2963 verba

357 2972 426 3006 duo
445 2974 551 3007 triave
569 2974 603 3007 in
624 2973 729 3007 C01d.
