2084 3317
143 250 237 281 Infra
253 252 306 281 vii.

145 304 185 333 34
197 305 204 328 ;
229 305 296 325 vm.

147 346 196 367 21.

140 738 224 770 Hos.
239 740 303 771 xiv,

141 792 172 824 9.

141 1257 191 1288 ΙΙ).
209 1257 241 1288 ii.
261 1257 291 1289 6.

366 149 449 189 402
770 149 818 190 B.
853 148 1130 190 CYRILLI
1169 148 1550 190 ALEXANDR.
1835 149 1890 189 vi.
1914 161 1948 189 1.

370 255 669 322 εὑρεθήσεται
697 265 722 286 “
746 256 993 322 Ζητήσετέ
1020 281 1092 321 με,
1120 260 1195 308 καὶ
1220 258 1307 325 οὐχ
1332 258 1567 324 εὑρήσετε,
1593 259 1668 308 καὶ
1705 257 1822 308 ὅπου
1858 256 1951 322 ἐγὼ

370 344 397 366 “
423 337 589 403 ὑπάγω
629 341 755 402 ὑμεῖς
793 340 846 389 οὐ
885 338 1090 390 δύνασθε
1128 340 1327 390 ἐλθεῖν.”
1380 340 1597 403 λειοτάτη
1633 337 1717 403 μὲν
1748 338 1842 405 γὰρ
1876 340 1952 390 καὶ

321 423 347 463 b
367 418 640 486 εὐπόρευτος
666 423 742 471 καὶ
770 418 899 471 οὐδὲν
922 421 1100 488 ἔχουσα
1127 420 1180 471 τὸ
1207 419 1357 488 τραχὺ
1382 426 1478 475 τοῖς
1505 421 1580 472 διὰ
1604 423 1810 475 πίστεως
1835 419 1953 487 πρὸς

367 501 509 551 αὐτὸν
539 505 691 552 ἰοῦσιν
724 503 750 565 ἡ
786 501 862 552 διὰ
900 505 982 565 τῆς
1021 502 1318 566 δικαιοσύνης
1355 502 1475 566 ὁδὸς,
1501 502 1868 570 ἐκτετραχυμένη
1905 501 1953 553 δὲ

368 585 442 632 καὶ
469 582 682 647 ἀνάντης,
701 588 890 646 μᾶλλον
911 582 959 634 δὲ
986 583 1062 634 καὶ
1086 583 1348 638 ἀδιόδευτος
1374 589 1620 639 παντελῶς
1643 590 1738 638 τοῖς
1767 606 1949 650 παρορ-
1972 598 1994 636 5

367 663 577 730 γίζουσιν
608 664 763 727 αὐτὸν,
789 664 910 716 κατὰ
943 663 997 716 τὸ
1035 665 1274 732 εἰρημένον
1305 667 1359 717 δι’
1389 665 1489 720 ἑνὸς
1522 671 1617 718 τῶν
1650 668 1797 732 ἁγίων
1827 689 1946 732 προ-

368 749 533 813 φητῶν
579 753 606 775 “
627 745 765 797 Διότι
815 747 985 798 εὐθεῖαι
1035 750 1082 797 αἱ
1133 748 1231 798 ὁδοὶ
1282 753 1364 798 τοῦ
1418 748 1610 814 Κυρίου,
1661 751 1736 799 καὶ
1789 749 1954 798 δίκαιοι

367 834 395 858 “
419 827 735 894 πορεύσονται
779 829 827 879 ἐν
871 829 1045 890 αὐταῖς,
1091 831 1133 879 οἱ
1178 827 1227 879 δὲ
1272 830 1461 890 ἀσεβεῖς
1505 828 1862 894 ἀσθενήσουσιν
1905 830 1954 879 ἐν

366 916 394 939 “
420 910 628 964 αὐταῖς.”
687 911 853 961 οὐκοῦν
903 909 957 962 τὸ
1010 909 1274 975 δυσήνυτον
1317 910 1493 977 ὥσπερ,
1538 916 1729 974 μᾶλλον
1780 910 1827 962 δὲ
1878 912 1952 960 καὶ

368 990 614 1055 ἀνήνυτον,
643 996 739 1046 τοῖς
764 993 1019 1055 Ἰουδαίοις,
1050 995 1132 1056 τῆς
1168 994 1230 1046 ὡς
1264 993 1334 1044 ἐπ’
1364 993 1506 1044 αὑτὸν
1533 993 1781 1057 νοουμένης
1820 994 1949 1054 ὁδοῦ,
1976 1013 2024 1038 10

326 1073 420 1124 οτὸ
456 1073 634 1143 μεταξὺ
668 1077 749 1139 τῆς
784 1074 1041 1140 θαλάσσης
1077 1075 1416 1139 κατασημαίνει
1452 1074 1706 1140 διάστημα,
1741 1076 1839 1126 ἐπεὶ
1877 1075 1953 1125 καὶ

365 1158 448 1219 τῆς
500 1155 837 1221 δυσσεβούσης
886 1159 1047 1224 ψυχῆς
1098 1154 1414 1225 ἀναφράττειν
1464 1157 1815 1223 ἐπαγγέλλεται
1869 1156 1954 1211 τὰς

365 1235 501 1290 ὁδοὺς
538 1239 586 1288 ἐν
623 1237 892 1305 προφήταις
932 1239 956 1288 ὁ
997 1236 1119 1291 Θεὸς
1159 1237 1313 1304 λέγων
1351 1245 1379 1268 ‘⁶
1400 1237 1496 1289 Διά
1537 1244 1677 1289 τοῦτο
1722 1236 1820 1289 ἱδοὺ
1860 1237 1954 1303 ἐγὼ

364 1326 391 1348 “
418 1317 632 1387 φράσσω
659 1318 745 1382 τὴν
773 1318 881 1370 ὁδὸν
907 1320 1049 1383 αὐτῆς
1075 1321 1122 1370 ἐν
1149 1318 1368 1389 σκόλοψι
1401 1322 1475 1370 καὶ
1511 1320 1596 1384 τὴν
1622 1321 1787 1387 τρίβον
1812 1321 1954 1384 αὐτῆς

363 1408 391 1431 “
418 1402 471 1452 οὐ
509 1402 574 1465 μὴ
613 1402 769 1469 εὕρῃ.”
823 1401 939 1467 ὅπερ
973 1402 1054 1452 οὖν
1086 1402 1134 1452 ἐν
1160 1402 1345 1456 ἐκείνοις
1379 1401 1579 1466 ἐδήλουν
1611 1405 1653 1453 οἱ
1689 1401 1948 1466 σκόλοπες,
1975 1421 2022 1459 15

362 1488 501 1534 τοῦτο
529 1485 604 1534 καὶ
631 1485 679 1534 ἐν
705 1483 885 1538 τούτοις
912 1484 939 1548 ἡ
965 1482 1200 1534 θάλασσα
1227 1488 1320 1535 τῶν
1346 1482 1634 1553 ἀφυλάκτως
1658 1486 1953 1551 ἐμπαροινεῖν

362 1565 597 1629 ἑλομένων
623 1563 706 1616 τὸν
737 1565 1136 1632 ἐμπαροινηθέντα
1172 1563 1440 1632 χωρίζουσα
1477 1567 1553 1617 καὶ
1588 1570 1825 1617 διιστῶσα
1858 1570 1952 1618 τῶν

361 1648 449 1714 οὐχ
476 1648 622 1699 ὁσίων
649 1646 732 1698 τὸν
758 1647 908 1699 ὅσιον.

428 1727 589 1781 ’Έοικε
616 1729 674 1780 δέ
690 1753 734 1780 τι
760 1731 833 1780 καὶ
862 1729 1018 1796 ἕτερον
1042 1728 1152 1792 ἡμῖν
1178 1731 1239 1783 ὡς
1265 1731 1314 1780 ἐν
1341 1731 1506 1781 ὠδῖσιν
1532 1732 1557 1781 ὁ
1583 1730 1728 1784 τύπος
1755 1753 1952 1796 κεκρυμ-

317 1816 345 1858 d
362 1811 502 1874 μένον
528 1811 649 1879 ἔχειν
680 1810 955 1877 μυστήριον.
1009 1810 1085 1862 ὅτε
1118 1811 1212 1878 γὰρ
1247 1815 1330 1875 τῆς
1358 1813 1633 1878 Αἰγυπτίων
1665 1812 1952 1881 ἐξεπέμπετο
1972 1835 2022 1861 20

360 1892 518 1960 χώρας
545 1894 569 1943 ὁ
595 1891 811 1959 Ἰσραὴλ,
831 1892 1079 1957 ἠκολούθει
1104 1892 1190 1955 μὲν
1216 1894 1326 1944 λίαν
1353 1894 1688 1960 ἐκτεθηγμένος
1714 1895 1738 1944 ὁ
1760 1893 1950 1960 Φαραὼ,

360 1976 435 2027 ἐπὶ
461 1974 509 2027 δὲ
536 1979 636 2029 ταῖς
662 1974 907 2039 ἀδοκήτοις
934 1976 1204 2041 εὐπραγίαις
1230 1981 1312 2026 τοῦ
1349 1975 1507 2029 ἔθνους
1541 1975 1946 2044 ἐξοιστρούμενος,

359 2056 420 2108 τά
451 2059 501 2109 ἐκ
534 2058 714 2125 φθόνου
748 2060 824 2108 καὶ
859 2057 1015 2122 λύπης
1050 2059 1330 2120 ἀποτολμᾶν
1357 2055 1484 2127 νόμῳ
1520 2061 1586 2127 τῷ
1622 2056 1778 2125 μάχης
1811 2058 1946 2122 ἠπεί-

359 2159 486 2206 γετο·
547 2139 795 2205 ἠκολούθει
846 2138 908 2202 δὲ,
952 2139 1186 2190 δύνασθαι
1236 2142 1574 2205 παλινδρομεῖν
1619 2144 1681 2194 εἷς
1734 2139 1951 2191 δουλείαν

359 2220 647 2288 ἀναγκάσειν
692 2221 899 2285 οἰόμενος
949 2219 1058 2275 τοὺς
1110 2220 1204 2290 ὀψὲ
1254 2223 1330 2272 καὶ
1380 2220 1522 2285 μόλις
1572 2224 1656 2286 τῆς
1708 2222 1782 2273 ὑπ’
1826 2223 1952 2291 αὐτῷ
1970 2239 2019 2278 25

360 2303 545 2368 θητείας
595 2303 914 2357 ἐκδεδυκότας·
970 2302 1103 2354 ἀλλὰ
1155 2303 1388 2370 διεβίβαζε
1438 2302 1525 2367 μὲν
1574 2303 1658 2355 τὸν
1709 2303 1830 2355 λαὸν
1875 2302 1951 2354 διὰ

360 2385 620 2451 θαλάσσης
657 2385 807 2450 μέσης
847 2384 981 2448 Θεὸς,
1018 2387 1043 2436 ὁ
1082 2385 1130 2436 δὲ
1171 2385 1351 2437 διώκων
1386 2385 1582 2440 ἐντόνως
1620 2388 1696 2437 καὶ
1735 2389 1951 2454 χαλᾶσαι

360 2468 445 2531 μὲν
483 2467 570 2532 τὴν
607 2467 754 2535 ὀργὴν
791 2469 1019 2532 μηδαμῶς
1063 2467 1356 2535 ἀνεχόμενος,
1403 2472 1651 2536 θεομαχεῖν
1696 2467 1744 2519 δὲ
1788 2491 1944 2535 παρα-

321 2566 343 2593 Θ
361 2550 518 2616 λόγως
542 2549 941 2614 ἀναπεπεισμένος
967 2549 1024 2618 ἐξ
1052 2548 1257 2616 ἀκράτου
1283 2554 1445 2613 θυμοῦ,
1474 2549 1594 2600 κατὰ
1624 2550 1778 2614 μέσην
1805 2548 1950 2614 αὐτὴν

359 2636 661 2701 πανστρατιᾷ
710 2631 1024 2697 κατεπνίγετο,
1070 2631 1316 2698 διεσώζετο
1367 2632 1415 2682 δὲ
1465 2630 1608 2695 μόνος
1658 2633 1683 2683 ὁ
1725 2631 1944 2699 Ἰσραήλ.
1968 2648 2019 2685 30

405 2824 438 2854 4.
464 2811 482 2855 ἡ
501 2810 573 2857 διὰ]
595 2811 682 2846 ἷδίαν
699 2811 742 2847 Β.
819 2811 1109 2857 ἐκτετραχυμμένη
1129 2812 1175 2846 D.
1344 2825 1377 2858 9.
1405 2813 1441 2846 δέ
1458 2814 1592 2856 μᾶλλον
1608 2813 1746 2846 inverso
1764 2810 1885 2845 ordine
1904 2811 1947 2846 Β.

359 2857 487 2892 Statim
505 2860 558 2892 καὶ
575 2870 645 2893 orn.
666 2858 709 2892 Β.
760 2857 845 2893 Post
862 2858 898 2893 h.
912 2871 946 2894 V.
964 2858 1131 2903 ἆμὴνυτον
1149 2858 1191 2893 Β.
1312 2871 1364 2904 13.
1389 2858 1583 2905 προφήταις
1600 2861 1618 2892 ὁ
1638 2859 1679 2893 Β.
1697 2857 1858 2903 προφήτῃ
1878 2857 1946 2892 Ed.

359 2914 415 2938 20.
440 2906 552 2950 χώρας
570 2905 773 2949 ἐκπέμπεται
792 2905 835 2939 Β.
980 2914 1036 2950 25.
1061 2905 1266 2951 ἀναγκάσειν
1285 2905 1379 2940 B.D.
1396 2906 1593 2951 ἀναγκάζειν
1610 2905 1678 2941 Ed.
1806 2903 1861 2938 26.
1888 2905 1948 2939 τὸν

359 2949 452 2985 B.D.
470 2952 530 2995 τὴν
548 2951 614 2986 Ed.
681 2951 807 2987 Statim
823 2952 908 2987 λαὸν
925 2958 1148 2998 assumptum
1165 2964 1207 2987 ex
1227 2952 1268 2986 B.
1413 2964 1470 2998 30.
1495 2951 1728 2998 πανστρατιὰν
1747 2951 1788 2986 Β.
