2084 3317
310 193 394 235 246
714 197 763 237 B.
797 197 1071 238 CYRILLI
1113 195 1491 237 ALEXANDR.
1667 194 1721 234 iii.
1743 204 1896 248 31‚32.

314 304 387 353 καὶ
415 306 452 353 εὶ
478 303 620 368 μόνος
648 306 754 369 ὑμῖν
781 307 806 356 ὁ
840 304 948 369 ἐμὸς
983 307 1065 356 οὐκ
1099 305 1341 374 ἐξαρκέσει
1378 304 1538 370 λόγος,
1565 301 1701 356 αὐτὸς
1738 303 1896 361 ἐπιβε-

313 385 513 445 βαιώσει
547 387 873 454 ἐπιμαρτυρῶν
905 388 930 437 ὁ
962 386 1089 449 Υἱὸς,
1117 386 1438 456 ἀκαταλήπτῳ
1471 385 1625 455 μέτρῳ
1660 384 1901 434 διεστάναι

313 465 369 517 τὸ
401 467 595 533 γηγενὲς
628 471 711 532 τῆς
747 468 903 519 ἐπάνω
937 467 1130 519 πάντων
1156 470 1319 536 ἀρχῆς·
1362 466 1693 533 διαλεγόμενος
1728 466 1781 516 δέ
1810 488 1902 517 που

1547 548 1558 565 Ι

92 546 185 577 Infra
314 547 434 614 πρὸς
459 549 567 603 τοὺς
593 551 814 603 ἀνοσίους
839 551 1106 612 Ἰουδαίους,
1133 549 1344 611 ἔφασκεν
1371 551 1396 600 ὁ
1423 553 1591 615 Σωτηρ
1618 556 1645 578 “
1663 549 1824 612 εὙμεῖς
1852 549 1902 598 ἐκ

91 600 158 621 Vlll.
181 599 195 620 2
223 614 230 621 ι

201 599 218 630 3
271 643 297 684 b
316 638 342 660 “
367 635 462 682 τῶν
489 631 613 682 κάτω
640 632 764 682 ἐστέ·
808 631 900 697 ἐγὼ
925 633 975 681 ἐκ
1001 636 1095 682 τῶν
1126 631 1222 682 ἅνω
1250 629 1384 695 εἶμί.”
1436 630 1562 681 κάτω
1589 629 1673 692 μὲν
1698 628 1791 696 γὰρ
1818 628 1903 693 τὴν
1922 643 1944 680 5

314 716 408 763 τῶν
439 717 648 777 γενητῶν
680 712 830 780 φύσιν
861 711 980 764 εἶναί
1010 717 1175 782 φησιν,
1204 715 1266 767 ὡς
1302 713 1604 776 ὑποκειμένην
1639 715 1714 764 καὶ
1754 714 1816 765 ὡς
1852 711 1908 780 ἐξ

314 792 521 860 ἀνάγκης
550 794 872 846 δουλεύουσαν
897 798 963 865 τῷ
988 794 1107 862 πρὸς
1138 793 1193 846 τὸ
1229 793 1343 846 εἶναι
1377 799 1600 845 καλοῦντι
1627 796 1752 862 Θεῷ·
1808 793 1905 843 ἄνω

315 874 363 926 δὲ
395 875 545 928 πάλιν
572 876 656 941 τὴν
683 878 809 928 θείαν
835 878 910 928 καὶ
947 877 1151 945 ἄρῥητον
1182 879 1257 928 καὶ
1294 875 1622 942 δεσπόζουσαν
1653 874 1817 945 φύσιν,
1844 877 1905 928 ὡς

313 957 470 1009 πάντα
507 958 597 1010 ὑπὸ
631 958 781 1013 πόδας
816 959 1022 1027 ε”χουσαν
1047 958 1107 1010 τὰ
1141 958 1328 1025 γενητὰ,
1358 961 1434 1010 καὶ
1469 962 1536 1027 τῷ
1569 961 1652 1021 τῆς
1686 957 1906 1026 ἐξουσίας

317 1042 575 1092 ὑποθεῖσαν
602 1041 742 1111 ζυγῷ.
799 1042 852 1092 οὐ
881 1041 1036 1106 μάτην
1062 1040 1111 1092 δὲ
1140 1047 1287 1092 ταῦτα
1319 1046 1415 1094 τοῖς
1451 1040 1668 1106 ἀνωτέρω
1694 1039 1896 1105 προστέ-
1930 1063 1976 1087 ιο

316 1128 466 1174 θεικεν
498 1124 523 1174 ὁ
557 1122 784 1190 μακάριος
819 1123 1105 1187 βαπτιστής·
1154 1123 1229 1174 ἵνα
1266 1122 1360 1189 γὰρ
1398 1123 1463 1187 μὴ
1503 1122 1740 1188 νομίζηται
1777 1120 1908 1187 παρὰ

316 1211 413 1259 τοῖς
463 1206 629 1257 ἑαυτοῦ
674 1209 906 1270 μαθηταῖς
951 1206 1146 1259 εἰκαίους
1191 1204 1583 1256 ἀναπλάττεσθαι
1630 1202 1907 1270 λογισμοὺς,

278 1291 442 1338 οαίδοῖ
475 1287 523 1339 δὲ
562 1293 645 1339 τοῦ
680 1287 746 1352 μὴ
778 1291 929 1338 δοκεῖν
962 1287 1172 1355 εὐλόγως
1206 1288 1440 1351 ἡττῆσθαι
1475 1291 1689 1355 Χριστῷ,
1722 1285 1910 1351 μείζονα

317 1371 402 1434 μὲν
427 1370 583 1436 λέγειν
609 1371 685 1420 καὶ
711 1370 892 1420 ἄνωθεν
917 1368 1075 1432 αὐτὸν,
1104 1369 1268 1420 ἑαυτὸν
1294 1367 1344 1420 δὲ
1369 1368 1577 1421 κάτωθεν
1603 1371 1677 1419 καὶ
1707 1366 1801 1418 ἀπὸ
1827 1369 1910 1431 τῆς

317 1456 421 1519 γῆς,
456 1452 720 1519 ἀναγκαίως
756 1450 838 1520 ἀφ’
879 1450 946 1502 ὧν
984 1451 1125 1505 αὐτὸς
1163 1451 1374 1520 ἔφασκεν
1413 1453 1438 1502 ὁ
1478 1449 1661 1517 Σωτὴρ,
1695 1449 1781 1514 τὴν
1816 1453 1910 1501 τῶν
1933 1470 1978 1507 15

315 1533 565 1601 εἰρημένων
596 1534 927 1603 ἐπισφραγίζει
963 1533 1173 1597 δύναμιν,
1206 1536 1283 1584 καὶ
1317 1532 1567 1602 πρόφασιν
1600 1532 1698 1596 μὲν,
1732 1533 1785 1583 οὐ
1820 1555 1905 1583 κα-

317 1616 468 1683 θάπερ
518 1615 667 1686 ᾤοντο
717 1615 868 1680 κενὴν,
912 1617 1134 1681 ἀληθείας
1179 1615 1227 1667 δὲ
1271 1620 1463 1679 μᾶλλον
1514 1615 1768 1684 ἀπόδειξιν,
1813 1616 1909 1667 ἐπι-

318 1699 512 1751 δεικνύει
550 1698 635 1763 τὴν
674 1697 920 1768 ἐξήγησιν.

393 1781 587 1845 Ἐπειδὴ
619 1781 667 1832 δὲ
702 1783 778 1832 καὶ
813 1781 946 1847 ἑτέρα
983 1780 1173 1849 φέρεται
1208 1785 1290 1831 τοῦ
1325 1781 1496 1847 στίχου
1530 1779 1694 1848 γραφή
1724 1777 1790 1830 *O
1817 1777 1912 1845 γὰρ

272 1872 299 1913 d
321 1861 489 1931 ἑώρακέ
517 1866 641 1931 φησι
680 1869 757 1914 καὶ
795 1862 964 1926 ἤκουσε,
999 1865 1116 1914 τοῦτο
1152 1865 1365 1931 μαρτυρεῖ,
1400 1862 1513 1930 φέρε
1552 1864 1628 1913 καὶ
1667 1865 1728 1916 εἷς
1767 1860 1912 1925 αὐτὴν
1934 1886 1983 1911 20

320 1945 465 2010 ὀλίγα
491 1944 821 2013 διαλεξόμεθα.
866 1944 950 1998 τὰς
976 1946 1048 2013 ἐφ’
1079 1944 1266 2014 ἑκάστῳ
1291 1948 1386 1995 τῶν
1408 1943 1705 2011 πραγμάτων
1729 1951 1913 2009 πληρο-

321 2027 504 2094 φορίας,
537 2026 613 2077 διὰ
651 2026 733 2078 δύο
771 2025 989 2090 μάλιστα
1026 2031 1121 2078 τῶν
1156 2026 1443 2094 κυριωτέρων
1474 2026 1748 2091 αἰσθήσεων
1781 2034 1908 2088 λαμ-

320 2107 483 2169 βάνειν
513 2109 791 2177 πεφύκαμέν
817 2132 865 2160 τε
902 2111 977 2160 καὶ
1014 2109 1359 2172 κατειθίσμεθα,
1386 2108 1544 2177 ὅψεως
1579 2109 1635 2172 δὴ
1672 2108 1798 2174 λέγω
1837 2110 1914 2160 καὶ

321 2192 481 2255 ἀκοῆς·
549 2190 771 2255 αὐτήκοοί
823 2214 872 2242 τε
931 2191 1025 2257 γὰρ
1086 2193 1161 2242 καὶ
1215 2192 1555 2242 αὐτεπίσκοποι
1615 2191 1914 2256 γεγενημένοι

322 2277 478 2336 τινῶν,
520 2274 594 2324 ἐπὶ
639 2272 693 2323 τὸ
735 2272 890 2339 λέγειν
932 2272 1275 2327 ἀνενδοιάστως
1319 2274 1423 2340 περὶ
1470 2274 1624 2324 αὐτῶν
1661 2272 1908 2340 ἐρχόμεθα.
1936 2292 1983 2330 25

323 2356 589 2407 ἀναπείθων
633 2360 883 2421 τοιγαροῦν
923 2355 1173 2422 δρομαιόυς
1218 2354 1383 2409 αὐτοὺς
1436 2356 1511 2407 ἐπὶ
1561 2359 1627 2424 τῷ
1675 2354 1915 2407 πιστεύειν

324 2438 437 2488 ἱέναι
475 2441 542 2507 τῷ
581 2441 798 2506 Χριστῷ·
857 2442 1001 2488 λαλεῖ
1034 2437 1142 2503 γὰρ,
1175 2439 1340 2505 φησὶν,
1375 2437 1491 2504 ὅπερ
1530 2435 1651 2488 οἶδεν
1690 2439 1911 2503 ἀκριβῶς·

285 2544 305 2568 e
326 2519 560 2584 λαμβάνει
589 2518 636 2570 δὲ
661 2518 824 2581 πάλιν,
851 2518 1015 2586 ὥσπερ
1042 2519 1099 2588 ἐξ
1119 2519 1393 2584 ὁμοιότητος
1429 2522 1511 2583 τῆς
1543 2521 1649 2570 καθ’
1679 2520 1814 2583 ἡμᾶς,
1840 2519 1916 2570 ἵνα

375 2700 406 2724 2.
432 2689 666 2734 ἐπιμαρτυρῶν
686 2688 727 2724 Β.
745 2691 924 2734 μαρτυρῶν
942 2687 1009 2723 Ed.
1192 2701 1225 2733 5.
1252 2688 1312 2731 μὲν
1329 2699 1399 2723 om.
1420 2688 1462 2723 B.
1654 2689 1685 2723 8.
1713 2688 1767 2722 καὶ
1783 2689 1842 2722 alt.
1861 2700 1915 2722 as·

327 2743 507 2780 sumptum
527 2748 568 2770 ex
588 2736 680 2771 B.D.
976 2747 1009 2780 9.
1035 2733 1160 2779 πάντα]
1184 2739 1221 2775 -4-
1242 2735 1283 2769 τὰ
1302 2735 1343 2769 Β.
1637 2747 1688 2780 13·
1715 2737 1852 2781 Χριστῷ
1873 2735 1915 2769 Β.

327 2785 478 2827 Χριστοῦ
500 2783 565 2818 Ed.
778 2792 830 2826 15.
857 2782 974 2828 αὐτὸς]
993 2782 1102 2817 αὐτῶν
1122 2781 1162 2817 Β.
1374 2793 1426 2827 19.
1452 2782 1594 2828 φέρεται
1614 2782 1655 2816 Β.
1674 2783 1830 2827 φαίνεται
1849 2781 1917 2817 Ed.

329 2872 383 2896 21.
409 2839 614 2908 γνβὲἷιμάτων
633 2862 674 2897 Β.
845 2873 901 2906 24.
928 2878 963 2897 τε
982 2874 1051 2897 om.
1073 2862 1114 2896 B.
1298 2862 1352 2897 26.
1378 2862 1546 2897 ἀναπείθω
1566 2862 1607 2896 Β.
1675 2860 1854 2907 δρομαίους
1874 2862 1915 2897 Β.

326 2908 586 2999 ξιέἷμὲίωέςΕέἀ
644 2910 682 2945 τὸ
704 2909 839 2956 Migne.
953 2920 1008 2954 27.
1035 2909 1157 2955 φησὶν,
1175 2908 1258 2954 ὅπερ
1277 2907 1366 2944 οἶδεν
1383 2909 1450 2944 hoc
1468 2909 1591 2944 ordine
1611 2909 1651 2944 B.
1765 2909 1820 2944 28.
1847 2910 1916 2944 ὦσ-
