2084 3317
119 157 188 198 vii.
212 171 271 198 12.
360 159 433 199 IN
476 160 518 201 S.
552 160 887 201 JOANNEM.
949 160 1074 200 LIB.
1108 158 1185 200 IV.
1248 159 1382 200 CAP.
1406 159 1459 199 V.
1620 158 1701 198 595

118 270 194 318 καὶ
219 272 561 322 πεπαιδεῦσθαι
587 276 683 326 τοῖς
710 274 844 337 ἱεροῖς
871 269 1152 336 γράμμασιν
1177 269 1231 319 οὐ
1256 268 1452 334 μετρίως
1479 267 1698 330 οἰόμενοι,

118 353 200 414 τῆς
234 355 530 420 προφητικῆς
567 354 894 417 ἀμνημονοῦσι
931 354 1106 420 φωνῆς,
1133 350 1335 418 ἐχούσης
1374 348 1516 400 ὦδε“
1541 348 1698 414 Ζητή-
1722 380 1784 428 07

119 438 147 461 ‘⁶
172 455 291 483 σατε
325 433 408 485 τὸν
435 433 573 496 Θεὸν,
600 437 675 486 καὶ
711 436 759 486 ἐν
790 438 857 504 τῷ
892 433 1123 499 εὑρίσκειν
1154 431 1296 483 αὐτὸν
1330 430 1699 483 ἐπικαλέσασθε·

1765 344 1820 375 Es.
1835 344 1880 376 lv.
1898 343 1929 381 6,

119 520 147 542 “
171 513 305 577 ἡνίκα
333 514 391 566 ἂν
414 514 573 584 ἐγγίζῃ
599 518 720 580 ὑμῖν,
741 515 1014 568 ἀπολιπέτω
1046 516 1070 565 ὁ
1105 513 1285 578 ἀσεβὴς
1311 513 1398 578 τὴν
1425 513 1534 564 ὁδὸν
1561 514 1704 563 αὐτοῦ

76 604 98 641 5
119 601 146 624 “
175 599 251 646 καὶ
285 597 403 665 ἀνὴρ
439 598 612 661 ἄνομος
646 598 731 661 τὴν
756 597 940 661 βουλὴν
967 598 1107 648 αὐτοῦ
1143 599 1217 648 καὶ
1254 594 1596 663 ἐπιστραφήτω
1631 597 1706 646 ἐπὶ

119 683 146 707 “
173 677 363 744 Κύριον,
390 682 464 731 καὶ
492 679 845 744 ἐλεηθήσεται.”
887 681 998 748 ὁρᾷς
1034 678 1160 733 ὅπως
1195 679 1278 730 οὐκ
1315 678 1556 748 ἐξαρκέσει
1586 677 1706 744 πρὸς

117 761 359 826 σωτηρίαν
392 760 446 813 τὸ
485 761 630 825 μόνον
665 762 827 828 ζητεῖν,
861 760 971 813 ἀλλ’
1005 760 1224 827 εὑρόντας
1264 760 1446 827 ἀνάγκη
1485 762 1560 811 καὶ
1599 761 1704 810 ε’πι-

117 841 359 909 στρέφειν,
394 843 450 894 δι’
486 845 693 908 ὑπακοῆς
732 843 954 908 δηλονότι
993 845 1068 893 καὶ
1106 843 1343 905 πίστεως,
1403 843 1524 893 οὕτω
1564 841 1613 892 δὲ
1650 840 1708 905 ἧν

117 922 446 988 ἀνασώζεσθαι
473 924 556 976 τὸν
582 927 741 989 ἀμαθῆ
768 927 844 976 καὶ
870 924 1157 991 δυσάγωγον
1183 929 1278 976 τῶν
1302 924 1541 975 Ἰουδαίων
1568 921 1703 973 λαόν·

49 1024 97 1049 10
116 1003 272 1068 ἐπειδὴ
311 1005 359 1056 δὲ
397 1008 484 1057 κάν
517 1007 666 1076 τούτῳ
701 1008 809 1057 λίαν
840 1008 1174 1060 ἀσυνετοῦντες
1209 1007 1506 1068 ἁλίσκονται,
1536 1004 1752 1056 λοιπὸνᾶ

115 1085 324 1152 εὐλόγως
370 1089 654 1140 ἀκούσονται
689 1096 717 1118 “
739 1093 853 1143 Πῶς
898 1090 1037 1155 ἐρεῖτε
1077 1088 1148 1139 ὅτι
1185 1088 1339 1156 σοφοί
1371 1089 1516 1151 ἐσμεν
1553 1087 1701 1151 ἡμεῖς,
1768 1092 1871 1166 vHiiiierz}

115 1175 144 1198 “
170 1172 246 1220 καὶ
284 1168 429 1236 λόγος
471 1172 647 1238 Κυρίου
685 1172 789 1235 μεθ’
830 1172 962 1235 ἡμῶν
999 1171 1161 1233 ἐστιν;
1218 1174 1280 1224 εἷς
1317 1168 1470 1235 μάτην
1509 1168 1705 1236 ἐγενήθη
1829 1161 1836 1168 ’
1876 1145 1930 1176 ‚9-

115 1256 144 1279 “
170 1256 363 1319 σχοῖνος
388 1252 568 1321 ψευδὴς
595 1259 971 1320 γραμματεῦσιν.
1012 1252 1330 1321 ᾐσχύνθησαν
1356 1252 1518 1321 σοφοὶ,
1539 1250 1706 1316 ἐπτοή-

118 1339 145 1362 “
172 1338 344 1397 θησαν,
384 1332 625 1386 ἑάλωσαν.
694 1336 848 1402 σοφία
888 1335 957 1388 τίς
1001 1336 1133 1386 ἐστιν
1171 1336 1220 1386 ἐν
1259 1335 1449 1396 αὐτοῖς;
1509 1333 1579 1384 ὅτι
1624 1333 1707 1384 τὸν

49 1422 145 1464 Ι5“
171 1415 322 1481 λόγον
376 1416 554 1483 Κυρίου
604 1417 1008 1480 ἀπεδοκίμασαν.”
1067 1421 1168 1471 πῶς
1212 1416 1306 1483 γὰρ
1350 1417 1432 1467 οὐκ
1482 1415 1703 1467 ἀπεδοκί-

114 1520 292 1561 μασαν,
333 1499 386 1549 οὐ
423 1497 818 1567 παραδεξάμενοι,
859 1497 888 1563 ἢ
927 1503 1029 1552 πῶς
1069 1500 1152 1550 οῦκ
1192 1497 1482 1565 ἀτιμάζουσι,
1521 1496 1576 1548 τό
1616 1499 1707 1548 Ποῧ

117 1580 231 1631 ἐστιν
270 1581 438 1644 ἐκεῖνος,
477 1581 765 1634 ἀπαιδεύτως
806 1583 912 1647 περὶ
957 1582 1100 1632 αὐτοῦ
1147 1582 1304 1647 λε’γειν
1347 1581 1401 1631 οὐ
1444 1577 1702 1646 παραιτού-

114 1683 278 1725 μενοι,
329 1662 688 1726 ἀπονοουμένων
723 1661 817 1730 γὰρ
855 1662 910 1714 τό
944 1666 1145 1726 Ἐκεῖνος,
1175 1664 1251 1714 καὶ
1290 1664 1420 1713 οὔπω
1460 1660 1709 1728 θαυμάζειν

116 1743 376 1812 ἀξιούντων
402 1743 557 1807 αὐτὸν,
585 1746 734 1795 καίτοι
769 1743 845 1795 διὰ
878 1748 1067 1809 πολλῆς
1100 1745 1223 1810 ἄγαν
1249 1747 1332 1808 τῆς
1357 1744 1706 1810 μεγαλουργίας
1723 1767 1745 1793 e

48 1842 97 1869 20
115 1826 499 1894 ἐκπρεπεστάτην
525 1827 645 1895 ἔχειν
673 1828 928 1896 ὀφείλοντα
952 1828 1061 1893 παρ’
1091 1828 1246 1881 αὐτοῖς
1271 1826 1356 1892 τὴν
1385 1825 1648 1894 ὑπόληψιν.

118 1987 193 2029 Καὶ
242 1988 473 2038 ΓοΠ-υσμὸε
523 1988 621 2045 Περὶ
664 1987 794 2029 αὐτοῦ
839 1984 889 2029 ἦν
929 1987 1064 2030 Πολὺς
1105 1987 1150 2029 ἐν
1191 1986 1280 2029 τοῖς
1323 1987 1480 2042 ὄχλοιο.
1545 1983 1583 2026 οἰ
1627 1985 1703 2033 μὲν
1728 1996 1772 2021 12

180 2074 330 2121 ἕλει-ον
368 2074 432 2117 ὅτι
470 2073 629 2121 ἀΓαθόε
666 2073 791 2115 ἐστιν·
848 2073 975 2115 ἄλλοι
1016 2072 1062 2113 δὲ
1106 2071 1255 2119 {Aes-ov
1292 2071 1366 2123 OG,
1404 2071 1517 2112 ἀλλὰ
1561 2073 1703 2128 Πλανᾷ

181 2156 255 2199 τὸν
293 2157 434 2212 ὄχλον.

190 2265 511 2332 Δυσθήρατον
536 2265 621 2329 μὲν
646 2265 720 2315 ἀεί
740 2288 841 2319 πως
867 2265 942 2315 καὶ
972 2261 1253 2330 δυσεύρετόν
1279 2264 1383 2313 ἐστι
1415 2260 1469 2313 τὸ
1499 2260 1701 2326 ἀγαθὸν,

175 2350 189 2366 x
248 2348 262 2363 x
342 2347 353 2363 t
592 2350 611 2359 Α
686 2348 696 2362 ³
832 2347 842 2362 l
960 2345 973 2361 x
1064 2344 1077 2359 t
1227 2349 1236 2363 ‚
1453 2349 1471 2357 „-

47 2363 95 2401 25
115 2371 190 2399 και
215 2372 270 2400 το
297 2351 530 2399 δυνασθαι
555 2370 639 2411 της
671 2350 894 2411 αληθειας
927 2369 982 2397 το
1018 2353 1198 2399 καλλος
1225 2354 1494 2413 ιχνηλατειν
1521 2347 1701 2394 δυσκα-
1724 2366 1745 2389 a
1774 2356 1862 2392 407
1876 2355 1926 2390 A.

114 2430 355 2496 τόρθωτον
387 2433 483 2483 τοῖς
517 2433 733 2492 πολλοῖς,
759 2428 1005 2497 ἐξαιρέτως
1042 2427 1090 2478 δὲ
1127 2432 1224 2481 τοῖς
1258 2425 1595 2492 ἀμαθεστέροις
1629 2427 1705 2477 καὶ

114 2513 198 2563 οὐκ
239 2512 403 2580 ε”χουσι
441 2511 496 2563 τὸ
539 2512 588 2561 ἐν
626 2511 817 2562 συνέσει
859 2509 1040 2576 πικρὸν,
1081 2508 1124 2560 οἳ
1167 2511 1334 2576 ῥοπαῖς
1379 2508 1706 2574 ἀλογωτάταις

115 2598 368 2660 λογισμῶν
419 2592 661 2644 ἀσυνέτων
712 2594 785 2644 ἐπὶ
836 2593 890 2643 τὸ
947 2596 1113 2643 δοκοῦν
1164 2592 1320 2644 αὐτοῖς
1374 2591 1706 2655 εὐπετέστερον

115 2677 463 2738 ἀποκλίνοντες,
490 2677 565 2726 καὶ
592 2674 677 2740 τὴν
703 2681 786 2726 τοῦ
820 2675 1233 2741 παρεμπίπτοντος
1268 2671 1419 2741 φύσιν
1446 2671 1707 2738 δοκιμάζειν

164 2838 197 2872 3.
223 2828 322 2871 Θεὸν]
345 2826 469 2870 Κύριον
488 2825 530 2860 Β.
551 2826 600 2871 (ἶ
602 2832 646 2860 at.
653 2826 664 2869 )
731 2826 900 2870 εὑρίσκειν
917 2826 1018 2860 αυτὸν
1036 2823 1306 2870 ἐπικαλεσασθε]
1327 2822 1599 2859 ἐπικαλέσασθαι
1618 2823 1706 2868 εὑρί-

117 2888 212 2909 σκειν
228 2874 330 2907 αὐτὸν
348 2873 389 2907 Β.
534 2886 566 2915 4.
592 2873 703 2918 ἡνίκα]
727 2878 763 2914 -1-
786 2873 813 2907 δ’
835 2873 901 2907 Ed.
921 2873 1031 2906 invito
1051 2872 1092 2905 B.
1114 2872 1230 2909 (A.lex
1237 2873 1247 2914 )
1405 2881 1434 2915 7.
1460 2870 1586 2915 ἀνάγκη
1608 2870 1648 2904 Β.
1667 2870 1707 2904 ἂν

117 2921 177 2964 ἤδη
198 2920 264 2955 Ed.
412 2931 464 2954 10.
492 2919 551 2954 κάν
568 2935 676 2966 τουτῳ
694 2919 788 2965 λίαν]
808 2922 908 2954 τοῦτο
927 2920 986 2953 κᾶν
1004 2920 1081 2953 λίαν
1101 2913 1142 2952 Β.
1293 2928 1347 2952 20.
1375 2917 1644 2962 ἐκτρεπεστάτην
1663 2917 1706 2951 Β.

119 2978 174 3010 24.
201 2968 256 3002 ἀεί
269 2982 339 3002 πως
357 2966 422 3001 hoc
442 2966 563 3001 ordine
583 2966 624 3001 B.

852 3033 971 3071 4c÷2
