2021 3296
133 146 158 186 i.
181 159 218 188 2.
378 148 454 189 IN
496 148 537 190 S.
571 147 907 190 JOANNEM.
968 146 1092 187 LIB.
1126 146 1162 187 I.
1224 145 1358 186 CAP.
1393 144 1471 184 IV.
1666 144 1721 184 59

131 255 180 305 ἐν
219 255 442 307 συνθέσει
486 255 658 308 λοιπὸν
699 257 727 321 ἡ
774 256 873 307 θεία
918 255 1131 324 φαίνεται
1178 254 1338 322 φύσις.
1405 251 1537 303 ἀλλὰ
1580 258 1720 303 τοῦτο

131 335 326 388 ἄτοπον·
374 339 423 389 ἐν
450 337 499 388 δὲ
534 343 635 392 ταῖς
670 339 847 391 ἁπλαῖς
881 338 1076 400 οὐσίαις,
1104 335 1236 387 οὐδὲν
1269 332 1424 402 ἕτερόν
1449 357 1494 385 τι
1528 335 1632 385 ἐστὶ
1665 333 1719 384 τὸ

129 418 237 483 παρ’
266 417 427 471 αὑτάς·
476 417 608 470 οὐδὲν
634 419 726 486 ἄρα
762 419 1047 470 διακωλύσει
1080 418 1166 483 τὴν
1192 416 1332 483 ἁγίαν
1357 418 1433 467 καὶ
1467 414 1720 479 ὁμοούσιον

67 515 70 517 ’
130 498 314 565 Τριάδα
338 505 588 568 προσεχῶς
613 504 872 570 συνῆφθαι,
899 505 1290 565 μεσολαβοῦντος
1316 495 1514 551 οὐδενός.

86 650 108 687 5
691 645 825 687 ’Άλλο
857 649 1147 698 διηγηματικῶς.

194 744 316 798 οΌτε
346 747 405 798 τὰ
431 747 640 812 ὀνόματα
672 746 1092 815 προτατττομένων
1117 751 1211 797 τῶν
1236 746 1425 812 ἄρθρων
1449 746 1478 809 ἡ
1517 744 1617 796 θεία
1651 743 1719 794 τί-

128 830 242 892 θησι
283 827 462 898 γραφὴ,
495 830 601 881 τότε
635 832 711 881 καὶ
750 830 799 880 ἕν
833 853 876 881 τι
910 830 1144 895 σημαίνει,
1176 827 1201 879 ὃ
1239 826 1384 892 μόνον
1416 829 1518 878 ἐστὶ
1551 826 1765 892 κυρίωςᾶ

127 910 204 959 καὶ
238 911 489 974 ἀληθινῶς,
518 912 680 963 ὁποῖον
706 909 820 963 εἶναι
849 911 1056 977 λέγεται·
1107 910 1282 976 ἄρθρον
1308 908 1356 960 δὲ
1387 910 1440 959 οὐ
1470 912 1719 974 προθεῖσα,

126 992 435 1058 γενικωτέραν
477 997 677 1044 ποιεῖται
729 991 849 1044 κατὰ
892 991 1069 1045 παντὸς
1113 997 1197 1042 τοῦ
1242 990 1590 1055 σημαινομένου
1635 987 1722 1052 τὴν

60 1091 107 1115 10
128 1070 355 1136 δήλωσιν,
384 1072 498 1125 οἷον·
549 1074 650 1143 ἥξει
688 1073 783 1141 γὰρ
822 1075 846 1124 ὁ
886 1073 1032 1139 λόγος
1069 1075 1145 1124 καὶ
1179 1073 1235 1123 δι’
1270 1073 1495 1139 ἐναργοῦς
1529 1071 1719 1122 ἀποδεί-

127 1153 259 1223 ξεως·
310 1158 488 1207 πολλοὶ
524 1162 781 1208 καλοῦνται
817 1157 932 1207 θεοί·
986 1153 1098 1206 ἀλλ’
1127 1154 1241 1206 ὅταν
1274 1152 1393 1218 μετὰ
1426 1158 1509 1204 τοῦ
1545 1152 1722 1219 ἄρθρου

126 1235 327 1302 λέγηται
367 1238 430 1288 ‘O
473 1237 612 1302 Θεὸς,
657 1236 740 1289 τὸν
783 1236 929 1301 μόνον
974 1236 1088 1288 ὅντα
1138 1239 1213 1287 καὶ
1265 1236 1431 1302 κυρίως
1482 1235 1717 1298 σημαίνει·

128 1318 459 1386 ἁπλούστερον
486 1319 547 1383 δὲ,
575 1322 651 1370 καὶ
687 1319 864 1386 ἄρθρου
897 1321 1054 1387 χωρὶς,
1082 1318 1162 1369 ἕνα
1198 1316 1343 1386 τυχὸν
1369 1321 1463 1368 τῶν
1490 1320 1552 1369 εἰς
1583 1321 1723 1367 τοῦτο

127 1399 247 1451 κατὰ
273 1399 413 1468 χάριν
439 1401 756 1466 κεκλημένων.
809 1403 886 1452 καὶ
917 1400 1066 1452 πάλιν
1092 1400 1332 1466 ἄνθρωποι
1364 1397 1555 1450 πολλοί·
1609 1397 1720 1448 ἀλλ’

60 1496 106 1534 15
129 1481 205 1533 ὅτε
230 1482 349 1545 μετὰ
382 1489 465 1534 τοῦ
500 1484 678 1550 ἄρθρου
704 1485 858 1551 φησὶν
885 1484 910 1533 ὁ
938 1480 1107 1549 Σωτήρ
1131 1483 1194 1532 ‘O
1223 1481 1317 1534 υἱὸς
1341 1486 1424 1531 τοῦ
1450 1479 1718 1545 ἀνθρώπου,

129 1564 191 1616 ὡς
246 1564 645 1631 ἐκλελοχισμένον
695 1563 790 1615 ἀπὸ
847 1563 1085 1630 μυριάδων
1142 1561 1306 1613 ἑαυτὸν
1361 1561 1716 1626 κατασημαίνει.
1740 1581 1762 1609 e

126 1650 293 1696 τοῦτον
338 1645 542 1713 ἐχόντων
585 1650 681 1696 τῶν
725 1644 970 1710 ὀνομάτων
1014 1643 1096 1695 τὸν
1142 1643 1290 1695 τύπον
1333 1642 1463 1709 παρὰ
1513 1646 1572 1710 τῇ
1622 1642 1723 1711 θείᾳ

127 1729 310 1795 γραφῇ,
336 1731 437 1780 πῶς
464 1726 556 1793 ἄρα
580 1726 811 1793 προσήκει
838 1729 1008 1790 νοῆσαι
1036 1724 1089 1777 τό
1119 1725 1206 1776 Ἐν
1232 1727 1358 1793 ἀρχῇ
1388 1723 1446 1789 ἣν
1471 1725 1496 1774 ὁ
1523 1722 1682 1789 Λόγος
1704 1745 1717 1786 ;

126 1810 164 1857 εὶ
197 1806 284 1870 μὲν
308 1807 402 1874 γὰρ
437 1813 530 1862 πᾶς
564 1807 711 1873 λόγος
744 1814 828 1859 τοῦ
861 1811 987 1858 Θεοῦ
1023 1806 1098 1858 διὰ
1133 1807 1303 1857 τούτου
1338 1806 1632 1870 σημαίνεται,
1660 1807 1723 1858 ὡς

59 1908 108 1934 20
127 1888 352 1957 ὑπάρχων
393 1891 442 1940 ἐν
480 1891 618 1957 ἀρχῇ,
651 1889 970 1940 δεικνύτωσαν
1008 1890 1150 1951 αὐτοὶ,
1184 1890 1259 1939 καὶ
1299 1893 1535 1954 ληροῦμεν
1572 1887 1717 1950 ἡμεῖς·

126 1974 164 2021 εὶ
191 1970 238 2022 δὲ
264 1969 506 2040 προτάξας
532 1970 587 2023 τὸ
613 1972 790 2038 ἄρθρον
817 1972 842 2021 ὃ
869 1969 1226 2036 εὐαγγελιστὴς,
1253 1971 1315 2023 ὡς
1341 1969 1422 2020 ἕνα
1447 1970 1522 2019 καὶ
1555 1969 1722 2034 κυρίως

126 2051 241 2104 ὄντα
274 2053 507 2117 σημαίνει,
533 2057 662 2114 βοῶν
687 2053 774 2103 Ἐν
801 2054 925 2120 ἀρχῇ
960 2051 1018 2116 ἧν
1045 2053 1069 2102 ὁ
1097 2050 1272 2117 Λόγος·
1314 2051 1364 2102 τί
1392 2049 1546 2115 μάτην
1573 2053 1716 2118 φιλο-

128 2140 361 2186 νεικοῦσιν
402 2132 561 2201 ἕτερον
604 2133 979 2201 ἐπεισφέροντες,
1018 2133 1094 2184 ἵνα
1138 2132 1282 2197 μόνον
1321 2132 1598 2196 ἐκπέμπωσι
1639 2133 1761 2194 τῆςᾶ
1816 2144 1876 2178 40
1892 2143 1943 2177 A·

127 2217 291 2271 οὐσίας
316 2222 400 2268 τοῦ
428 2215 621 2281 Πατρὸς
646 2214 729 2266 τὸν
756 2214 874 2266 Υἱόν
892 2237 904 2277 ;
948 2216 1223 2269 ἐννοοῦντας
1259 2213 1308 2265 δὲ
1340 2214 1394 2265 τὸ
1433 2215 1506 2265 ἐπὶ
1543 2212 1722 2266 τούτοις

60 2312 108 2350 25
127 2298 308 2350 ἄτοπον
357 2301 691 2365 παραιτεῖσθαι
749 2295 982 2363 προσήκει
1039 2295 1126 2361 τὴν
1179 2300 1275 2347 τῶν
1325 2293 1722 2363 ἑτεροδοξούντων

127 2379 375 2441 ἀβουλίαν.

143 2507 289 2558 Ἀλλο,
313 2508 491 2549 δεικνύον
512 2507 644 2559 ὅτιπερ
666 2507 711 2548 οὐ
734 2509 831 2548 κατὰ
850 2507 918 2548 τὸν
941 2506 1166 2549 ἐνδιάθετον
1187 2509 1324 2560 λόγον,
1347 2506 1397 2549 ὦς
1419 2506 1562 2546 ἐκεῖνοί
1580 2510 1696 2557 φασι,

331 2583 550 2633 μορφοῦται
572 2582 592 2620 ὁ
613 2580 719 2629 Ύῑὸς,
743 2579 834 2622 ἀλλ’
859 2581 972 2622 εἰκών
993 2582 1101 2622 ἐστιν
1121 2581 1236 2621 αὐτοῦ
1257 2583 1324 2620 τοῦ
1347 2580 1515 2630 Πατρός.

204 2685 263 2732 ΕΖ
290 2681 366 2733 διὰ
396 2687 536 2733 τοῦτο
564 2682 722 2749 Λόγος
758 2682 866 2734 ἐστί
895 2705 946 2734 τε
980 2686 1055 2734 καὶ
1090 2681 1364 2747 ὀνομάζεται
1399 2681 1497 2732 κατ’
1525 2680 1721 2733 ἐκείνους

180 2815 210 2838 2.
236 2819 268 2839 τι
285 2810 507 2850 assumptum
527 2817 569 2840 ex
586 2806 628 2840 Ε.
646 2820 761 2850 ετερον
777 2806 853 2841 ἔστι
870 2805 985 2851 ἕτερον
1003 2805 1082 2849 (Sic)
1104 2805 1146 2839 B.
1284 2812 1314 2849 7.
1340 2803 1376 2837 ἕν
1392 2802 1478 2848 τι]’
1460 2817 1495 2836 εν
1511 2803 1558 2847 τῷ
1577 2802 1657 2846 (Sic)
1677 2803 1718 2836 E.

131 2850 149 2884 ὃ
166 2852 269 2895 μόνον
286 2851 361 2886 ἐστὶ
379 2852 499 2896 κυρίως
516 2852 665 2887 Veccus.
686 2853 753 2887 Ed.
772 2853 810 2887 οὐ
827 2854 929 2896 μόνος
946 2854 1043 2887 ἔσται
1061 2866 1173 2896 κυριος
1194 2851 1235 2885 Β.
1431 2850 1464 2883 8.
1489 2848 1658 2892 προθεῖσα
1677 2849 1720 2882 Β.

129 2898 326 2942 προσθεῖσα
344 2897 411 2931 Ed.
431 2898 618 2942 conjiclens
636 2905 754 2933 tamen
772 2899 807 2933 id
826 2899 921 2944 quod
940 2899 982 2933 Β.
1282 2896 1334 2931 16.
1361 2895 1654 2941 ἐκλελοχισμένων
1672 2896 1719 2929 D.

132 2954 188 2989 23.
214 2944 429 2990 ἐκπέμπωσι]
450 2945 648 2989 ἐκτεμουσιν
666 2945 708 2980 Β.
726 2944 956 2990 ἐκπέμπουσιν
976 2945 1004 2979 Β
1024 2955 1199 2989 suprascr.

893 3013 908 3039 I
934 3013 955 3039 2
