2084 3317
140 182 177 208 v.
205 181 265 223 ¹9·
376 167 451 207 IN
494 167 535 208 S.
570 165 906 207 JOANNEM.
971 164 1095 204 LIB.
1130 163 1190 203 ΙΙ.
1255 163 1388 203 ΟΛΡ.
1413 162 1490 202 VI.
1648 163 1729 202 325

138 277 450 343 περικείμενος
477 278 552 327 καὶ
579 276 827 343 ἄνθρωπος
853 273 1101 340 γενόμενος
1128 271 1204 323 διὰ
1235 271 1290 322 τὸ
1321 273 1547 336 ἑνωθῆναι
1574 274 1733 336 σαρκὶ,

139 360 223 410 οὐκ
256 359 506 425 ἐλευθέραν
536 357 641 410 οὐδὲ
674 357 913 422 ἀνειμένην
948 359 1194 409 παντελῶς
1232 357 1296 408 εἰς
1334 355 1570 420 θεοπρεπῆ
1609 354 1732 419 παῤ-

138 440 311 508 ῥησιάν
337 442 535 492 ἐποιεῖτο
567 439 653 505 τὴν
686 439 911 509 διάλεξιν·
952 440 1122 507 ἐχρῆτο
1148 437 1197 488 δὲ
1223 441 1416 501 μᾶλλον
1450 435 1642 502 τοιαύτῃ
1678 436 1733 485 δι’

139 523 406 585 οἰκονομίαν
451 522 558 575 ἔσθ’
609 523 704 587 ὅτε,
753 523 872 589 ἤπερ
922 521 983 574 οἳν
1027 521 1198 588 πρέποι
1243 523 1352 590 Θεῷ
1395 542 1445 570 τε
1496 520 1616 582 ὁμοῦ
1661 520 1737 569 καὶ

97 620 120 659 5
140 606 389 675 ἀνθρώπῳ·
433 609 508 657 καὶ
535 605 628 672 γὰρ
654 604 712 670 ἧν
737 605 883 660 ὅντως
910 603 1029 657 κατὰ
1054 603 1227 655 ταύτὸν
1254 601 1518 669 ἀμφότερα.
1754 608 1782 648 b

215 686 298 741 Εἷς
332 687 418 751 μὲν
444 688 500 753 δὴ
535 687 679 755 λόγος
716 688 851 741 οὗτος
885 686 1083 752 ἀληθής·
1126 684 1254 750 οἶμαι
1289 684 1338 736 δὲ
1374 688 1468 736 δεῖν
1495 686 1570 735 καὶ
1596 684 1737 754 ἑτερῳ

138 769 287 821 πάλιν
312 771 645 840 ἐπεξηγεῖσθαι
671 770 832 839 τρόπῳ
855 769 909 821 τὸ
935 770 1257 837 προκείμενον,
1283 769 1357 820 καὶ
1385 767 1610 836 ὀξύτερόν
1634 790 1736 821 πως

139 856 198 920 τῇ
232 858 315 904 τοῦ
337 852 637 919 θεωρήματος
672 853 886 921 ἀκριβείᾳ
920 857 1238 918 προσβαλεῖν.
1296 854 1339 903 οὐ
1375 847 1562 902 δύναταί
1585 855 1738 918 φησιν

140 941 158 987 ὁ
202 934 300 990 Ύὶὶς
339 938 473 987 ποιεῖν
511 939 596 1004 ἀφ’
631 935 784 986 ἑαυτοῦ
825 931 937 987 οὐδὲν
976 933 1048 987 ἐέιν
1086 959 1148 1002 μη
1188 958 1227 985 τι
1267 931 1420 1006 βλέπῃ
1462 932 1528 984 τὶν
1558 931 1738 1001 Πατέρα

71 1046 119 1071 10
139 1019 356 1069 ποιοῦνται.
427 1017 481 1069 τό
527 1018 604 1069 Οὐ
649 1016 842 1068 δύναται
885 1017 989 1082 ἤτοι
1033 1016 1088 1068 τὸ
1134 1017 1366 1067 ἀδύνατον
1411 1019 1738 1081 κατηγορεῖται

137 1104 297 1161 τινῶν,
327 1100 428 1165 ἤτοι
466 1104 561 1151 τῶν
595 1099 745 1151 ὅντων
778 1103 906 1151 τισὶν
943 1099 1227 1169 ἐπιφέρεται.
1283 1103 1422 1150 τοῦτο
1461 1096 1556 1163 γὰρ
1591 1097 1648 1162 δὴ
1685 1097 1738 1148 τὸ

137 1187 516 1249 κατηγορεῖσθαι,
544 1183 715 1252 φαμὲν,
743 1183 847 1250 οὐχὶ
882 1183 1073 1236 πάντως
1107 1182 1316 1248 ἀνάγκης
1354 1179 1459 1231 οὐδὲ
1494 1180 1739 1233 ἀσθενείας

136 1265 240 1315 ἐστὶ
264 1264 573 1330 σημαντικόν·
617 1265 827 1317 διδάσκει
865 1266 913 1317 δὲ
947 1264 1185 1320 πολλάκις
1222 1266 1299 1315 καὶ
1331 1263 1526 1332 φύσεων
1550 1261 1734 1329 ἑδραιό-

137 1369 255 1411 τητα
292 1350 368 1399 καὶ
402 1349 578 1400 οὐσιῶν
611 1347 876 1413 ἀκλόνητον
911 1347 1104 1411 στάσιν,
1138 1346 1224 1412 τὴν
1259 1347 1333 1416 ἐφ’
1371 1345 1438 1400 οἷς
1472 1344 1508 1409 η’
1537 1347 1670 1396 ἐστιν
1708 1343 1778 1409 ἣο

72 1450 118 1489 15
138 1429 331 1496 γέγονεν
364 1429 542 1496 ἑκάστη
582 1436 678 1482 τῶν
713 1432 1087 1495 σημαινομένων,
1115 1432 1190 1481 καὶ
1229 1429 1348 1496 ἅπερ
1389 1426 1483 1480 οἶδε
1522 1433 1738 1497 φυσικῶς

137 1536 187 1564 τε
213 1516 289 1564 καὶ
315 1514 611 1577 ἀμεταθέτως
637 1515 855 1580 ἐνεργεῖν.
911 1515 1059 1578 ἡκέτω
1087 1513 1136 1564 δὲ
1163 1517 1200 1564 εὶ
1228 1515 1358 1564 δοκεῖ
1383 1514 1460 1563 καὶ
1485 1510 1561 1562 διὰ
1584 1535 1738 1577 παρα-

138 1595 403 1662 δειγμάτων
437 1598 461 1647 ὁ
497 1595 661 1662 λόγος·
705 1596 819 1648 ὅταν
853 1596 1102 1664 ἄνθρωπος
1141 1595 1246 1663 ε’ίπῃ
1286 1594 1445 1663 τυχὸν,
1488 1594 1647 1662 ἅπηχύ
1688 1618 1737 1645 τε

137 1676 257 1732 εἰκὸς
308 1681 383 1729 καὶ
427 1678 553 1745 βαρὺ
596 1678 661 1744 μὴ
703 1679 940 1730 δύνασθαί
985 1702 1067 1731 ποι
1119 1678 1396 1745 διακομίζειν
1442 1677 1608 1746 ξύλον,
1654 1680 1737 1740 τῆς

136 1761 335 1825 ἐνούσης
366 1762 493 1832 αὐτῷ
527 1763 771 1816 ἀσθενείας
806 1766 1072 1828 κατηγορεῖ·
1115 1761 1229 1812 ὅταν
1257 1761 1313 1811 δέ
1340 1783 1409 1815 τις
1446 1760 1600 1826 ἕτερος
1631 1759 1738 1827 εἴπῃ

70 1841 415 1911 ω”Ανθρωπος
462 1843 528 1896 ῶν
570 1844 764 1910 λογικὸς
806 1843 926 1895 κατὰ
968 1843 1132 1912 φύσιν,
1174 1845 1249 1895 καὶ
1290 1844 1340 1894 ἐκ
1380 1847 1578 1909 λογικοῦ
1619 1841 1739 1893 κατὰ

137 1927 287 1996 φύσιν
326 1925 658 1994 γεγεννημένος
691 1926 883 1993 πατρὸς,
911 1927 966 1978 οὐ
999 1926 1199 1991 δύναμαι
1233 1931 1381 1979 ποιεῖν
1420 1924 1584 1992 ὥσπερ
1620 1924 1737 1976 ’ίδιόν

135 2033 180 2061 τι
207 2011 282 2061 καὶ
308 2011 386 2061 ἀπ’
415 2011 631 2074 ἐμαυτοῦ,
658 2008 683 2061 ὃ
708 2009 774 2074 μὴ
801 2009 969 2070 βλέπω
994 2008 1340 2078 προσπεφυκὸς
1366 2012 1423 2077 τῇ
1450 2014 1534 2060 τοῦ
1561 2007 1730 2074 γεννή-
1754 2016 1780 2057 d

136 2116 313 2147 σαντος
339 2091 498 2161 φύσει,
518 2090 625 2143 τότε
651 2091 705 2143 τό
724 2093 800 2143 Οὐ
827 2091 1029 2157 δύναμαι
1054 2090 1141 2156 τὴν
1160 2094 1243 2156 τῆς
1270 2092 1434 2144 οὐσίας
1460 2089 1736 2158 ἑδραιότητα

137 2177 213 2226 καὶ
247 2173 302 2227 τὸ
335 2172 670 2239 ἀμετάπτωτον
695 2178 757 2229 εἷς
787 2174 945 2240 ἕτερόν
971 2198 1015 2226 τι
1050 2172 1162 2241 παρ’
1190 2174 1306 2240 ὅπερ
1343 2172 1542 2241 ὑπάρχει
1578 2176 1729 2238 δηλοῖ.

69 2280 117 2318 25
137 2259 190 2309 οὐ
217 2258 417 2321 δύναμαι
443 2256 551 2324 γὰρ,
579 2259 746 2327 φησὶν,
773 2258 851 2309 ἀπ’
881 2258 1084 2321 ἐμαυτοῦ
1118 2256 1184 2322 μὴ
1221 2254 1337 2308 εἶναι
1368 2256 1487 2326 ζῶον
1523 2256 1734 2321 λογικὸν,

136 2344 231 2391 τῶν
269 2344 327 2408 τῇ
366 2339 510 2408 φύσει
542 2339 826 2406 προσόντων
852 2339 1262 2406 κατευμεγεθήσας
1288 2337 1730 2402 πλεονεκτημάτων·

136 2423 191 2473 οὐ
226 2420 320 2490 γὰρ
356 2423 450 2489 ὁρῶ
489 2420 543 2473 τὸ
579 2422 811 2474 δύνασθαι
846 2428 987 2474 τοῦτο
1020 2427 1188 2474 παθεῖν
1223 2424 1271 2474 ἐν
1309 2425 1368 2490 τῇ
1407 2427 1490 2472 τοῦ
1524 2421 1736 2475 τεκόντος

138 2505 295 2573 φύσει·
339 2504 458 2556 κατὰ
496 2511 663 2556 τοῦτον
698 2506 779 2556 οὖν
818 2505 910 2571 ἄρα
950 2504 1032 2556 τὸν
1070 2505 1248 2571 τρόπον
1287 2504 1472 2571 ἀκούσῃ
1511 2503 1736 2570 λέγοντος

136 2594 220 2639 τοῦ
248 2591 464 2654 Χριστοῦ
490 2591 559 2638 Οὐ
587 2584 767 2639 δύναται
803 2593 821 2639 ὁ
849 2588 948 2643 Tibq
986 2591 1118 2639 ποιεῖν
1145 2590 1228 2656 ἀφ’
1259 2587 1409 2638 ἑαυτοῦ
1439 2583 1550 2637 οὐδὲν
1575 2585 1646 2637 ἐὰν
1672 2588 1735 2654 μή

188 2717 218 2740 1.
246 2705 343 2740 Haec
357 2705 410 2739 καὶ
424 2705 599 2750 ἅνθρωπος
616 2707 793 2749 γενόμενος
810 2713 992 2751 assumpta
1009 2718 1050 2740 ex
1064 2706 1106 2740 B.
1120 2705 1227 2741 Cord.
1315 2717 1347 2748 4.
1373 2704 1536 2749 πρέποιτο
1548 2705 1560 2748 (
1572 2705 1734 2749 Ξπρέποι

136 2753 199 2799 τῷ)
222 2752 262 2786 Β.
454 2753 487 2786 8.
511 2754 727 2797 προσβαλεῖν
746 2753 786 2786 Β.
806 2755 1048 2798 προσβάλλειν
1068 2752 1133 2787 Ed.
1326 2764 1358 2797 9.
1385 2753 1494 2786 ποιεῖν
1511 2758 1735 2796 assumptum

137 2812 179 2834 ex
200 2799 241 2833 B.
261 2799 396 2844 Migne.
586 2810 638 2834 10.
663 2799 720 2845 τό]
741 2799 796 2834 ὅτε
814 2802 853 2834 τό
873 2800 916 2835 Β.
967 2800 1092 2834 Statim
1112 2800 1161 2833 Οὐ
1178 2805 1402 2843 assumptum
1421 2811 1462 2832 ex
1484 2798 1576 2832 BD.
1598 2799 1733 2843 Migne.

142 2858 195 2881 12.
222 2846 367 2891 ἀνάγκης
384 2844 477 2890 οὐδὲ]
497 2845 574 2880 οὐδὲ
594 2846 778 2892 ἀναγκαίως
799 2847 841 2882 Β.
944 2847 996 2881 16.
1023 2847 1076 2880 καὶ
1095 2847 1153 2881 alt.
1171 2858 1241 2881 om.
1262 2845 1304 2881 B.
1405 2854 1458 2891 17.
1483 2845 1672 2891 ἀνθρώποις
1692 2846 1734 2882 Β.

140 2895 194 2928 18.
222 2893 307 2929 εἰκὸς
324 2892 437 2938 ἅπηχύ
454 2907 489 2927 τε
509 2892 646 2927 inverso
664 2893 786 2928 ordine
805 2894 848 2929 B.
912 2908 971 2929 ποι
989 2899 1212 2937 assumptum
1231 2904 1271 2927 ex
1295 2892 1335 2926 B.
1501 2904 1554 2937 19.
1580 2893 1670 2927 αὐτῶ
1690 2893 1733 2928 B.

137 2946 171 2975 et
188 2940 236 2975 sic
254 2940 346 2985 conj.
359 2940 453 2974 Aub.
470 2947 549 2984 post
563 2939 642 2974 ἀσθ.
656 2946 699 2974 tr.
713 2940 755 2975 B.
774 2941 882 2975 αὐτῶν
895 2940 959 2975 Ed.
1013 2939 1089 2983 εἴπῃ
1108 2952 1176 2974 orn.
1193 2939 1234 2973 B.
1332 2950 1387 2974 20.
1413 2938 1521 2984 φύσει
1534 2940 1579 2974 Ι).
1600 2928 1660 2974 sed
1678 2955 1734 2986 γρ.

138 2988 220 3022 κατὰ
238 2987 347 3032 φύσιν
367 2987 399 3020 D
420 2999 491 3031 mg.
590 2997 645 3021 22.
669 2988 789 3028 βλέπω
810 2987 852 3022 Β.
870 2987 1009 3029 βλέπων
1028 2987 1094 3022 Ed.
1194 2997 1249 3029 24.
1275 2987 1493 3030 μετάπτωτον
1512 2987 1597 3031 (sic)
1619 2987 1659 3023 Β.
