2084 3317
369 147 450 187 706
768 145 818 184 B.
852 143 1125 184 CYRILLI
1168 143 1549 184 ALEXANDR.
1711 141 1781 182 vii.
1799 151 1952 195 50,51.

144 252 174 282 S.
192 251 272 282 Luc.

144 295 200 366 Xigi'
219 302 270 334 47⁷
463 335 475 352 t
703 334 714 351 ι
1035 334 1048 349 κ
1142 336 1152 350 ε
1220 334 1231 350 x
1303 332 1316 348 x
1375 337 1384 351 ‚
1438 332 1450 350 x
1582 335 1595 350 x
1676 331 1689 347 x
1828 331 1840 347 l

144 347 164 377 4
189 360 197 368 ·
367 359 571 401 ποιησας
599 338 856 401 δαρησεται
881 341 1088 388 πολλας·
1134 358 1158 384 ο
1184 337 1232 385 δε
1257 357 1322 397 μη
1350 336 1495 395 ειδως,
1523 356 1597 384 και
1631 356 1695 396 μη
1731 354 1954 395 ποιησας,

368 256 392 304 ὁ
433 253 528 320 γὰρ
566 253 709 316 εἰδώς,
749 255 887 321 φησὶ,
926 252 981 304 τὸ
1021 253 1207 316 θέλημα
1248 257 1331 302 τοῦ
1373 252 1549 317 Κυρίου
1587 251 1742 312 αὑτοῦ,
1779 253 1852 300 καὶ
1891 249 1956 312 μὴ

367 417 624 484 δαρήσεται
650 418 832 483 ὀλίγας.
888 418 1054 467 οὐκοῦν
1081 415 1245 466 εἷδέναι
1271 415 1354 466 τὸν
1380 414 1524 478 νόμον
1548 413 1954 479 ὁμολογήσαντες,

368 500 499 550 αὐτοὶ
537 502 619 563 τῆς
658 500 810 549 αὐτῶν
844 499 1079 551 ἀπειθείας
1115 501 1392 564 κατηγορεῖν
1423 496 1672 562 ἐγνώκασι,
1701 499 1959 561 διαγελῶσι

329 597 350 624 0
369 580 417 631 δὲ
443 579 527 632 τὸν
553 580 701 647 ὄχλον
728 582 789 633 ὡς
816 581 989 643 ἀμαθῆ,
1011 578 1087 630 διά
1112 601 1161 630 τε
1188 584 1326 630 τοῦτο
1353 583 1448 632 τοῖς
1474 584 1556 629 τοῦ
1584 580 1804 644 Σωτῆρος
1828 577 1959 640 ἡμῶν

367 662 780 727 σεσαγηνευμένον
822 660 1078 722 θαύμασιν·
1142 658 1240 711 εἶτα
1283 666 1379 714 τοῖς
1418 662 1467 711 ἐκ
1510 660 1654 722 νόμου
1697 657 1960 724 διηγήμασι

365 745 660 807 μεταπείθειν
701 744 784 794 οὐκ
825 743 1024 809 ἔχοντες,
1063 741 1303 808 ἀλαζὸνως
1345 742 1616 809 ὑβρίζουσιν
1655 740 1961 792 ἀπαιδεύτους

367 824 672 891 ὀνομάζοντες
698 823 805 878 τοὺς
837 826 1047 888 ἑτοίμους
1083 828 1145 878 εἰς
1181 824 1397 875 σύνεσιν.
1451 829 1593 875 τοῦτο
1625 822 1719 889 γὰρ
1753 822 1857 875 ἔθος
1891 823 1961 871 ἀεὶ

366 913 464 962 τοῖς
504 912 597 958 τῶν
639 906 947 958 διδασκάλων
986 907 1337 973 ἀμαθεστέροις,
1376 910 1417 957 οἱ
1459 905 1602 970 μηδὲν
1644 905 1829 972 ἔχοντες
1865 907 1960 954 τῶν

366 989 658 1056 ζητουμένων
691 993 848 1051 εἰπεῖν,
877 990 1040 1056 ὀργαῖς
1076 988 1418 1055 ἀποκρούοντες
1455 993 1549 1039 τῶν
1575 984 1954 1056 φιλοπευστούν-

366 1095 461 1123 των
495 1071 581 1136 τὴν
614 1072 872 1137 ἀκρίβειαν.
917 1070 1175 1140 ἐπαράτους
1214 1071 1262 1122 δὲ
1302 1070 1420 1122 εἷναί
1454 1075 1579 1139 φασι
1616 1068 1724 1123 τοὺς
1761 1068 1956 1121 πιστεύ-

366 1177 518 1216 οντας,
545 1155 675 1204 αὐτοὶ
702 1154 810 1204 καθ’
841 1154 1019 1204 ἑαυτῶν
1047 1153 1332 1220 δικαιότερον
1359 1152 1416 1204 ἂν
1443 1159 1580 1204 τοῦτο
1606 1152 1762 1217 λέγειν
1789 1153 1960 1201 ἀναπε-

364 1235 623 1298 πεισμένοι.
665 1234 718 1286 τὸ
745 1234 839 1301 γὰρ
866 1234 1100 1301 ἐπάρατον
1128 1233 1241 1286 εἶναι
1266 1235 1349 1286 τὸν
1376 1236 1544 1298 ἀπειθῆ
1570 1233 1960 1301 πρεπωδέστερον

365 1316 437 1381 δὴ,
471 1316 682 1371 εἰπόντος
721 1323 805 1368 τοῦ
844 1316 1101 1381 νομοθέτου
1135 1321 1323 1385 σαφῶς,
1356 1319 1418 1371 ὡς
1453 1319 1557 1384 περὶ
1592 1315 1842 1385 προφήτου
1876 1321 1960 1366 τοῦ

142 1401 347 1486 ἓξὲξ-φο
367 1402 588 1464 Σωτῆρος
619 1400 750 1463 ἡμῶν
776 1403 995 1465 Χριστοῦ
1024 1406 1049 1428 “
1073 1401 1169 1450 Καὶ
1203 1399 1340 1450 ε”σται
1375 1398 1425 1454 ὃς
1462 1397 1520 1450 ἂν
1546 1398 1610 1463 μὴ
1646 1398 1830 1466 ἀκούσῃ
1865 1397 1959 1448 ὅσα

141 1496 303 1568 ἓοῐειῇδ-
367 1488 394 1511 “
421 1481 480 1532 ἀν
505 1480 705 1549 λαλήσῃ
732 1482 757 1531 ὁ
782 1479 1034 1549 προφήτης
1060 1483 1229 1535 ἐκεῖνος
1255 1483 1329 1532 ἐπὶ
1356 1485 1422 1550 τῷ
1449 1479 1647 1544 ὀνόματί
1667 1504 1772 1545 μου,
1795 1479 1960 1549 ἐξολο-

146 1549 208 1621 23?-
228 1549 274 1569 m.
367 1570 394 1594 “
421 1564 733 1630 θρευθήσεται
759 1562 787 1626 ἡ
818 1561 955 1631 ψυχὴ
983 1562 1130 1628 ἐκείνη
1157 1565 1207 1614 ἐκ
1232 1569 1315 1614 τοῦ
1342 1569 1462 1615 λαοῦ
1488 1562 1673 1627 αὐτῆς,”

298 1719 349 1757 50
366 1715 486 1761 ΛέΓει
527 1713 636 1770 Πρὸς
680 1713 836 1754 αὐτοὺς
879 1712 1135 1765 ΝικόὸΗμοε,
1173 1715 1196 1755 ὁ
1238 1713 1378 1755 ἐλθὼν
1416 1714 1524 1770 Πρὸς
1566 1712 1694 1757 αὐτὸν
1732 1713 1960 1771 Πρότερον,

298 1815 345 1852 51
436 1801 497 1846 εἷς
528 1804 589 1846 ὢν
615 1804 661 1847 ἐξ
692 1804 836 1846 αὐτῶν
861 1803 934 1845 ΛΛιὶι
969 1803 992 1847 ὁ
1029 1805 1157 1853 νόμος
1193 1805 1315 1855 ἡμῶν
1349 1805 1481 1863 κρίνει
1515 1805 1588 1848 τὸν
1620 1806 1851 1862 ἄνθρωπον
1883 1805 1960 1846 ἐὰν

434 1896 490 1945 μή
530 1896 693 1954 ἀκούσῃ
731 1896 905 1953 Πρῶτον
944 1895 1038 1952 Παρ’
1079 1896 1209 1937 αὐτοῦ
1251 1895 1319 1937 καὶ
1358 1897 1442 1951 Γνῴ
1479 1895 1518 1938 τί
1554 1893 1694 1950 Ποιεῖ;

328 2041 351 2068 e
444 2020 520 2076 Εἷς
552 2020 637 2084 μὲν
664 2022 689 2072 ὁ
716 2017 970 2089 Νικόδημος
1005 2024 1100 2071 τῶν
1131 2020 1403 2086 ἡγουμένων
1428 2022 1544 2084 ἐστὶ,
1569 2022 1645 2072 καὶ
1679 2024 1776 2075 τοῖς
1809 2019 1960 2088 ἀρχὴν

367 2108 606 2171 λαχοῦσιν
650 2102 927 2169 ἐναρίθμιος,
973 2101 1103 2166 πλὴν
1147 2103 1233 2170 οὐχ
1279 2101 1556 2169 ὁλοκλήρως
1600 2102 1808 2166 ἀπειθὴς,
1855 2102 1961 2153 οὐδὲ

367 2190 468 2238 ταῖς
509 2185 693 2235 ἐκείνων
732 2186 974 2239 ἀπονοίαις
1020 2188 1083 2238 εἷς
1125 2184 1252 2235 ἅπαν
1286 2184 1632 2248 ἁμιλλώμενος,
1671 2207 1956 2250 κατανενυγ-

368 2268 505 2331 με’νος
551 2266 599 2318 δὲ
644 2268 747 2332 ἤδη,
789 2269 865 2318 καὶ
910 2266 1160 2333 ἐλευθέραν
1204 2266 1289 2331 μὲν
1333 2268 1463 2318 οὔπω
1507 2264 1593 2330 τὴν
1637 2270 1701 2321 εἰς
1745 2266 1963 2334 Χριστὸν

370 2349 561 2416 ἀγάπην
599 2349 734 2417 ἔχων,
768 2347 898 2413 πλὴν
933 2349 1084 2415 ἠρέμα
1121 2347 1228 2402 τοῦς
1265 2347 1359 2400 ἀπὸ
1398 2354 1482 2400 τοῦ
1522 2348 1792 2402 συνειδότος
1823 2347 1959 2414 ἐλέγ-

370 2455 484 2500 χους
528 2432 908 2494 δυσωπούμενος.
973 2430 1045 2481 ὅτι
1084 2429 1178 2497 γὰρ
1223 2433 1299 2481 καὶ
1345 2430 1420 2481 διὰ
1463 2430 1628 2485 νυκτὸς
1672 2429 1722 2481 δὲ
1767 2431 1962 2499 ἀφίκετο

370 2513 488 2580 πρὸς
528 2512 684 2576 αὐτὸν,
719 2516 794 2564 καὶ
833 2513 1085 2578 ἐγνωκέναι
1115 2517 1288 2581 σαφῶς
1320 2513 1693 2574 διεβεβαιώσατο
1732 2515 1796 2567 ὡς
1832 2511 1964 2580 παρὰ

148 2599 256 2674 isifflm
374 2599 500 2647 Θεοῦ
559 2618 609 2646 τε
667 2595 766 2660 ἥκει
823 2594 1131 2657 διδάσκαλος,
1192 2597 1267 2644 καὶ
1326 2596 1387 2648 ὡς
1446 2595 1592 2649 οὐδεὶς
1655 2592 1712 2645 ἂν
1774 2593 1963 2646 δύναιτο

421 2729 453 2753 2.
479 2717 626 2762 ποιήσας
642 2716 758 2764 prius]
783 2721 820 2759 -f-
842 2718 923 2752 αὗτὸ
942 2717 1037 2752 Aub.
1055 2717 1174 2752 invitis
1195 2716 1270 2751 B.a.
1292 2716 1410 2751 Holst.
1517 2730 1550 2759 4.
1577 2719 1703 2752 ἑαυτῶν
1719 2729 1750 2753 a.
1859 2727 1893 2763 5.
1919 2718 1964 2754 ὡς

371 2765 482 2810 ἀμαθῆ
502 2771 723 2810 assumptum
743 2777 783 2799 ex
805 2765 880 2799 ss.a.
1001 2765 1034 2799 6.
1060 2763 1312 2807 σεσαλευμένον
1329 2764 1424 2798 Αιὼ.
1442 2764 1561 2799 invitis
1582 2765 1657 2799 B.a.
1678 2764 1754 2799 Cat.
1776 2764 1876 2798 Harl.
1898 2764 1962 2799 Ht.

376 2814 430 2846 18.
448 2811 576 2857 ἐλθὼν]
596 2816 633 2852 -1-
651 2812 768 2847 νυκτὸς
786 2811 922 2856 Migne.
996 2822 1051 2854 24.
1069 2810 1251 2855 ἐλευθέραν
1266 2813 1327 2853 μέν
1345 2817 1570 2856 assumptum
1588 2823 1629 2845 ex
1649 2811 1691 2846 B.
1766 2821 1821 2856 25.
1838 2811 1964 2846 τοὺς-

371 2858 537 2904 ἐλέγχους
555 2858 718 2892 emendat
738 2859 866 2904 Heyse.
885 2857 1161 2903 τοῦ-ἐλέγχους
1179 2857 1220 2892 Β.
1239 2857 1494 2903 τοῦ-ελέγχου
1515 2858 1577 2892 Ht.
1594 2858 1660 2893 Ed.
1809 2859 1863 2893 26.
1889 2857 1959 2903 ὅτι]

372 2905 655 2951 κατανενυγμένος
672 2905 708 2939 δὲ
728 2905 918 2950 praemittit
937 2904 1015 2945 Ed„
1029 2905 1146 2939 codice
1164 2916 1226 2949 pro
1245 2916 1341 2938 more
1358 2910 1398 2939 ut
1416 2904 1486 2939 vid.
1501 2905 1693 2939 clausulam
1707 2904 1779 2950 jam
1798 2905 1962 2949 scriptam

373 2951 498 2986 iterum
517 2952 710 2997 scripturo:
738 2952 844 2986 verba
860 2952 968 2996 igitur
985 2951 1107 2986 delevi.
1173 2951 1209 2985 δὲ
1227 2951 1370 2996 ἀφίκετο
1390 2951 1431 2985 Β.
1450 2951 1649 2997 εἷσαφίκετο
1670 2951 1732 2985 Ht.
1754 2951 1819 2986 Ed.

1979 595 2001 634 5

1983 1011 2032 1038 10

1982 1903 2032 1929 20
