2084 3317
354 156 438 196 546
754 153 805 194 B.
838 149 1113 193 CYRILLI
1153 147 1534 190 ALEXANDR.
1795 146 1852 186 vi.
1870 153 1938 200 59.

356 262 713 329 ἁπλουστέρων.
778 264 837 329 τῇ
877 260 971 326 γὰρ
1013 260 1134 310 οὕτω
1175 257 1388 325 πλουσίᾳ
1430 257 1550 324 χειρὶ
1590 259 1691 309 πῶς
1731 254 1815 305 οὐκ
1855 252 1945 304 ε”δει

357 349 604 409 προσεῖναι
629 342 684 394 τὸ
713 343 927 394 πλούσια
962 340 1237 408 χαρίζεσθαι
1274 336 1461 399 θέλεινς
1501 337 1572 388 διὸ
1599 339 1673 387 καὶ
1699 337 1724 386 ὀ
1750 339 1947 388 Παῦλος

135 423 287 509 §.omn
359 424 675 491 ἀποθαυμάζει
726 424 882 489 λε’γων
932 430 960 452 “
985 418 1276 490 Ὀφθαλμὸς
1328 420 1411 470 οὐκ
1461 417 1551 469 εἶδε
1601 420 1676 469 καὶ
1733 418 1811 470 οὖς
1865 417 1948 467 οὐκ

361 514 388 536 “
414 506 590 570 ἤκουσε
617 508 693 556 καὶ
720 506 792 556 ἐπὶ
819 503 1016 569 καρδίαν
1041 500 1294 568 ἀνθρώπου
1324 501 1407 551 οὐκ
1441 499 1600 564 ἀνέβη,
1628 496 1659 549 ἃ
1692 499 1950 563 ἡτοίμασεν

322 596 390 627 0⁶⁶
417 591 442 639 ὁ
482 587 602 641 Θεὸς
648 592 745 640 τοῖς
790 587 1046 651 ἀγαπῶσιν
1085 581 1271 633 αὑτόν·”
1333 583 1382 632 ἐν
1419 587 1600 648 μικροῖς
1645 580 1693 631 δὲ
1738 582 1763 630 ὁ
1808 578 1992 641 νόμος5

137 683 298 713 fieb-X-l-
360 670 714 736 παραδείγμασι
748 666 807 718 τὰ
844 665 1033 732 μεγάλα
1069 662 1301 726 διετύπου,
1328 670 1355 693 “
1374 662 1516 714 σκιὰν
1547 663 1668 730 ε”χων
1699 665 1795 712 τῶν
1825 666 1947 723 μελ-

361 758 388 781 “
413 749 598 802 λόντων
622 751 830 815 ἀγαθῶν,
852 749 934 798 οὐκ
961 744 1106 809 αὐτὴν
1133 746 1181 797 δὲ
1208 744 1294 809 τὴν
1319 744 1476 795 εἰκόνα
1499 748 1594 795 τῶν
1613 741 1948 810 πραγμάτων,”

359 831 482 884 καθὰ
515 831 793 898 γέγραπται·
835 831 897 882 ὡς
933 830 981 879 ἐν
1012 831 1070 895 τῇ
1104 833 1187 878 τοῦ
1225 825 1379 890 μάννα
1417 829 1573 894 τροφῇ
1612 823 1698 888 τὴν
1730 823 1953 889 εὐλογίαν

362 917 566 982 ὁρᾶσθαι
599 912 686 976 τὴν
718 910 795 962 διὰ
819 914 1056 977 Χριστοῦ·
1100 907 1214 959 σκιὰ
1247 907 1342 974 γὰρ
1375 912 1470 959 τῶν
1500 905 1778 971 μελλόντων
1804 907 1953 957 ἐκεῖνα

361 1001 458 1050 τοῖς
484 993 803 1063 ἀρχαιοτέροις
829 990 1261 1059 προκατεγράφετο.
1977 1008 2026 1035 10

296 1158 344 1196 59
497 1153 644 1194 Ταῦτα
682 1147 799 1193 εἶπεν
837 1151 882 1192 ὲν
921 1153 1144 1206 &uvas-oon}
1181 1147 1398 1190 διδάσκων
1434 1148 1478 1188 ἐν
1516 1146 1821 1203 Καφαρναούμ.

318 1237 346 1276 d
439 1263 748 1323 Θαυμαστῶν
779 1258 888 1322 ἡμῖν
917 1256 1193 1323 μυστηρίων
1222 1253 1453 1324 ἐξήγησιν
1487 1252 1764 1320 εἰσενεγκὼν
1796 1254 1822 1303 6
1860 1275 1952 1302 σο-

365 1341 586 1409 φώτατος
639 1337 1022 1406 Εὐαγγελιστὴς,
1075 1337 1355 1401 ἀνατίθησιν
1404 1335 1593 1389 εἰκότως
1649 1339 1716 1404 τῷ
1770 1336 1956 1399 Σωτῆρι

364 1427 567 1492 Χριστῷ
615 1421 702 1487 τὴν
746 1424 830 1485 τῆς
876 1421 945 1472 ἐπ’
995 1420 1151 1473 αὐτοῖς
1199 1417 1511 1470 διδασκαλίας
1561 1415 1726 1483 ἀρχὴν,
1771 1418 1829 1482 τῇ
1872 1419 1956 1465 τοῦ

364 1504 630 1571 προσώπου
656 1503 937 1572 περιφανείᾳ
962 1501 1045 1552 τὸν
1071 1499 1447 1566 ἀντιπράττοντα
1473 1501 1724 1559 δυσωπῶν,
1751 1499 1825 1548 καὶ
1850 1495 1957 1550 τοὺς
1981 1514 2028 1554 15

365 1587 498 1654 οἵπερ
525 1587 731 1651 ε”μελλον
758 1587 1058 1651 ἀντεροῦντες
1091 1581 1352 1651 ἀφίξεσθαι
1377 1583 1769 1647 προκαταπτοῶν·
1812 1578 1840 1642 ἡ
1866 1576 1959 1644 γὰρ

365 1673 461 1720 τῶν
499 1667 822 1719 διδασκόντων
857 1666 962 1716 ἔσθ’
999 1664 1075 1715 ὅτε
1114 1661 1395 1730 λαμπρότης
1434 1659 1726 1727 ἑτοιμότερόν
1759 1672 1867 1713 πως
1898 1663 1960 1712 εἰς

366 1751 531 1802 πίστιν
568 1748 652 1801 τὸν
691 1747 938 1815 ἀκροατὴν,
966 1745 1217 1813 ἐργάζεται,
1257 1745 1333 1796 καὶ
1371 1742 1662 1810 γοργοτέραν
1699 1739 1829 1808 παρὰ
1866 1744 1962 1790 τῶν

329 1830 714 1895 επαιδευομένων
740 1831 930 1881 ἀπαιτεῖ
951 1827 1037 1891 τὴν
1063 1825 1354 1879 συναίνεσιν.
1409 1826 1459 1875 εὖ
1491 1824 1541 1874 δὲ
1574 1823 1630 1888 δὴ
1663 1822 1773 1874 λίαν
1798 1819 1962 1887 ἐπάγει

367 1913 423 1965 τό
459 1916 532 1965 Ἐν
570 1913 622 1983 τῇ
658 1915 913 1984 συναγωγῇ·
972 1907 1119 1972 μόνον
1155 1905 1249 1973 γὰρ
1288 1907 1392 1974 οὐχὶ
1430 1910 1571 1957 τοῦτο
1610 1903 1898 1968 δηλούμενος
1936 1902 1961 1952 ὃ
1983 1927 2033 1953 20

369 1993 517 2061 λόγος
548 1993 691 2044 Ἀλλ’
727 1991 832 2042 οὐδὲ
871 1990 934 2044 εἷς
970 2012 1063 2041 που
1101 1987 1247 2056 τυχὸν
1284 1986 1313 2052 ἢ
1354 1986 1436 2038 δύο
1475 1985 1776 2050 κατήκουσαν
1815 1989 1965 2035 ταῦτα

369 2076 595 2141 λέγοντος
633 2079 717 2124 τοῦ
755 2076 990 2139 Χριστοῦ,
1030 2068 1284 2136 διαῤῥήδην
1316 2070 1390 2119 ἐπὶ
1430 2066 1622 2119 πάντων
1655 2067 1692 2117 ἐν
1725 2070 1965 2138 συναγωγῇ

372 2156 568 2225 διδάξας
612 2157 789 2222 ὁρᾶται,
833 2151 995 2218 ὥσπερ
1040 2152 1123 2202 οὖν
1167 2149 1307 2203 αὐτὸς
1351 2151 1428 2200 καὶ
1472 2147 1548 2199 διὰ
1590 2153 1672 2199 τοῦ
1715 2145 1965 2243 προφήτου

151 2239 206 2324 ἷξ-
224 2237 290 2269 xlv.
372 2237 582 2290 Ἡσαΐου
610 2236 762 2305 φησίν
788 2242 814 2265 “
837 2234 992 2285 Ουκ’
970 2256 1018 2284 εν
1039 2236 1202 2332 κρυφῇ
1230 2230 1480 2295 λελάληκα
1507 2227 1657 2280 οὐδὲ’
1636 2252 1685 2279 εν
1709 2227 1841 2297 τόπω
1875 2229 1965 2293 γῆς

376 2328 402 2352 “
428 2319 687 2387 σκοτεινῶ·’
758 2319 955 2368 ἐποιεῖτο
994 2314 1088 2381 γὰρ
1126 2315 1175 2365 ἐν
1212 2312 1456 2380 παῤῥησία
1496 2334 1605 2365 τους
1641 2333 1746 2376 περι
1786 2309 1965 2360 τούτων
1985 2329 2034 2368 25

375 2400 564 2467 λόγους,
590 2397 955 2464 ἀναπολόγητον
989 2400 1086 2450 τοῖς
1110 2394 1353 2447 Ἰουδαίοις
1387 2392 1474 2457 τὴν
1507 2392 1665 2459 κρίσιν
1694 2393 1961 2453 ἀποτελῶν,

377 2484 453 2534 καὶ
478 2485 575 2536 τοῖς
600 2478 894 2544 ἀπειθήσασι
919 2476 980 2529 τὰ
1014 2478 1063 2527 ἐκ
1097 2480 1181 2526 τοῦ
1212 2472 1276 2539 μὴ
1307 2472 1547 2526 πιστεύειν
1573 2473 1698 2541 αὐτῷ
1723 2471 1963 2539 δυσαχθέ-

157 2585 240 2621 373
254 2583 305 2618 A.
339 2586 528 2630 acrrepa
564 2566 713 2614 ποιῶν
750 2559 1039 2627 ἐγκλήματα.
1109 2557 1238 2608 οὔπω
1277 2554 1364 2618 μὲν
1402 2553 1495 2621 γὰρ
1533 2553 1588 2605 τὸ
1628 2555 1749 2604 οὕτω
1786 2552 1968 2604 σεπτὸν

429 2720 460 2743 2.
488 2707 602 2743 θέλειν
622 2706 664 2741 Β.
682 2705 784 2740 θέλον
802 2703 870 2738 Ed.
1037 2701 1070 2736 6.
1095 2700 1358 2757 παραδείγμασι
1367 2704 1590 2744 assumptum
1608 2710 1649 2732 ex
1670 2697 1712 2732 B.
1874 2704 1905 2740 7.
1931 2696 1968 2730 δὲ

381 2760 605 2799 assumptum
623 2765 664 2787 ex
684 2753 726 2786 B.
791 2748 919 2795 εἰκόνα]
945 2753 981 2790 -1-
1001 2748 1090 2804 ἔχων
1108 2747 1152 2782 Β.
1261 2757 1314 2781 11.
1341 2746 1377 2780 ἐν
1393 2744 1509 2791 prius]
1533 2749 1571 2786 -Ι-
1591 2747 1630 2788 τῇ
1652 2744 1717 2778 Ed.
1735 2742 1853 2778 invitis
1874 2743 1914 2776 B.
1920 2742 1967 2776 D.

381 2803 416 2836 ἐν
434 2800 509 2846 alt.]
530 2800 576 2836 εἷς
596 2800 637 2834 Β.
703 2797 830 2832 Statlm
848 2794 1076 2841 Καφερναοὺμ
1095 2794 1138 2828 Β.
1248 2802 1302 2835 14.
1327 2791 1377 2826 ἐπ
1396 2792 1479 2826 αὐτὸ
1499 2792 1540 2826 Β.
1545 2792 1578 2825 D
1597 2803 1615 2826 e
1635 2802 1723 2825 corr.
1832 2788 1886 2823 16.
1911 2789 1968 2823 ἆν-

381 2850 501 2892 τεροῦν
521 2847 562 2880 Β.
643 2847 936 2889 προσκαταπτοῶν
954 2838 1478 2884 Β.18.γοργοτέρων
1497 2838 1539 2873 Β.
1731 2847 1746 2869 Ι
1777 2861 1785 2870 .
1811 2849 1969 2870 συναισιν

385 2895 437 2937 (=
460 2892 615 2936 σύνεσιν)
638 2892 679 2926 Β.
814 2901 869 2924 20.
898 2886 1120 2933 δηλούμενος]
1140 2886 1249 2930 δηλοῖ·
1277 2886 1336 2919 οὐκ
1354 2886 1432 2929 ἐμὸς
1452 2885 1494 2920 Β,
1625 2894 1680 2918 22.
1707 2882 1742 2917 ἐν
1783 2886 1820 2921 -ὗ-
1841 2884 1880 2926 τῇ
1901 2881 1967 2915 Ed.

383 2941 492 2974 invito
513 2939 554 2974 B.
700 2948 754 2982 23.
780 2936 838 2971 οὑν
856 2947 925 2970 om.
947 2935 989 2969 Β.
