2084 3317
359 161 442 201 124
758 160 809 200 B.
843 161 1116 200 CYRILLI
1158 160 1535 201 ALEXANDR.
1767 157 1794 197 i.
1814 171 1853 211 9,
1877 168 1939 196 10.

139 268 233 300 Infra
358 270 388 317 θ
487 267 498 283 '
602 267 612 283 '
682 268 700 289 ‘5
839 268 850 282 ⁸
989 275 1008 283 ‘⁸
1284 267 1294 282 Ι
1341 290 1350 298 .
1402 275 1429 297 <6
1453 266 1464 282 ’
1563 266 1574 282 x
1697 266 1709 282 '
1824 266 1834 279 ‘
1877 269 1897 278 ‘⁸

136 312 231 351 ixl&
318 289 340 315 0
389 289 508 330 ηται.
564 289 607 317 τι
647 290 728 318 ουν
766 291 884 335 προς
922 292 1069 319 ταυτα
1109 272 1351 334 Χριστος,
1471 273 1609 331 Αμην
1648 273 1773 331 λεγω
1814 287 1938 328 υμιν,

358 354 385 376 “
410 349 513 398 οὔτε
551 348 685 401 οὗτος
718 349 924 415 ἥμαρτεν
953 351 1058 400 οὔτε
1092 354 1133 400 οἱ
1168 354 1320 414 γονεῖς
1359 350 1514 412 αὐτοῦ,
1540 349 1651 399 ἀλλ’
1680 348 1756 398 ἵνα
1791 351 1935 414 φανε-

357 436 386 458 “
410 434 541 496 ρωθῂ
572 429 630 480 τὰ
664 430 778 496 ἔργα
808 437 891 481 τοῦ
923 435 1046 481 Θεοῦ
1082 433 1130 481 ἐν
1164 430 1333 500 αὐτῲ.”
1380 434 1480 483 πῶς
1515 431 1596 480 οὖν
1629 429 1719 497 ἔξω
1754 428 1942 491 τίθησιν

358 512 588 577 ἁμαρτίας
630 511 809 573 αὐτοὺς,
853 514 1000 563 καίτοι
1045 511 1110 576 μὴ
1156 512 1293 565 ὄντας
1337 511 1652 578 ἀνεγκλήτους
1698 508 1816 561 κατὰ
1859 508 1942 559 τὸν

357 595 493 653 βίους
544 593 781 658 ἄνθρωποι
827 593 920 660 γὰρ
962 594 1105 656 ὅντες,
1143 593 1298 661 ἔνοχοί
1336 616 1428 644 που
1472 592 1660 646 πάντως
1701 592 1826 656 ἦσαν
1867 592 1982 643 καὶ5

356 675 675 736 πταίσμασιν.
732 676 841 725 ἀλλ’
875 675 976 726 ἔστι
1011 674 1253 740 πρόδηλόν
1287 698 1336 726 τε
1373 677 1447 726 καὶ
1482 673 1746 742 συμφανὲς,
1782 673 1942 737 ὅτιπερ

359 757 383 806 ὁ
412 755 556 821 λόγος
582 759 644 809 εἰς
671 754 753 806 τὸν
778 755 871 822 πρὸ
899 760 980 819 τῆς
1015 757 1242 822 γενέσεως
1277 757 1516 818 ἀναβαίνει
1551 755 1724 822 καιρὸν,
1753 755 1859 804 καθ’
1889 752 1943 804 ὃν

313 842 340 882 d
359 838 488 888 οὔπω
514 836 773 902 γεγονότες,
801 837 905 888 οὐδὲ
934 837 1213 904 ἡμάρτανον,
1240 838 1315 888 ἵνα
1342 839 1416 888 καὶ
1443 837 1650 904 ἀληθεύῃ
1677 834 1902 902 Χριστός.

433 923 494 970 ιθ.
537 939 669 967 ΑΛΛΟ.
708 921 770 970 ‘O
796 919 1022 986 μακάριος
1048 922 1298 989 προφήτης
1321 919 1545 982 εΙ-Ῑσαΐας,
1571 918 1656 982 τὴν
1683 919 1834 969 αἰτίαν
1861 922 1944 967 τοῦ

137 994 191 1026 Es.
213 997 268 1027 xlv
507 1005 527 1014 Α
724 1001 735 1017 ⁸
851 1006 870 1015 τ
951 1005 961 1019 >
1101 1004 1112 1019 s
1399 1005 1409 1019 υ
1509 1008 1518 1021 ’
1667 1001 1681 1017 x
1879 1003 1892 1018 x

138 1039 187 1068 13·
271 1023 277 1029 ·
358 1006 644 1066 πεποιησθαι
685 1026 771 1066 την
811 1026 900 1068 γην
939 1003 1248 1071 εξηγουμενος
1289 1007 1443 1054 ί(Ουκ
1484 1027 1545 1057 εις
1586 1026 1730 1065 κενον,
1771 1006 1940 1071 φησιν,
1966 1020 2014 1045 10

361 1090 386 1113 “
413 1084 634 1148 ε’ποιήσεν
685 1084 843 1147 αὐτὴν,
895 1086 1025 1135 ἀλλὰ
1077 1086 1441 1136 κατοικεῖσθαι·”
1508 1085 1596 1136 ε”δει
1652 1084 1701 1135 δὲ
1756 1082 1945 1137 πάντως

358 1170 676 1216 κατοικεῖσθαι
721 1166 806 1229 τὴν
844 1169 947 1233 γῆν,
988 1168 1040 1217 οὐ
1084 1167 1320 1230 πνεύμασι
1359 1166 1691 1233 πληρουμένην
1730 1169 1939 1230 γυμνοῖς,

358 1248 468 1297 ἀλλ’
516 1246 619 1297 οὐδὲ
665 1248 891 1314 άσάρκοις
937 1252 1011 1299 καὶ
1057 1249 1394 1318 ἀναμφιέστοις
1440 1253 1631 1316 ψυχαῖς,
1671 1245 1804 1297 ἀλλὰ
1847 1250 1943 1300 τοῖς

357 1327 681 1392 καταλλήλοις
719 1331 835 1398 αὐτῇ
870 1330 1172 1398 κεχρημέναις
1205 1331 1444 1393 σώμασιν,
1499 1329 1555 1395 ἦν
1582 1331 1662 1380 οὖν
1695 1327 1786 1395 ἆρα
1819 1328 1936 1387 βού-

357 1418 488 1475 λημα
517 1415 640 1462 θεῖον
666 1410 720 1462 τὸ
747 1413 965 1478 ἐνεργοῦν
991 1416 1051 1465 εἷς
1087 1412 1140 1463 τὸ
1179 1412 1459 1479 ἁμαρτάνειν
1487 1411 1666 1480 ψυχὰς,
1697 1411 1772 1461 ἵνα
1806 1411 1881 1460 καὶ
1917 1409 1945 1473 ἡ
1969 1430 2015 1468 15

317 1496 451 1543 Θτῶν
481 1492 719 1556 σωμάτων
750 1494 941 1559 γένηται
975 1494 1135 1562 φύσις,
1163 1496 1283 1545 οὕτω
1321 1518 1371 1545 τε
1411 1494 1580 1545 λοιπὸν
1613 1518 1640 1557 η
1680 1496 1740 1558 γῆ
1779 1491 1844 1555 μὴ
1883 1496 1946 1545 εἷς

358 1573 489 1624 κενὸν
523 1575 745 1643 φαίνηται
784 1576 1101 1642 γεγενημένης
1149 1575 1282 1627 ἀλλὰ
1319 1582 1457 1627 τοῦτο
1497 1576 1692 1637 ἄτοπον,
1733 1576 1940 1641 κρεῖττον

358 1656 439 1706 οὖν
463 1657 554 1723 ἄρα
579 1656 632 1707 τὸ
659 1657 827 1723 ἕτερον.

434 1761 474 1790 κ.
524 1760 655 1790 ΑΛΛΟ.
705 1741 769 1790 Ἡ
816 1739 1007 1791 πάντων
1051 1746 1248 1807 τεχνῖτις
1293 1741 1443 1808 σοφία
1491 1742 1593 1806 περὶ
1644 1742 1808 1803 ἑαυτῆς
1855 1761 1948 1790 που

136 1818 273 1902 ξ’]ζίονὸο
360 1823 512 1888 φησὶν
539 1823 586 1872 ἐν
611 1822 772 1891 βίβλῳ
799 1826 1062 1888 παροιμιῶν
1089 1829 1116 1852 “
1135 1822 1265 1887 Ἐγὼ
1297 1822 1421 1886 ἤμην
1448 1820 1477 1889 ᾗ
1513 1822 1874 1889 προσε’χαιρεν·”
1918 1823 1942 1872 ὁ
1967 1844 2016 1870 20

138 1915 189 1945 3¹-
358 1901 551 1953 πάντων
580 1903 799 1967 δηλονότι
822 1903 1136 1970 Δημιουργός·
1167 1912 1194 1933 “
1213 1906 1318 1955 καθ’
1348 1904 1523 1969 ἡμέραν
1551 1902 1598 1953 δὲ
1626 1901 1944 1972 εὐφραινόμην

359 1986 460 2034 “ε’ν
498 1986 744 2055 προσώπω
784 1987 926 2037 αὑτοῦ
964 1987 1013 2036 ἐν
1050 2009 1191 2037 παντι
1230 1990 1387 2055 καιρῷ,
1428 1985 1504 2036 ὅτε
1550 1986 1821 2053 εὐφραίνετο
1862 1982 1948 2048 τὴν

375 2066 682 2165 ίοῖκουμενην
714 2067 1026 2130 συντελεσας,
1067 2091 1140 2118 και
1177 2069 1502 2135 ἐνευφραίνετο
1537 2069 1585 2118 ἐν
1620 2071 1732 2120 υιοῖς
1766 2066 1947 2133 ἀνθρω-

359 2154 386 2176 “
411 2150 561 2198 πων.”
622 2149 698 2199 ὅτε
753 2150 909 2200 τοίνυν
959 2151 1254 2204 συντελέσας
1303 2149 1389 2214 τὴν
1441 2151 1711 2212 οἷκουμενην
1759 2151 1816 2216 τῇ
1863 2154 1947 2199 τοῦ

360 2229 610 2294 ἀνθρώπου
644 2235 912 2299 κατασκευῇ
946 2233 1057 2282 λιαν
1091 2231 1311 2300 ἐφήδεται
1346 2231 1483 2293 Θεος,
1514 2235 1613 2284 πῶς
1649 2231 1752 2298 οὐχὶ
1785 2229 1947 2294 πάσης
1970 2250 2017 2288 25

140 2323 196 2357 85
214 2323 263 2357 A·
321 2311 452 2379 ἃὲξω
487 2313 690 2362 κείσεται
729 2312 912 2380 φρενὸς,
941 2315 965 2363 ὁ
1001 2336 1387 2379 προγενεστεροις
1418 2312 1754 2377 ἁμαρτήμασιν
1782 2313 1943 2363 ὑποτι-

361 2395 455 2446 θεις
491 2393 577 2457 τὴν
605 2392 780 2463 ψυχὴν,
809 2394 884 2445 διά
920 2418 968 2445 τε
1004 2401 1142 2447 τοῦτο
1178 2399 1563 2457 σεσωματῶσθαι
1598 2395 1753 2459 λεγων
1779 2391 1945 2457 αὐτὴν,

360 2498 436 2526 και
483 2474 603 2526 κατὰ
646 2481 812 2526 τοῦτον
858 2480 1205 2543 τετιμωρῆσθαι
1251 2476 1333 2527 τὸν
1374 2476 1579 2541 τρόπον;
1633 2474 1661 2540 ἢ
1707 2475 1800 2542 γὰρ
1847 2476 1950 2542 οὐχὶ

361 2557 686 2623 δεσμωτηρίου
720 2562 924 2622 μᾶλλον,
950 2559 1071 2625 ἥπερ
1099 2559 1383 2622 οἰκουμένης,
1410 2557 1609 2624 ἐργάτης
1646 2558 1781 2608 ε’σται
1807 2555 1945 2610 &⁶69-

361 2639 741 2705 εὐφρανθήσεται
778 2639 825 2690 δὲ
859 2639 1148 2706 παραλόγως
1182 2642 1253 2690 ἐπὶ
1291 2645 1386 2693 τοῖς
1415 2639 1643 2707 ὑπέχουσι
1670 2640 1798 2693 δίκας
1817 2661 1830 2701 3
1873 2640 1949 2689 καὶ
1968 2661 2018 2698 30

361 2725 461 2774 πῶς
501 2719 561 2770 ἂν
600 2720 666 2786 εἴη
710 2720 878 2773 λοιπὸν
917 2720 1096 2787 ἀγαθὸς
1139 2722 1207 2773 ἐπ’
1249 2721 1440 2774 ἀτόποις
1485 2723 1606 2772 οὕτω
1651 2721 1909 2787 γανύμενος
1930 2742 1942 2783 ;

408 2863 441 2896 8.
467 2863 543 2897 ουδὲ
561 2875 630 2899 om.
650 2865 692 2899 B,
876 2878 929 2909 14.
956 2864 1015 2900 οὖν
1032 2877 1100 2900 om.
1120 2864 1162 2899 Ε.
1344 2874 1395 2910 15.
1422 2865 1621 2910 ἁμαρτάνειν
1640 2865 1682 2900 Β.
1700 2864 1860 2909 ἁμαρτεῖν
1878 2863 1947 2899 Ed.

363 2919 417 2942 21.
442 2910 592 2956 πάντων]
611 2912 744 2946 πάντων
761 2911 850 2947 ὅλων
869 2913 911 2947 Β.
1080 2923 1134 2957 23.
1162 2912 1362 2956 εὐφραίνετο
1384 2912 1423 2945 B.
1444 2912 1539 2955 (106.
1558 2913 1618 2955 al.)
1786 2919 1840 2953 25.
1868 2911 1945 2956 οὐχὶ

361 2955 489 3001 πάσης]
510 2957 572 3001 οὐχ
590 2957 723 3002 ἁπάσης
744 2959 784 2993 Β.
929 2971 985 3003 30.
1013 2959 1047 2993 δέ
1065 2970 1135 2993 om.
1156 2958 1198 2993 E.
1281 2958 1486 3003 ὑπερέχουσι
1508 2959 1548 2993 Β.
