2073 3296
344 172 399 211 56
745 172 794 214 B.
829 172 1104 214 CYRILLI
1145 173 1526 216 ALEXANDR.
1835 174 1860 216 i.
1886 186 1922 216 2.

298 285 325 326 b
344 279 576 346 ἄτρεπτον
619 279 733 332 ὅντα
777 280 895 332 κατὰ
938 280 1088 350 φύσιν
1132 287 1271 333 τοῦτο
1315 282 1467 345 με’νειν
1511 282 1627 349 ὅπερ
1669 283 1813 344 ἐστὶν,
1850 281 1926 332 ἵνα

341 359 460 426 πρὸς
497 365 565 430 τῷ
602 360 715 413 εἶναι
754 362 874 416 Θεὸς
913 364 989 413 καὶ
1029 362 1212 429 Πατὴρ,
1251 363 1438 431 ὑπάρχῃ
1478 365 1554 414 καὶ
1592 363 1925 425 ἀναλλοίωτος,

342 442 667 495 ἀναλλοίωτον
693 444 813 512 ἔχων
839 446 887 495 ἐν
918 445 1067 514 ἑαυτῷ
1101 443 1184 496 τὸν
1210 444 1267 514 ἐξ
1298 446 1440 496 αὐτοῦ
1471 444 1715 514 πεφηνότα
1743 443 1922 511 Λόγον,

342 523 560 575 τουτέστι
585 523 667 576 τὸν
691 525 826 577 Υἱόν.

418 625 551 656 ΑΛΛΟ.
612 604 881 674 Κατῃτιᾶτό
938 629 1067 660 τινας
1126 606 1201 657 διὰ
1260 611 1354 658 τῶν
1403 606 1550 672 ἁγίων
1597 610 1857 676 προφητῶν
1902 608 1927 657 ὁ
1949 625 1971 664 5

122 687 223 719 Ezek.

120 732 200 763 xxii.
223 731 272 764 26.

345 688 622 751 Νομοθέτης
648 689 724 739 καὶ
751 687 873 742 Θεὸς
898 687 1054 754 λέγων
1082 695 1108 717 “
1126 687 1249 739 Ἀνὰ
1273 687 1422 751 με’σον
1447 689 1582 754 ἁγίου
1607 690 1683 740 καὶ
1714 687 1928 753 βεβήλου

344 775 370 798 “
396 770 449 819 οὑ
499 769 822 820 διέστελλον·”
889 769 1052 834 πολλὴ
1103 769 1195 837 γὰρ
1245 769 1389 823 ὅντως
1439 771 1487 820 ἐν
1535 769 1713 823 τούτοις
1765 771 1928 836 ὁρᾶται

341 848 531 916 τρόπων
557 850 775 918 διαφορὰ,
802 850 905 915 η’τοι
933 850 1208 916 ἐναντιότης,
1235 851 1364 918 παρὰ
1397 856 1493 905 τοῖς
1527 851 1744 903 ἐθέλουσι
1778 855 1922 920 φιλο-

304 936 528 996 οκρινεῖν.
583 933 695 983 ἀλλ’
724 932 850 1000 ε’ίπερ
886 933 1115 1000 ἐνδέχεται
1150 933 1235 998 τὴν
1260 938 1354 984 τῶν
1381 934 1644 997 ὁμοουσίων
1669 937 1731 987 εἰς
1761 932 1928 998 ἑαυτὴν

342 1013 682 1079 ἀνακιρνᾶσθαι
723 1014 885 1081 φύσιν,
924 1017 999 1065 καὶ
1038 1014 1098 1065 τὰ
1135 1017 1182 1066 ἐν
1219 1014 1500 1082 ἰδιαζούσαις
1537 1037 1587 1065 τε
1625 1017 1700 1066 καὶ
1738 1014 1927 1079 ἀτόμοις
1954 1040 1998 1063 10

343 1092 674 1146 ὑποστάσεσιν
709 1094 822 1146 ὅντα
852 1095 1158 1162 δραπετεύσει
1191 1096 1310 1163 πρὸς
1344 1096 1460 1163 ὅπερ
1488 1095 1549 1147 ἀν
1573 1095 1806 1160 βούληται
1834 1101 1929 1147 τῶν

341 1175 594 1242 ὁμογενῶν,
621 1175 651 1241 ἢ
679 1178 916 1241 ὁμοειδῶν·
957 1183 1088 1232 ποῖος
1115 1178 1224 1242 ἡμῖν
1248 1178 1340 1245 ἄρα
1366 1178 1637 1230 διαστέλλει
1663 1177 1808 1244 λόγος
1833 1183 1928 1229 τῶν

341 1257 488 1323 ἁγίων
513 1257 596 1309 τὸν
621 1259 848 1323 βέβηλον,
876 1263 913 1310 εἰ
947 1259 1218 1323 μηδαμόθεν
1249 1261 1412 1326 ὁρᾶται
1448 1265 1531 1311 τοῦ
1567 1261 1690 1314 ἰδίως
1725 1259 1871 1324 ὄντος,
1898 1259 1927 1324 ἢ

339 1345 423 1390 τοῦ
461 1340 529 1394 τίς
567 1341 683 1403 ἐστι,
711 1340 929 1409 διαφορὰ,
956 1339 1032 1392 διὰ
1070 1340 1119 1392 δὲ
1156 1340 1243 1406 τὴν
1273 1341 1535 1406 ταυτότητα
1565 1345 1649 1406 τῆς
1683 1342 1847 1396 οὐσίας
1880 1343 1929 1392 ἐν

339 1424 407 1490 τῷ
432 1421 572 1491 ἑτέρῳ
599 1427 743 1473 κεῖται
775 1421 829 1473 τὸ
863 1422 1049 1489 ἕτερον;
1093 1423 1218 1474 ε”στω
1245 1423 1399 1474 τοίνυν
1425 1424 1549 1488 ἡμῖν,
1575 1423 1928 1492 ἀδιαφορούσης
1953 1447 1997 1486 15
2068 1487 2069 1490 Ἴ

295 1511 321 1552 d
340 1503 549 1553 ἐντεῦθεν
574 1505 656 1566 τῆς
692 1504 763 1571 ἐφ’
793 1502 978 1572 ἑκάστῳ
1012 1504 1248 1569 γνώσεως,
1276 1504 1604 1572 συγκεχυμένα
1642 1503 1702 1556 τὰ
1738 1504 1929 1557 πάντων
2066 1516 2070 1559 ff

340 1587 402 1638 εὶς
433 1583 605 1636 πάντα*
657 1587 731 1636 καὶ
767 1586 792 1636 ὁ
827 1584 912 1649 μὲν
937 1585 1170 1652 προδότης
1195 1586 1394 1649 Ἰούδας,
1425 1589 1488 1640 ὡς
1516 1585 1696 1653 Πέτρος
1730 1585 1758 1651 ἢ
1788 1591 1923 1641 Παῦ-
2067 1598 2070 1655 ξ

339 1673 439 1728 λος,
467 1668 528 1720 ὡς
564 1666 817 1731 ὁμοούσιος
845 1667 1015 1736 Πέτρῳ
1051 1669 1126 1718 καὶ
1155 1666 1356 1738 Παύλῳ·
1404 1668 1585 1735 Πέτρος
1620 1669 1663 1719 δ’
1693 1669 1751 1719 αὖ
1782 1667 1930 1721 πάλιν

339 1746 369 1813 ἢ
398 1751 616 1812 Παῦλος,
643 1749 835 1812 Ἰούδας,
863 1747 943 1800 ἅτε
979 1747 1035 1813 δὴ
1072 1750 1147 1799 καὶ
1182 1749 1302 1815 πρὸς
1336 1750 1478 1801 αὑτὸν
1504 1749 1633 1804 ὅντες
1667 1750 1924 1814 ὁμοούσιοι.

340 1829 452 1879 ἀλλ’
489 1829 592 1881 ἔστι
630 1828 684 1881 rb
723 1832 845 1881 οὕτω
885 1833 1077 1899 φρονεῖν
1113 1830 1434 1896 ἀλογώτατον,
1460 1833 1535 1882 καὶ
1570 1832 1653 1882 οὑκ
1687 1831 1929 1899 ἀναιρήσει
1950 1860 1998 1884 20

339 1909 529 1965 πάντως
555 1910 641 1975 τὴν
670 1911 790 1963 κατά
824 1935 868 1963 τι
901 1916 996 1962 τῶν
1021 1913 1258 1978 ὁμογενῶν
1282 1911 1311 1977 ἢ
1343 1914 1565 1977 ὁμοειδῶν
1587 1912 1707 1980 πρὸς
1732 1913 1930 1979 ἄλληλα

341 1992 575 2061 διαφορὰν
601 1993 655 2045 τὸ
691 1992 804 2044 εἶναι
839 1996 920 2058 τῆς
957 1994 1098 2058 αὐτῆς
1134 1995 1298 2048 οὐσίας
1333 1993 1465 2046 αὐτά.
1521 1995 1605 2046 οὐκ
1640 1995 1732 2062 ἄρα
1766 1998 1843 2047 καὶ
1874 1996 1929 2047 τὸ

340 2075 412 2143 ἐφ’
442 2075 574 2138 ἡμῶν
600 2077 830 2126 ἀσθενοῦν
856 2074 975 2126 κατὰ
1010 2079 1092 2140 τῆς
1127 2077 1251 2130 θείας
1277 2075 1439 2130 οὐσίας
1465 2081 1696 2128 τοσοῦτον
1721 2079 1925 2129 ἐκνεανι-

341 2155 539 2219 εύσεται,
575 2159 637 2211 ὡς
675 2156 1003 2224 ἐπαναγκάσαι
1031 2157 1192 2224 Λόγον
1222 2156 1339 2209 εἷναί
1369 2182 1418 2210 τε
1451 2161 1527 2210 καὶ
1562 2164 1812 2212 καλεῖσθαι
1846 2160 1929 2213 τὸν

303 2259 325 2285 e
344 2237 469 2289 Θεὸν
502 2240 578 2289 καὶ
613 2237 820 2306 Πατέρα,
857 2239 1102 2307 ἐπειδήπερ
1141 2242 1271 2291 ἐστὶν
1306 2241 1555 2304 ὁμοούσιος
1588 2241 1750 2311 Λόγῳ.
1807 2243 1928 2306 με’νει
1949 2267 1996 2306 25

342 2317 437 2386 γὰρ
461 2321 530 2371 ἀεὶ
559 2319 744 2387 Πατὴρ,
769 2319 857 2385 τὴν
882 2327 965 2372 τοῦ
999 2322 1048 2372 τί
1077 2323 1182 2373 ἐστι
1215 2322 1335 2374 κατὰ
1361 2329 1499 2374 τοῦτο
1526 2323 1758 2393 διαφορὰν
1783 2325 1923 2376 οὐδα-
2068 2349 2071 2382 f

340 2401 484 2465 μόθεν
522 2401 802 2468 ζημιοῦσθαι
843 2402 1110 2466 δυνάμενος,
1152 2405 1262 2455 ἀλλ’
1304 2404 1409 2456 οὐδὲ
1452 2409 1509 2473 τῇ
1555 2404 1802 2470 ταυτότητι
1844 2409 1928 2471 τῆς

341 2483 505 2537 οὐσίας
531 2483 585 2534 τὸ
611 2483 757 2547 μηδὲν
784 2484 908 2538 ἰδίως
944 2488 1199 2549 κεκτῆσθαι
1233 2491 1546 2554 παραχωρῶν·
1590 2490 1666 2538 καὶ
1701 2495 1924 2539 πλεονεκ-
2069 2502 2073 2531 ¹

340 2563 476 2629 τήσει
501 2564 586 2627 μὲν
612 2566 825 2629 οὐδαμῶς
852 2565 970 2617 κατὰ
1001 2573 1139 2618 τοῦτο
1171 2567 1254 2618 τὸν
1278 2567 1409 2631 Υὶὸν,
1436 2568 1635 2634 γνήσιον
1661 2568 1710 2619 δὲ
1735 2574 1929 2633 μᾶλλον
2069 2587 2072 2621 i

341 2646 590 2717 ἀποδείξει,
617 2649 692 2698 καὶ
725 2647 782 2716 ἐξ
813 2648 954 2699 αὐτοῦ
990 2647 1109 2699 κατὰ
1143 2648 1293 2718 φύσιν
1318 2649 1484 2717 ἔχοντα
1515 2650 1569 2701 τὸ
1595 2650 1826 2718 ἄτρεπτον
1852 2654 1928 2704 καὶ
1946 2673 1995 2710 30

388 2832 421 2865 5.
448 2824 502 2858 διὰ
527 2828 593 2860 τῶν
616 2825 721 2871 ἁγίων
744 2827 931 2872 προφητῶν
956 2829 974 2861 ὁ
1004 2827 1199 2872 Νομοθέτης
1228 2827 1295 2862 hoc
1325 2828 1446 2863 ordine
1477 2829 1571 2864 B.D.
1632 2829 1749 2864 Verba
1778 2835 1928 2875 quatuor

340 2869 457 2913 priora
474 2882 532 2905 om
550 2872 605 2913 E„
623 2878 703 2918 post
720 2874 737 2906 ὁ
757 2873 952 2917 Νομοθέτης
969 2879 1012 2908 tr.
1031 2874 1098 2909 Ed.
1209 2883 1239 2920 7.
1266 2876 1305 2909 οὐ
1323 2887 1392 2909 om.
1413 2876 1456 2912 B.
1568 2887 1620 2922 13.
1645 2876 1663 2920 ἢ
1682 2877 1827 2911 correxi.
1846 2876 1864 2920 ἢ
1884 2877 1926 2911 Ε.

343 2924 398 2960 15.
423 2917 519 2951 ἔσται
539 2918 582 2954 Β.
647 2919 799 2954 ἐντεῦθεν
815 2920 1072 2966 ἀδιαφορούσης
1089 2921 1227 2957 inverso
1244 2921 1365 2956 ordine
1386 2922 1427 2957 Β.
1612 2934 1667 2968 19.
1692 2923 1746 2957 καὶ
1763 2934 1925 2968 assump-

339 2967 416 2996 tum
433 2974 475 2997 ex
495 2963 537 2998 B.
687 2976 741 3000 22.
767 2967 806 3000 τὸ
824 2968 883 3001 alt.
902 2978 971 3002 om.
993 2967 1034 3001 B.
