2084 3317
166 160 220 200 vi.
243 174 308 213 24.
381 163 455 204 IN
498 166 539 205 S.
574 167 909 211 JOANNEM.
972 173 1097 214 LIB.
1132 175 1217 216 III.
1280 178 1413 219 CAP.
1448 180 1525 220 IV.
1670 185 1753 223 433

699 275 709 291 Ι

162 268 371 321 ἐντεῦθεν
396 272 630 340 ὀψόμεθα,
656 298 710 327 το
738 284 764 307 “
785 279 939 330 Οὐδὲν
962 282 1169 347 κρυπτὸν
1195 282 1220 334 ὃ
1251 286 1306 335 οὐ
1339 289 1746 354 φανερωθήσεται,
1811 307 1938 358 Sfflue.

164 356 192 378 ‘⁶
217 349 321 400 οὐδὲ
354 354 684 425 ἀπόκρυφονὸ
719 360 774 410 οῦ
807 360 872 425 μὴ
908 368 1106 432 γνωσθῇ
1143 367 1216 416 καὶ
1252 371 1315 421 εἷς
1349 369 1556 436 φανερὸν
1582 369 1749 439 ἕλθῃ.”
1812 359 1947 393 vm'17'

159 434 335 498 χρῆναί
356 440 479 503 φημι
504 446 755 505 τοιγαροῦν
780 441 863 493 τὸν
888 448 983 498 τοῖς
1017 445 1198 513 ἴχνεσιν
1224 450 1499 501 ἀκολουθεῖν
1525 451 1751 504 ἐθέλοντα

158 517 242 563 τοῦ
272 517 502 581 Χριστοῦ,
529 522 606 571 καὶ
641 523 760 574 κατὰ
793 523 847 575 τὸ
882 527 1123 594 ἐγχωροῦν
1153 530 1388 601 ἀνθρώπῳ
1426 532 1545 598 πρὸς
1583 533 1666 585 τὸν
1700 537 1749 586 ἐν

115 607 138 645 5
157 594 314 665 ἐκείνῳ
365 600 742 655 διαπλάττεσθαι
791 606 954 670 τύπον,
996 608 1061 673 μὴ
1113 610 1426 676 φιλοκόμπως
1475 616 1746 680 ἐπείγεσθαι

156 676 336 743 διαζῆν,
376 680 494 746 μηδὲ
538 687 599 737 εἰς
645 685 794 751 θήραν
834 690 1035 741 ἐπαίνων
1074 691 1354 760 ἐξὲλκεσθοιι
1394 702 1619 748 ποιοῦντα
1659 697 1745 763 τὴν
1763 703 1791 744 d

154 758 338 824 ἀρετὴν,
364 764 482 828 μηδὲ
507 769 544 816 εἰ
569 767 843 838 παράδοξόν
869 793 972 821 τινα
999 775 1073 823 καὶ
1100 775 1209 825 λίαν
1234 776 1556 844 ἐξησκημένον
1582 781 1743 831 ἐπανέ-

151 846 286 892 λοιτο
318 846 438 907 βίον,
471 848 525 897 οὐ
561 851 759 915 μετρίως
798 851 1077 920 δοξάζεσθαι
1117 855 1192 906 διὰ
1231 863 1371 909 τοῦτο
1407 864 1577 928 φιλεῖν,
1610 863 1742 916 ἀλλὰ

149 921 309 985 μόνοις
336 927 540 991 ὁρᾶσθαι
567 929 721 982 θέλειν
746 937 842 987 τοῖς
869 937 952 998 τῆς
978 936 1197 1001 θεότητος
1222 940 1490 1008 ὀφθαλμοῖς
1516 946 1734 1009 ἀπογυμ-

83 1021 131 1046 10
150 1003 324 1070 νούσης
349 1006 409 1058 τὰ
434 1010 633 1075 κρυπτὰ,
651 1015 726 1063 καὶ
751 1013 806 1065 τὸ
833 1016 1107 1081 λεληθότως
1129 1020 1431 1074 ἐπι-τελεσθὲν
1450 1028 1511 1078 εὶς
1537 1027 1738 1095 ἐμφανε-

147 1085 330 1152 στάτην
355 1091 568 1156 ἀγούσης
593 1094 887 1165 κατάληψιν.

138 1251 245 1294 “Ore
293 1252 366 1296 οὖν
410 1252 522 1299 εἶδεν
564 1260 586 1302 ὁ
636 1260 762 1316 ὄχλος
811 1264 876 1305 ὅτι
918 1265 1085 1308 ἸΗσοῡε
1135 1268 1210 1309 οὐκ
1260 1270 1373 1312 ἔστιν
1417 1271 1506 1313 ἐκεῖ
1553 1273 1654 1315 οὐδὲ
1697 1273 1735 1316 οἶ
1759 1295 1806 1328 24

211 1339 400 1384 μαθΗταὶ
443 1341 582 1394 αὑτοῦ,
624 1343 832 1395 ἐνέβΗσαν
876 1348 997 1390 αὐτοὶ
1041 1349 1100 1392 εἷς
1144 1353 1194 1393 τὰ
1240 1355 1445 1411 Πλοιάριοι
1492 1357 1560 1397 καὶ
1603 1355 1734 1399 ἦλθον

210 1417 271 1460 εἷς
311 1420 603 1480 Καφαρναοὺμ
640 1431 861 1484 ζΗτοῦντεο
899 1432 971 1475 τὸν
1003 1432 1186 1477 ἸΗσοῡν.
1754 1463 1775 1490 e

72 1554 120 1592 15
214 1537 591 1596 Ἀκολουθοῦσιν
630 1547 755 1600 οῦτοι
794 1554 1066 1616 θαυμασταὶ
1107 1555 1193 1620 μὲν
1232 1557 1348 1612 ἴσως
1391 1564 1486 1610 τῶν
1524 1562 1735 1627 σημείων

140 1621 443 1690 ὑπάρχοντες,
477 1628 531 1678 οὐ
568 1628 663 1694 μὴν
694 1634 756 1685 εἷς
794 1632 848 1684 τὸ
887 1638 1056 1702 χρῆναι
1095 1639 1334 1691 πιστεύειν
1365 1639 1452 1705 τὴν
1487 1643 1544 1712 ἐξ
1579 1645 1734 1696 αὐτῶν

137 1703 373 1772 ὠφέλειαν
399 1707 653 1776 δεχόμενοι,
681 1713 792 1764 ἀλλ’
821 1713 984 1784 ὥσπερ
1010 1718 1114 1770 τινὰ
1149 1725 1215 1790 τῷ
1248 1724 1618 1795 παραδοξοποιῲ
1647 1725 1734 1791 τὴν

136 1786 378 1839 ἀντίδοσιν
409 1790 485 1841 διὰ
518 1798 602 1844 τοῦ
636 1797 713 1846 καὶ
749 1795 895 1860 μόνον
927 1800 1069 1852 αὐτὸν
1099 1804 1302 1855 ἐπαινεῖν
1329 1806 1411 1856 οὐκ
1447 1807 1732 1873 ἀνεθέλητον

137 1870 547 1937 προσκομίζοντες.
585 1877 756 1943 φρενὸς
782 1878 830 1930 δὲ
857 1886 995 1933 τοῦτο
1021 1883 1211 1949 νόσημα
1237 1885 1443 1955 ψυχρὸν,
1469 1891 1546 1941 καὶ
1568 1894 1731 1960 ψυχῆς

65 1976 115 2001 20
135 1950 396 2016 οὐδαμόθεν
421 1956 496 2006 ἐπὶ
522 1956 609 2022 τὴν
633 1965 716 2010 τοῦ
746 1963 1077 2031 συμφέροντος
1111 1968 1294 2034 αἵρεσιν
1319 1973 1730 2038 παιδαγωγεῖσθαι

133 2035 500 2101 κατειθισμένης.
557 2039 704 2092 α’ίτιον
730 2041 779 2093 δὲ
813 2044 994 2097 τούτων
1020 2048 1188 2112 αὐτοῖς,
1214 2050 1269 2101 τὸ
1303 2051 1450 2115 μόνον
1480 2054 1721 2122 ἐπιτέρπε-
1743 2091 1764 2116 a
1794 2083 1881 2117 295
1898 2083 1949 2118 A,

131 2119 249 2166 σθαι
275 2122 376 2172 ταῖς
400 2122 483 2184 τῆς
507 2121 688 2189 σαρκὸς
713 2125 915 2190 ἡδοναῖς,
943 2132 1017 2180 καὶ
1045 2135 1202 2200 τροφῇ
1228 2138 1423 2197 μᾶλλον
1449 2140 1507 2204 τῇ
1538 2138 1720 2191 εὐτελε-

130 2197 286 2267 στάτῃ
320 2202 396 2251 καὶ
429 2206 708 2276 προσκαίρῳ
733 2208 989 2273 προθύμως
1015 2213 1261 2278 ἐπιπηδᾶν,
1287 2216 1434 2283 ἤγουν
1459 2223 1555 2273 τοῖς
1578 2243 1721 2272 πνευ-

127 2286 338 2341 ματικοῖς
376 2284 629 2354 ἐπιτρέχειν
668 2290 878 2354 ἀγαθοῖς,
918 2294 993 2344 καὶ
1032 2300 1289 2362 πειρᾶσθαι
1328 2300 1593 2366 κερδαίνειν,
1629 2302 1723 2355 ὅσα

59 2381 107 2420 25
126 2360 245 2427 πρὸς
283 2362 404 2429 ζωὴν
435 2364 495 2417 ἀν
529 2369 774 2440 ἀποτρέφῃ
813 2373 899 2438 τὴν
937 2375 1140 2429 αἰώνιον.
1203 2386 1342 2433 τοῦτο
1381 2383 1427 2432 δ’
1463 2380 1522 2434 ἂν
1554 2384 1720 2447 μάθοις

124 2444 346 2509 ἀκριβῶς,
379 2449 454 2499 καὶ
491 2448 566 2500 διὰ
601 2455 695 2503 τῶν
726 2454 913 2524 ἐφεξῆς.

170 2591 205 2627 5.
229 2582 293 2629 μὴ]
312 2586 367 2619 καὶ
383 2586 429 2631 μὴ
449 2587 491 2622 Β.
644 2591 678 2626 6.
699 2578 835 2637 ²3uigav
853 2595 895 2630 B.
915 2596 1034 2632 invitis
1054 2598 1146 2634 Catt.
1301 2611 1333 2647 7.
1360 2602 1406 2648 εἰ]
1426 2604 1472 2639 εἷς
1490 2604 1533 2638 Β.
1598 2605 1715 2640 ἐπανέ-

122 2629 238 2676 λοιτο]
258 2631 307 2665 ἕτι
325 2632 365 2667 ἂν
379 2631 518 2669 ἕλθοιτο
537 2635 580 2671 Β.
735 2653 768 2686 9,
794 2644 897 2685 μόνον
916 2643 1037 2685 cord„
1056 2646 1115 2680 sed
1133 2649 1249 2691 μόνοις
1266 2648 1371 2683 habet
1388 2662 1418 2683 a.
1576 2662 1629 2686 10.
1655 2653 1714 2697 ἐμ-

122 2676 339 2721 φανεστέραν
366 2679 408 2714 Β.
434 2681 550 2717 invitis
578 2683 669 2720 Catt.
746 2687 874 2723 Statim
900 2690 1048 2735 ἐχούσης
1075 2692 1116 2727 Β.
1145 2693 1266 2735 Cord.,
1292 2695 1352 2730 sed
1379 2696 1531 2742 ἀγούσης
1555 2697 1659 2732 habet
1684 2711 1714 2734 a.

128 2732 182 2767 15.
207 2723 473 2773 Ἀκολουθοῦσι]
497 2733 533 2770 -1-
553 2730 615 2773 μὲν
634 2731 676 2766 Β.
871 2736 924 2770 16.
950 2738 1010 2781 τὴν
1027 2750 1097 2774 om.
1117 2740 1159 2774 B.
1357 2744 1409 2777 18.
1435 2743 1654 2791 ἀνεθέλητον]
1674 2746 1714 2780 ἂν

125 2769 255 2804 ἐθέλειν
271 2773 330 2806 τὸν
349 2772 390 2806 Β.
539 2788 590 2821 19.
616 2779 757 2824 ψυχρὸν
776 2780 818 2816 Β.
837 2785 959 2828 πικρὸν
977 2785 1044 2819 Ed.
1189 2798 1243 2822 21.
1268 2790 1385 2832 μόναις
1404 2790 1445 2824 Β.
1592 2801 1646 2836 ²5·
1673 2793 1713 2827 ἂν

124 2815 304 2863 ἀποτρέφῃ
323 2819 416 2854 edidi
433 2833 476 2855 ex
495 2821 553 2866 B.‚
571 2825 631 2870 qui
648 2825 868 2874 ἀναποτρέφῃ
886 2830 1037 2867 exhibet.
1057 2832 1244 2878 ἅποτρέφει
1264 2835 1330 2869 Ed.

177 3024 270 3054 νοῐ..
294 3027 322 3055 1.
913 3038 936 3079 3
961 3039 989 3065 K
