<?xml version="1.0" encoding="UTF-8"?>
<!DOCTYPE html PUBLIC "-//W3C//DTD XHTML 1.0 Transitional//EN"
    "http://www.w3.org/TR/xhtml1/DTD/xhtml1-transitional.dtd">
<html xmlns="http://www.w3.org/1999/xhtml" xml:lang="en" lang="en">
 <head>
  <title>
</title>
<meta http-equiv="Content-Type" content="text/html;charset=utf-8" />
  <meta name='ocr-system' content='tesseract 3.04.00' />
  <meta name='ocr-capabilities' content='ocr_page ocr_carea ocr_par ocr_line ocrx_word'/>
</head>
<body>
  <div class='ocr_page' id='page_1' title='image "./operacyrilli03cyriuoft_0471.png"; bbox 0 0 2084 3317; ppageno 0'>
   <div class='ocr_carea' id='block_1_1' title="bbox 728 629 1170 680">
    <p class='ocr_par' dir='ltr' id='par_1_1' title="bbox 728 629 1170 680">
     <span class='ocr_line' id='line_1_1' title="bbox 728 629 1170 680; baseline 0.002 -2"><span class='ocrx_word' id='word_1_1' title='bbox 728 629 1048 679; x_wconf 86' lang='grc' dir='ltr'><strong>ΚΕΦΑΛΗ</strong></span> <span class='ocrx_word' id='word_1_2' title='bbox 1110 631 1170 680; x_wconf 68' lang='grc' dir='ltr'>Δ.</span> 
     </span>
    </p>
   </div>
   <div class='ocr_carea' id='block_1_2' title="bbox 146 831 1743 964">
    <p class='ocr_par' dir='ltr' id='par_1_2' title="bbox 146 831 1743 964">
     <span class='ocr_line' id='line_1_2' title="bbox 146 831 1742 888; baseline 0.001 -13"><span class='ocrx_word' id='word_1_3' title='bbox 146 831 241 875; x_wconf 66' lang='grc' dir='ltr'>’Ότι</span> <span class='ocrx_word' id='word_1_4' title='bbox 273 834 464 877; x_wconf 86' lang='grc' dir='ltr'>πολλάκις</span> <span class='ocrx_word' id='word_1_5' title='bbox 496 836 535 876; x_wconf 86' lang='grc' dir='ltr'>αἱ</span> <span class='ocrx_word' id='word_1_6' title='bbox 567 838 742 886; x_wconf 82' lang='grc' dir='ltr'>Χριστοῦ</span> <span class='ocrx_word' id='word_1_7' title='bbox 773 835 1015 886; x_wconf 83' lang='grc' dir='ltr'>μεταβάσεις</span> <span class='ocrx_word' id='word_1_8' title='bbox 1046 835 1122 876; x_wconf 83' lang='grc' dir='ltr'>ἀπὸ</span> <span class='ocrx_word' id='word_1_9' title='bbox 1159 838 1225 885; x_wconf 85' lang='grc' dir='ltr'>τῆς</span> <span class='ocrx_word' id='word_1_10' title='bbox 1256 834 1516 888; x_wconf 80' lang='grc' dir='ltr'>Ἵερουσαλὴμ</span> <span class='ocrx_word' id='word_1_11' title='bbox 1549 836 1591 877; x_wconf 86' lang='grc' dir='ltr'>τὸ</span> <span class='ocrx_word' id='word_1_12' title='bbox 1625 853 1742 888; x_wconf 65' lang='grc' dir='ltr'>μεταο</span> 
     </span>
     <span class='ocr_line' id='line_1_3' title="bbox 209 908 1743 964; baseline 0.003 -16"><span class='ocrx_word' id='word_1_13' title='bbox 209 908 446 960; x_wconf 88' lang='grc' dir='ltr'>τεθήσεσθαι</span> <span class='ocrx_word' id='word_1_14' title='bbox 473 909 544 959; x_wconf 83' lang='grc' dir='ltr'>τὴν</span> <span class='ocrx_word' id='word_1_15' title='bbox 563 908 680 962; x_wconf 83' lang='grc' dir='ltr'>χάριν</span> <span class='ocrx_word' id='word_1_16' title='bbox 700 909 763 949; x_wconf 85' lang='grc' dir='ltr'>ε’πὶ</span> <span class='ocrx_word' id='word_1_17' title='bbox 792 910 840 949; x_wconf 86' lang='grc' dir='ltr'>τὰ</span> <span class='ocrx_word' id='word_1_18' title='bbox 871 912 962 959; x_wconf 82' lang='grc' dir='ltr'>ἔθνη</span> <span class='ocrx_word' id='word_1_19' title='bbox 993 911 1193 957; x_wconf 69' lang='grc' dir='ltr'>δηλοῦσιν“</span> <span class='ocrx_word' id='word_1_20' title='bbox 1227 911 1270 949; x_wconf 85' lang='grc' dir='ltr'>ἐν</span> <span class='ocrx_word' id='word_1_21' title='bbox 1301 910 1424 964; x_wconf 77' lang='grc' dir='ltr'>ταύτῷ</span> <span class='ocrx_word' id='word_1_22' title='bbox 1457 911 1498 950; x_wconf 81' lang='grc' dir='ltr'>δὲ</span> <span class='ocrx_word' id='word_1_23' title='bbox 1531 912 1592 950; x_wconf 88' lang='grc' dir='ltr'>καὶ</span> <span class='ocrx_word' id='word_1_24' title='bbox 1623 914 1743 962; x_wconf 83' lang='grc' dir='ltr'>λόγος</span> 
     </span>
    </p>
   </div>
   <div class='ocr_carea' id='block_1_3' title="bbox 209 981 1460 1035">
    <p class='ocr_par' dir='ltr' id='par_1_3' title="bbox 209 981 1460 1035">
     <span class='ocr_line' id='line_1_4' title="bbox 209 981 1460 1035; baseline 0.001 -12"><span class='ocrx_word' id='word_1_25' title='bbox 209 982 295 1034; x_wconf 88' lang='grc' dir='ltr'>περὶ</span> <span class='ocrx_word' id='word_1_26' title='bbox 316 985 393 1023; x_wconf 84' lang='grc' dir='ltr'>τῶν</span> <span class='ocrx_word' id='word_1_27' title='bbox 413 981 529 1023; x_wconf 87' lang='grc' dir='ltr'>πέντε</span> <span class='ocrx_word' id='word_1_28' title='bbox 550 982 676 1034; x_wconf 83' lang='grc' dir='ltr'>ἄρτων</span> <span class='ocrx_word' id='word_1_29' title='bbox 696 986 773 1022; x_wconf 88' lang='grc' dir='ltr'>τῶν</span> <span class='ocrx_word' id='word_1_30' title='bbox 795 983 976 1033; x_wconf 79' lang='grc' dir='ltr'>κριθίνων</span> <span class='ocrx_word' id='word_1_31' title='bbox 998 983 1058 1022; x_wconf 87' lang='grc' dir='ltr'>καὶ</span> <span class='ocrx_word' id='word_1_32' title='bbox 1080 986 1157 1023; x_wconf 85' lang='grc' dir='ltr'>τῶν</span> <span class='ocrx_word' id='word_1_33' title='bbox 1179 984 1244 1024; x_wconf 84' lang='grc' dir='ltr'>δύο</span> <span class='ocrx_word' id='word_1_34' title='bbox 1267 984 1460 1035; x_wconf 74' lang='grc' dir='ltr'>ὀψαρίων.</span> 
     </span>
    </p>
   </div>
   <div class='ocr_carea' id='block_1_4' title="bbox 109 1092 1936 1186">
    <p class='ocr_par' dir='ltr' id='par_1_4' title="bbox 109 1092 1936 1186">
     <span class='ocr_line' id='line_1_5' title="bbox 1761 1092 1782 1116; baseline 0 0"><span class='ocrx_word' id='word_1_35' title='bbox 1761 1092 1782 1116; x_wconf 82' lang='lat' dir='ltr'>e</span> 
     </span>
     <span class='ocr_line' id='line_1_6' title="bbox 109 1126 1936 1186; baseline 0.004 -19"><span class='ocrx_word' id='word_1_36' title='bbox 109 1134 132 1173; x_wconf 89' lang='lat'>5</span> <span class='ocrx_word' id='word_1_37' title='bbox 238 1126 312 1168; x_wconf 79' lang='grc' dir='ltr'>Καὶ</span> <span class='ocrx_word' id='word_1_38' title='bbox 349 1127 455 1176; x_wconf 81' lang='grc' dir='ltr'>μετὰ</span> <span class='ocrx_word' id='word_1_39' title='bbox 493 1129 621 1169; x_wconf 85' lang='grc' dir='ltr'>ταῦτα</span> <span class='ocrx_word' id='word_1_40' title='bbox 660 1127 850 1169; x_wconf 61' lang='grc' dir='ltr'>ἀπῆλθεν</span> <span class='ocrx_word' id='word_1_41' title='bbox 889 1127 911 1169; x_wconf 88' lang='grc' dir='ltr'>ὁ</span> <span class='ocrx_word' id='word_1_42' title='bbox 943 1127 1111 1170; x_wconf 75' lang='grc' dir='ltr'>ἸΗσοῡε</span> <span class='ocrx_word' id='word_1_43' title='bbox 1149 1130 1282 1185; x_wconf 72' lang='grc' dir='ltr'>Πέραν</span> <span class='ocrx_word' id='word_1_44' title='bbox 1321 1131 1397 1170; x_wconf 57' lang='grc' dir='ltr'>τῆς</span> <span class='ocrx_word' id='word_1_45' title='bbox 1436 1130 1653 1172; x_wconf 75' lang='grc' dir='ltr'>θαλάσσΗο</span> <span class='ocrx_word' id='word_1_46' title='bbox 1762 1137 1863 1186; x_wconf 86' lang='grc' dir='ltr'>Κεφ.</span> <span class='ocrx_word' id='word_1_47' title='bbox 1887 1131 1936 1180; x_wconf 78' lang='grc' dir='ltr'>ς’.</span> 
     </span>
    </p>
   </div>
   <div class='ocr_carea' id='block_1_5' title="bbox 756 1210 1138 1267">
    <p class='ocr_par' dir='ltr' id='par_1_5' title="bbox 756 1210 1138 1267">
     <span class='ocr_line' id='line_1_7' title="bbox 756 1210 1138 1267; baseline 0.005 -16"><span class='ocrx_word' id='word_1_48' title='bbox 756 1213 832 1252; x_wconf 71' lang='grc' dir='ltr'>τι-ἶς</span> <span class='ocrx_word' id='word_1_49' title='bbox 870 1210 1138 1267; x_wconf 72' lang='grc' dir='ltr'>Τιβεριάδος.</span> 
     </span>
    </p>
   </div>
   <div class='ocr_carea' id='block_1_6' title="bbox 85 1324 1971 2708">
    <p class='ocr_par' dir='ltr' id='par_1_6' title="bbox 151 1324 1747 1555">
     <span class='ocr_line' id='line_1_8' title="bbox 227 1324 1747 1391; baseline 0.003 -18"><span class='ocrx_word' id='word_1_50' title='bbox 227 1325 513 1374; x_wconf 90' lang='grc' dir='ltr'>ΠΡΩΤΟΝ</span> <span class='ocrx_word' id='word_1_51' title='bbox 541 1325 683 1374; x_wconf 85' lang='grc' dir='ltr'>ἐκεῖνο</span> <span class='ocrx_word' id='word_1_52' title='bbox 709 1326 876 1391; x_wconf 86' lang='grc' dir='ltr'>χρῆναι</span> <span class='ocrx_word' id='word_1_53' title='bbox 903 1329 999 1377; x_wconf 87' lang='grc' dir='ltr'>τοῖς</span> <span class='ocrx_word' id='word_1_54' title='bbox 1026 1324 1336 1390; x_wconf 82' lang='grc' dir='ltr'>ἀκροωμένοις</span> <span class='ocrx_word' id='word_1_55' title='bbox 1363 1330 1505 1377; x_wconf 85' lang='grc' dir='ltr'>εἰπεῖν</span> <span class='ocrx_word' id='word_1_56' title='bbox 1531 1327 1747 1388; x_wconf 87' lang='grc' dir='ltr'>ὑπολαμ-</span> 
     </span>
     <span class='ocr_line' id='line_1_9' title="bbox 151 1404 1747 1472; baseline 0.003 -17"><span class='ocrx_word' id='word_1_57' title='bbox 151 1404 284 1464; x_wconf 80' lang='grc' dir='ltr'>βάνω</span> <span class='ocrx_word' id='word_1_58' title='bbox 316 1406 585 1472; x_wconf 85' lang='grc' dir='ltr'>ἀναγκαῖον,</span> <span class='ocrx_word' id='word_1_59' title='bbox 609 1405 679 1456; x_wconf 80' lang='grc' dir='ltr'>ὅτι</span> <span class='ocrx_word' id='word_1_60' title='bbox 715 1404 799 1459; x_wconf 79' lang='grc' dir='ltr'>τὰς</span> <span class='ocrx_word' id='word_1_61' title='bbox 831 1407 879 1456; x_wconf 86' lang='grc' dir='ltr'>ἐκ</span> <span class='ocrx_word' id='word_1_62' title='bbox 913 1409 1007 1456; x_wconf 82' lang='grc' dir='ltr'>τῶν</span> <span class='ocrx_word' id='word_1_63' title='bbox 1032 1406 1382 1472; x_wconf 80' lang='grc' dir='ltr'>Ἰεροσολύμων</span> <span class='ocrx_word' id='word_1_64' title='bbox 1407 1408 1695 1471; x_wconf 78' lang='grc' dir='ltr'>μεταβάσεις</span> <span class='ocrx_word' id='word_1_65' title='bbox 1722 1411 1747 1460; x_wconf 84' lang='grc' dir='ltr'>ὁ</span> 
     </span>
     <span class='ocr_line' id='line_1_10' title="bbox 155 1485 1746 1555; baseline 0.003 -19"><span class='ocrx_word' id='word_1_66' title='bbox 155 1485 329 1551; x_wconf 82' lang='grc' dir='ltr'>Κύριος</span> <span class='ocrx_word' id='word_1_67' title='bbox 367 1488 421 1538; x_wconf 80' lang='grc' dir='ltr'>οὐ</span> <span class='ocrx_word' id='word_1_68' title='bbox 462 1489 571 1555; x_wconf 86' lang='grc' dir='ltr'>δίχα</span> <span class='ocrx_word' id='word_1_69' title='bbox 610 1487 733 1542; x_wconf 84' lang='grc' dir='ltr'>τινὸς</span> <span class='ocrx_word' id='word_1_70' title='bbox 772 1487 1143 1552; x_wconf 85' lang='grc' dir='ltr'>ἀναγκαιοτάτης</span> <span class='ocrx_word' id='word_1_71' title='bbox 1189 1489 1337 1542; x_wconf 79' lang='grc' dir='ltr'>αἰτίας</span> <span class='ocrx_word' id='word_1_72' title='bbox 1377 1491 1539 1555; x_wconf 83' lang='grc' dir='ltr'>ὁρᾶται</span> <span class='ocrx_word' id='word_1_73' title='bbox 1582 1495 1746 1542; x_wconf 83' lang='grc' dir='ltr'>ποιῶν·</span> 
     </span>
    </p>

    <p class='ocr_par' dir='ltr' id='par_1_7' title="bbox 86 1567 1971 1967">
     <span class='ocr_line' id='line_1_11' title="bbox 86 1567 1743 1638; baseline 0.003 -21"><span class='ocrx_word' id='word_1_74' title='bbox 86 1590 133 1616; x_wconf 91' lang='lat'>10</span> <span class='ocrx_word' id='word_1_75' title='bbox 152 1571 385 1632; x_wconf 77' lang='grc' dir='ltr'>οἰκονομεῖ</span> <span class='ocrx_word' id='word_1_76' title='bbox 414 1569 469 1620; x_wconf 84' lang='grc' dir='ltr'>δέ</span> <span class='ocrx_word' id='word_1_77' title='bbox 497 1591 540 1620; x_wconf 90' lang='grc' dir='ltr'>τι</span> <span class='ocrx_word' id='word_1_78' title='bbox 575 1567 750 1637; x_wconf 82' lang='grc' dir='ltr'>σχεδὸν</span> <span class='ocrx_word' id='word_1_79' title='bbox 787 1570 857 1637; x_wconf 85' lang='grc' dir='ltr'>ἐφ’</span> <span class='ocrx_word' id='word_1_80' title='bbox 887 1568 1081 1637; x_wconf 84' lang='grc' dir='ltr'>ἑκάστῃ,</span> <span class='ocrx_word' id='word_1_81' title='bbox 1111 1572 1187 1620; x_wconf 84' lang='grc' dir='ltr'>καὶ</span> <span class='ocrx_word' id='word_1_82' title='bbox 1226 1571 1275 1621; x_wconf 89' lang='grc' dir='ltr'>ἐν</span> <span class='ocrx_word' id='word_1_83' title='bbox 1304 1576 1362 1638; x_wconf 85' lang='grc' dir='ltr'>τῇ</span> <span class='ocrx_word' id='word_1_84' title='bbox 1397 1576 1492 1623; x_wconf 83' lang='grc' dir='ltr'>τῶν</span> <span class='ocrx_word' id='word_1_85' title='bbox 1517 1571 1743 1637; x_wconf 86' lang='grc' dir='ltr'>πραγμά-</span> 
     </span>
     <span class='ocr_line' id='line_1_12' title="bbox 150 1650 1747 1720; baseline 0.004 -20"><span class='ocrx_word' id='word_1_86' title='bbox 150 1672 245 1700; x_wconf 88' lang='grc' dir='ltr'>των</span> <span class='ocrx_word' id='word_1_87' title='bbox 272 1650 429 1720; x_wconf 83' lang='grc' dir='ltr'>φύσει,</span> <span class='ocrx_word' id='word_1_88' title='bbox 458 1651 668 1717; x_wconf 85' lang='grc' dir='ltr'>καθάπερ</span> <span class='ocrx_word' id='word_1_89' title='bbox 695 1652 744 1701; x_wconf 86' lang='grc' dir='ltr'>ἐν</span> <span class='ocrx_word' id='word_1_90' title='bbox 768 1650 941 1713; x_wconf 83' lang='grc' dir='ltr'>πίνακι,</span> <span class='ocrx_word' id='word_1_91' title='bbox 970 1651 1263 1720; x_wconf 80' lang='grc' dir='ltr'>καταγράφει</span> <span class='ocrx_word' id='word_1_92' title='bbox 1287 1652 1544 1720; x_wconf 88' lang='grc' dir='ltr'>μυστήρια.</span> <span class='ocrx_word' id='word_1_93' title='bbox 1588 1655 1747 1708; x_wconf 83' lang='grc' dir='ltr'>ὁποῖος</span> 
     </span>
     <span class='ocr_line' id='line_1_13' title="bbox 149 1731 1743 1797; baseline 0.003 -15"><span class='ocrx_word' id='word_1_94' title='bbox 149 1731 235 1795; x_wconf 80' lang='grc' dir='ltr'>μὲν</span> <span class='ocrx_word' id='word_1_95' title='bbox 261 1733 342 1783; x_wconf 76' lang='grc' dir='ltr'>οὖν</span> <span class='ocrx_word' id='word_1_96' title='bbox 368 1735 449 1797; x_wconf 84' lang='grc' dir='ltr'>τῆς</span> <span class='ocrx_word' id='word_1_97' title='bbox 479 1732 816 1796; x_wconf 81' lang='grc' dir='ltr'>μεταστάσεως</span> <span class='ocrx_word' id='word_1_98' title='bbox 842 1735 866 1783; x_wconf 88' lang='grc' dir='ltr'>ὀ</span> <span class='ocrx_word' id='word_1_99' title='bbox 894 1732 1089 1796; x_wconf 82' lang='grc' dir='ltr'>σκοπὸς,</span> <span class='ocrx_word' id='word_1_100' title='bbox 1119 1736 1194 1784; x_wconf 82' lang='grc' dir='ltr'>καὶ</span> <span class='ocrx_word' id='word_1_101' title='bbox 1225 1733 1273 1784; x_wconf 85' lang='grc' dir='ltr'>τί</span> <span class='ocrx_word' id='word_1_102' title='bbox 1300 1734 1354 1785; x_wconf 88' lang='grc' dir='ltr'>τὸ</span> <span class='ocrx_word' id='word_1_103' title='bbox 1388 1737 1596 1787; x_wconf 86' lang='grc' dir='ltr'>ἐντεῦθεν</span> <span class='ocrx_word' id='word_1_104' title='bbox 1623 1738 1743 1787; x_wconf 84' lang='grc' dir='ltr'>ὑπο-</span> 
     </span>
     <span class='ocr_line' id='line_1_14' title="bbox 151 1814 1971 1884; baseline 0.004 -20"><span class='ocrx_word' id='word_1_105' title='bbox 151 1814 455 1879; x_wconf 83' lang='grc' dir='ltr'>δηλούμενον,</span> <span class='ocrx_word' id='word_1_106' title='bbox 479 1816 527 1865; x_wconf 88' lang='grc' dir='ltr'>ἐν</span> <span class='ocrx_word' id='word_1_107' title='bbox 553 1815 702 1884; x_wconf 81' lang='grc' dir='ltr'>οἰκείῳ</span> <span class='ocrx_word' id='word_1_108' title='bbox 730 1818 875 1884; x_wconf 70' lang='grc' dir='ltr'>καιρῷ</span> <span class='ocrx_word' id='word_1_109' title='bbox 907 1815 1173 1884; x_wconf 77' lang='grc' dir='ltr'>καταφανὲς</span> <span class='ocrx_word' id='word_1_110' title='bbox 1200 1817 1579 1882; x_wconf 84' lang='grc' dir='ltr'>καταστήσομεν,</span> <span class='ocrx_word' id='word_1_111' title='bbox 1606 1820 1737 1880; x_wconf 81' lang='grc' dir='ltr'>ἐκβε-</span> <span class='ocrx_word' id='word_1_112' title='bbox 1763 1832 1786 1858; x_wconf 68' lang='lat' dir='ltr'>a</span> <span class='ocrx_word' id='word_1_113' title='bbox 1816 1824 1902 1859; x_wconf 85' lang='lat'>269</span> <span class='ocrx_word' id='word_1_114' title='bbox 1917 1823 1971 1858; x_wconf 84' lang='lat' dir='ltr'>A·</span> 
     </span>
     <span class='ocr_line' id='line_1_15' title="bbox 150 1895 1745 1967; baseline 0.003 -20"><span class='ocrx_word' id='word_1_115' title='bbox 150 1895 368 1961; x_wconf 82' lang='grc' dir='ltr'>βηκότων</span> <span class='ocrx_word' id='word_1_116' title='bbox 387 1901 446 1951; x_wconf 89' lang='grc' dir='ltr'>εἰς</span> <span class='ocrx_word' id='word_1_117' title='bbox 472 1896 616 1963; x_wconf 87' lang='grc' dir='ltr'>πέρας</span> <span class='ocrx_word' id='word_1_118' title='bbox 642 1901 736 1948; x_wconf 81' lang='grc' dir='ltr'>τῶν</span> <span class='ocrx_word' id='word_1_119' title='bbox 754 1896 1070 1963; x_wconf 80' lang='grc' dir='ltr'>προκειμένων</span> <span class='ocrx_word' id='word_1_120' title='bbox 1094 1897 1203 1961; x_wconf 82' lang='grc' dir='ltr'>ἡμῖν</span> <span class='ocrx_word' id='word_1_121' title='bbox 1230 1900 1519 1967; x_wconf 86' lang='grc' dir='ltr'>κεφαλαίων·</span> <span class='ocrx_word' id='word_1_122' title='bbox 1565 1900 1745 1952; x_wconf 82' lang='grc' dir='ltr'>ἕκαστα</span> 
     </span>
    </p>

    <p class='ocr_par' dir='ltr' id='par_1_8' title="bbox 85 1977 1743 2377">
     <span class='ocr_line' id='line_1_16' title="bbox 85 1977 1739 2050; baseline 0.001 -18"><span class='ocrx_word' id='word_1_123' title='bbox 85 1993 132 2032; x_wconf 88' lang='grc' dir='ltr'>Ῑ5</span> <span class='ocrx_word' id='word_1_124' title='bbox 151 1977 246 2045; x_wconf 79' lang='grc' dir='ltr'>γὰρ</span> <span class='ocrx_word' id='word_1_125' title='bbox 277 1977 508 2033; x_wconf 87' lang='grc' dir='ltr'>διελόντες</span> <span class='ocrx_word' id='word_1_126' title='bbox 544 1978 662 2030; x_wconf 82' lang='grc' dir='ltr'>κατὰ</span> <span class='ocrx_word' id='word_1_127' title='bbox 698 1977 870 2047; x_wconf 77' lang='grc' dir='ltr'>βραχὺ,</span> <span class='ocrx_word' id='word_1_128' title='bbox 897 1980 973 2030; x_wconf 82' lang='grc' dir='ltr'>καὶ</span> <span class='ocrx_word' id='word_1_129' title='bbox 1008 1978 1061 2030; x_wconf 83' lang='grc' dir='ltr'>τὸ</span> <span class='ocrx_word' id='word_1_130' title='bbox 1097 1981 1146 2030; x_wconf 86' lang='grc' dir='ltr'>ἐκ</span> <span class='ocrx_word' id='word_1_131' title='bbox 1180 1984 1275 2031; x_wconf 86' lang='grc' dir='ltr'>τῶν</span> <span class='ocrx_word' id='word_1_132' title='bbox 1301 1982 1593 2047; x_wconf 81' lang='grc' dir='ltr'>γραμμάτων</span> <span class='ocrx_word' id='word_1_133' title='bbox 1618 1985 1739 2050; x_wconf 86' lang='grc' dir='ltr'>διερ-</span> 
     </span>
     <span class='ocr_line' id='line_1_17' title="bbox 149 2060 1737 2132; baseline 0.004 -21"><span class='ocrx_word' id='word_1_134' title='bbox 149 2061 467 2125; x_wconf 84' lang='grc' dir='ltr'>μηνεύσαντες</span> <span class='ocrx_word' id='word_1_135' title='bbox 505 2060 757 2129; x_wconf 76' lang='grc' dir='ltr'>χρήσιμον,</span> <span class='ocrx_word' id='word_1_136' title='bbox 798 2063 920 2113; x_wconf 83' lang='grc' dir='ltr'>οὕτω</span> <span class='ocrx_word' id='word_1_137' title='bbox 967 2083 1017 2112; x_wconf 89' lang='grc' dir='ltr'>τε</span> <span class='ocrx_word' id='word_1_138' title='bbox 1057 2066 1154 2116; x_wconf 84' lang='grc' dir='ltr'>τοῖς</span> <span class='ocrx_word' id='word_1_139' title='bbox 1204 2064 1545 2132; x_wconf 78' lang='grc' dir='ltr'>ἐντευξομένοις</span> <span class='ocrx_word' id='word_1_140' title='bbox 1583 2088 1737 2132; x_wconf 81' lang='grc' dir='ltr'>παρα·</span> 
     </span>
     <span class='ocr_line' id='line_1_18' title="bbox 151 2143 1742 2217; baseline 0.004 -24"><span class='ocrx_word' id='word_1_141' title='bbox 151 2144 306 2196; x_wconf 87' lang='grc' dir='ltr'>θέντες</span> <span class='ocrx_word' id='word_1_142' title='bbox 345 2147 407 2197; x_wconf 90' lang='grc' dir='ltr'>εἰς</span> <span class='ocrx_word' id='word_1_143' title='bbox 449 2143 628 2207; x_wconf 90' lang='grc' dir='ltr'>νόησιν,</span> <span class='ocrx_word' id='word_1_144' title='bbox 658 2145 928 2195; x_wconf 86' lang='grc' dir='ltr'>τελευταίαν</span> <span class='ocrx_word' id='word_1_145' title='bbox 967 2144 1220 2207; x_wconf 83' lang='grc' dir='ltr'>ἐποίσομεν</span> <span class='ocrx_word' id='word_1_146' title='bbox 1260 2144 1346 2209; x_wconf 89' lang='grc' dir='ltr'>τὴν</span> <span class='ocrx_word' id='word_1_147' title='bbox 1385 2148 1458 2198; x_wconf 82' lang='grc' dir='ltr'>ἐπὶ</span> <span class='ocrx_word' id='word_1_148' title='bbox 1497 2150 1563 2217; x_wconf 73' lang='grc' dir='ltr'>τῷ</span> <span class='ocrx_word' id='word_1_149' title='bbox 1602 2150 1742 2199; x_wconf 82' lang='grc' dir='ltr'>παντὶ</span> 
     </span>
     <span class='ocr_line' id='line_1_19' title="bbox 152 2224 1737 2296; baseline 0.003 -20"><span class='ocrx_word' id='word_1_150' title='bbox 152 2226 349 2291; x_wconf 91' lang='grc' dir='ltr'>θεωρίαν</span> <span class='ocrx_word' id='word_1_151' title='bbox 382 2224 441 2276; x_wconf 81' lang='grc' dir='ltr'>τὰ</span> <span class='ocrx_word' id='word_1_152' title='bbox 478 2230 758 2292; x_wconf 79' lang='grc' dir='ltr'>πολυμερῶς</span> <span class='ocrx_word' id='word_1_153' title='bbox 794 2224 1008 2291; x_wconf 80' lang='grc' dir='ltr'>εἰρημένα</span> <span class='ocrx_word' id='word_1_154' title='bbox 1047 2227 1517 2296; x_wconf 85' lang='grc' dir='ltr'>κεφαλαιωδέστερον</span> <span class='ocrx_word' id='word_1_155' title='bbox 1551 2230 1737 2294; x_wconf 87' lang='grc' dir='ltr'>ἐπιτέμ-</span> 
     </span>
     <span class='ocr_line' id='line_1_20' title="bbox 153 2306 1743 2377; baseline 0.004 -20"><span class='ocrx_word' id='word_1_156' title='bbox 153 2329 326 2361; x_wconf 85' lang='grc' dir='ltr'>νοντες·</span> <span class='ocrx_word' id='word_1_157' title='bbox 380 2306 405 2359; x_wconf 71' lang='grc' dir='ltr'><em>ὃ</em></span> <span class='ocrx_word' id='word_1_158' title='bbox 432 2306 480 2358; x_wconf 78' lang='grc' dir='ltr'>δὲ</span> <span class='ocrx_word' id='word_1_159' title='bbox 511 2313 592 2358; x_wconf 88' lang='grc' dir='ltr'>νῦν</span> <span class='ocrx_word' id='word_1_160' title='bbox 617 2309 665 2358; x_wconf 88' lang='grc' dir='ltr'>ἐν</span> <span class='ocrx_word' id='word_1_161' title='bbox 691 2310 856 2375; x_wconf 79' lang='grc' dir='ltr'>χερσὶν</span> <span class='ocrx_word' id='word_1_162' title='bbox 884 2308 1096 2377; x_wconf 81' lang='grc' dir='ltr'>ὑπάρχει,</span> <span class='ocrx_word' id='word_1_163' title='bbox 1123 2315 1261 2360; x_wconf 85' lang='grc' dir='ltr'>τοῦτο</span> <span class='ocrx_word' id='word_1_164' title='bbox 1287 2312 1362 2361; x_wconf 77' lang='grc' dir='ltr'>καὶ</span> <span class='ocrx_word' id='word_1_165' title='bbox 1387 2315 1577 2377; x_wconf 81' lang='grc' dir='ltr'>πρῶτον</span> <span class='ocrx_word' id='word_1_166' title='bbox 1602 2315 1743 2363; x_wconf 81' lang='grc' dir='ltr'>εἰπεῖν</span> 
     </span>
    </p>

    <p class='ocr_par' dir='ltr' id='par_1_9' title="bbox 85 2387 511 2454">
     <span class='ocr_line' id='line_1_21' title="bbox 85 2387 511 2454; baseline 0 -14"><span class='ocrx_word' id='word_1_167' title='bbox 85 2408 135 2434; x_wconf 91' lang='lat'>20</span> <span class='ocrx_word' id='word_1_168' title='bbox 152 2387 374 2454; x_wconf 90' lang='grc' dir='ltr'>οἰήσομαι</span> <span class='ocrx_word' id='word_1_169' title='bbox 401 2392 511 2440; x_wconf 83' lang='grc' dir='ltr'>δεῖν.</span> 
     </span>
    </p>

    <p class='ocr_par' dir='ltr' id='par_1_10' title="bbox 152 2470 1789 2708">
     <span class='ocr_line' id='line_1_22' title="bbox 226 2470 1741 2543; baseline 0.003 -21"><span class='ocrx_word' id='word_1_170' title='bbox 226 2470 360 2524; x_wconf 53' lang='lat' dir='ltr'>Mer&amp;</span> <span class='ocrx_word' id='word_1_171' title='bbox 383 2471 529 2523; x_wconf 70' lang='grc' dir='ltr'>ταῦτά</span> <span class='ocrx_word' id='word_1_172' title='bbox 565 2474 716 2539; x_wconf 86' lang='grc' dir='ltr'>φησιν</span> <span class='ocrx_word' id='word_1_173' title='bbox 742 2470 936 2532; x_wconf 63' lang='grc' dir='ltr'>ἀπῆλθεν</span> <span class='ocrx_word' id='word_1_174' title='bbox 968 2477 986 2523; x_wconf 85' lang='lat' dir='ltr'>o‘</span> <span class='ocrx_word' id='word_1_175' title='bbox 1016 2475 1177 2533; x_wconf 67' lang='grc' dir='ltr'>Ἰησοῦς</span> <span class='ocrx_word' id='word_1_176' title='bbox 1217 2473 1352 2543; x_wconf 71' lang='grc' dir='ltr'>πέραν</span> <span class='ocrx_word' id='word_1_177' title='bbox 1390 2474 1465 2533; x_wconf 67' lang='grc' dir='ltr'>τῆς</span> <span class='ocrx_word' id='word_1_178' title='bbox 1506 2474 1741 2536; x_wconf 70' lang='grc' dir='ltr'>θαλάσσης</span> 
     </span>
     <span class='ocr_line' id='line_1_23' title="bbox 152 2550 1789 2623; baseline 0 -17"><span class='ocrx_word' id='word_1_179' title='bbox 152 2553 226 2615; x_wconf 58' lang='grc' dir='ltr'>τῆς</span> <span class='ocrx_word' id='word_1_180' title='bbox 253 2550 526 2622; x_wconf 57' lang='grc' dir='ltr'>Τιβεριάδος.</span> <span class='ocrx_word' id='word_1_181' title='bbox 579 2552 700 2621; x_wconf 58' lang='lat' dir='ltr'>pes-r&amp;</span> <span class='ocrx_word' id='word_1_182' title='bbox 737 2558 849 2605; x_wconf 84' lang='grc' dir='ltr'>ποῖα</span> <span class='ocrx_word' id='word_1_183' title='bbox 888 2561 1047 2617; x_wconf 69' lang='grc' dir='ltr'>ταῦτα,</span> <span class='ocrx_word' id='word_1_184' title='bbox 1088 2554 1304 2620; x_wconf 76' lang='grc' dir='ltr'>ζητητέον</span> <span class='ocrx_word' id='word_1_185' title='bbox 1345 2557 1399 2606; x_wconf 80' lang='grc' dir='ltr'>οὐ</span> <span class='ocrx_word' id='word_1_186' title='bbox 1434 2556 1735 2623; x_wconf 88' lang='grc' dir='ltr'>παρειμένως.</span> <span class='ocrx_word' id='word_1_187' title='bbox 1762 2564 1789 2606; x_wconf 89' lang='lat' dir='ltr'>b</span> 
     </span>
     <span class='ocr_line' id='line_1_24' title="bbox 152 2634 1743 2708; baseline 0.001 -21"><span class='ocrx_word' id='word_1_188' title='bbox 152 2634 421 2704; x_wconf 77' lang='grc' dir='ltr'>παράδοξος</span> <span class='ocrx_word' id='word_1_189' title='bbox 470 2635 625 2687; x_wconf 87' lang='grc' dir='ltr'>τοίνυν</span> <span class='ocrx_word' id='word_1_190' title='bbox 667 2637 715 2687; x_wconf 87' lang='grc' dir='ltr'>ἐν</span> <span class='ocrx_word' id='word_1_191' title='bbox 759 2641 855 2690; x_wconf 85' lang='grc' dir='ltr'>τοῖς</span> <span class='ocrx_word' id='word_1_192' title='bbox 899 2637 1249 2703; x_wconf 82' lang='grc' dir='ltr'>Ἰεροσολύμοις</span> <span class='ocrx_word' id='word_1_193' title='bbox 1302 2637 1456 2704; x_wconf 84' lang='grc' dir='ltr'>ἰατρὸς</span> <span class='ocrx_word' id='word_1_194' title='bbox 1501 2640 1743 2708; x_wconf 83' lang='grc' dir='ltr'>ἀνεδείχθη</span> 
     </span>
    </p>
   </div>
   <div class='ocr_carea' id='block_1_7' title="bbox 151 2774 1742 2918">
    <p class='ocr_par' dir='ltr' id='par_1_11' title="bbox 151 2774 1742 2918">
     <span class='ocr_line' id='line_1_25' title="bbox 200 2774 1741 2823; baseline 0.002 -13"><span class='ocrx_word' id='word_1_195' title='bbox 200 2786 234 2820; x_wconf 83' lang='grc'>3.</span> <span class='ocrx_word' id='word_1_196' title='bbox 260 2775 369 2820; x_wconf 81' lang='grc' dir='ltr'>ταύτῷ</span> <span class='ocrx_word' id='word_1_197' title='bbox 391 2774 432 2809; x_wconf 88' lang='grc' dir='ltr'>Β.</span> <span class='ocrx_word' id='word_1_198' title='bbox 450 2774 539 2820; x_wconf 72' lang='grc' dir='ltr'>αὐτῷ</span> <span class='ocrx_word' id='word_1_199' title='bbox 558 2774 625 2809; x_wconf 88' lang='lat' dir='ltr'>Ed.</span> <span class='ocrx_word' id='word_1_200' title='bbox 771 2788 803 2819; x_wconf 89' lang='lat'>4.</span> <span class='ocrx_word' id='word_1_201' title='bbox 829 2776 889 2810; x_wconf 82' lang='grc' dir='ltr'>δύο</span> <span class='ocrx_word' id='word_1_202' title='bbox 909 2777 951 2811; x_wconf 90' lang='grc' dir='ltr'>Β.</span> <span class='ocrx_word' id='word_1_203' title='bbox 968 2777 1095 2811; x_wconf 84' lang='grc' dir='ltr'>δώδεκα</span> <span class='ocrx_word' id='word_1_204' title='bbox 1116 2776 1181 2811; x_wconf 77' lang='lat' dir='ltr'>Ed.</span> <span class='ocrx_word' id='word_1_205' title='bbox 1338 2786 1367 2821; x_wconf 90' lang='grc'>7.</span> <span class='ocrx_word' id='word_1_206' title='bbox 1392 2777 1571 2823; x_wconf 77' lang='grc' dir='ltr'>ἀναγκαῖον</span> <span class='ocrx_word' id='word_1_207' title='bbox 1588 2779 1741 2822; x_wconf 84' lang='grc' dir='ltr'>ὑπολαμ-</span> 
     </span>
     <span class='ocr_line' id='line_1_26' title="bbox 151 2820 1742 2870; baseline 0.004 -15"><span class='ocrx_word' id='word_1_208' title='bbox 151 2823 246 2863; x_wconf 81' lang='grc' dir='ltr'>βάνω</span> <span class='ocrx_word' id='word_1_209' title='bbox 263 2823 400 2856; x_wconf 78' lang='lat' dir='ltr'>inverso</span> <span class='ocrx_word' id='word_1_210' title='bbox 418 2820 540 2856; x_wconf 84' lang='lat' dir='ltr'>ordine</span> <span class='ocrx_word' id='word_1_211' title='bbox 559 2822 601 2856; x_wconf 89' lang='grc' dir='ltr'>Β.</span> <span class='ocrx_word' id='word_1_212' title='bbox 724 2834 776 2857; x_wconf 90' lang='lat'>10.</span> <span class='ocrx_word' id='word_1_213' title='bbox 803 2823 858 2868; x_wconf 79' lang='grc' dir='ltr'>ἐφ’</span> <span class='ocrx_word' id='word_1_214' title='bbox 878 2835 948 2858; x_wconf 91' lang='lat' dir='ltr'>om.</span> <span class='ocrx_word' id='word_1_215' title='bbox 970 2824 1011 2857; x_wconf 88' lang='lat' dir='ltr'>B.</span> <span class='ocrx_word' id='word_1_216' title='bbox 1133 2835 1184 2866; x_wconf 81' lang='lat'>13.</span> <span class='ocrx_word' id='word_1_217' title='bbox 1211 2824 1400 2867; x_wconf 73' lang='grc' dir='ltr'>καταφανὲς</span> <span class='ocrx_word' id='word_1_218' title='bbox 1420 2824 1462 2859; x_wconf 89' lang='grc' dir='ltr'>Β,</span> <span class='ocrx_word' id='word_1_219' title='bbox 1482 2827 1656 2870; x_wconf 80' lang='grc' dir='ltr'>καταφανῆ</span> <span class='ocrx_word' id='word_1_220' title='bbox 1677 2826 1742 2861; x_wconf 88' lang='lat' dir='ltr'>Ed.</span> 
     </span>
     <span class='ocr_line' id='line_1_27' title="bbox 152 2868 1740 2918; baseline 0.003 -16"><span class='ocrx_word' id='word_1_221' title='bbox 152 2875 343 2914; x_wconf 83' lang='lat' dir='ltr'>utrumque</span> <span class='ocrx_word' id='word_1_222' title='bbox 363 2868 409 2902; x_wconf 91' lang='lat' dir='ltr'>D.</span> <span class='ocrx_word' id='word_1_223' title='bbox 582 2877 634 2911; x_wconf 86' lang='lat'>15.</span> <span class='ocrx_word' id='word_1_224' title='bbox 661 2869 696 2902; x_wconf 81' lang='grc' dir='ltr'>δέ</span> <span class='ocrx_word' id='word_1_225' title='bbox 716 2881 778 2914; x_wconf 87' lang='lat' dir='ltr'>pro</span> <span class='ocrx_word' id='word_1_226' title='bbox 795 2871 860 2914; x_wconf 85' lang='grc' dir='ltr'>γὰρ</span> <span class='ocrx_word' id='word_1_227' title='bbox 882 2870 921 2904; x_wconf 84' lang='grc' dir='ltr'>Β.</span> <span class='ocrx_word' id='word_1_228' title='bbox 987 2869 1228 2914; x_wconf 82' lang='grc' dir='ltr'>γεγραμμένων</span> <span class='ocrx_word' id='word_1_229' title='bbox 1247 2870 1291 2903; x_wconf 90' lang='lat' dir='ltr'>D.</span> <span class='ocrx_word' id='word_1_230' title='bbox 1462 2881 1514 2916; x_wconf 88' lang='lat'>17.</span> <span class='ocrx_word' id='word_1_231' title='bbox 1541 2872 1740 2918; x_wconf 79' lang='grc' dir='ltr'>ἐποίσομεν]</span> 
     </span>
    </p>
   </div>
   <div class='ocr_carea' id='block_1_8' title="bbox 154 2915 1743 2962">
    <p class='ocr_par' dir='ltr' id='par_1_12' title="bbox 154 2915 1743 2962">
     <span class='ocr_line' id='line_1_28' title="bbox 154 2915 1743 2962; baseline 0.004 -13"><span class='ocrx_word' id='word_1_232' title='bbox 154 2915 360 2960; x_wconf 77' lang='grc' dir='ltr'>ἐποιήσαμεν</span> <span class='ocrx_word' id='word_1_233' title='bbox 375 2915 417 2950; x_wconf 71' lang='grc' dir='ltr'>Β.</span> <span class='ocrx_word' id='word_1_234' title='bbox 520 2916 571 2950; x_wconf 80' lang='grc'>18.</span> <span class='ocrx_word' id='word_1_235' title='bbox 599 2915 809 2958; x_wconf 79' lang='grc' dir='ltr'>ε’πιτεμόντες</span> <span class='ocrx_word' id='word_1_236' title='bbox 829 2917 869 2950; x_wconf 86' lang='grc' dir='ltr'>Β.</span> <span class='ocrx_word' id='word_1_237' title='bbox 971 2928 1023 2961; x_wconf 86' lang='lat'>19.</span> <span class='ocrx_word' id='word_1_238' title='bbox 1051 2917 1194 2962; x_wconf 79' lang='grc' dir='ltr'>ὑπάρχει</span> <span class='ocrx_word' id='word_1_239' title='bbox 1213 2916 1246 2950; x_wconf 75' lang='grc' dir='ltr'>ἐν</span> <span class='ocrx_word' id='word_1_240' title='bbox 1264 2918 1386 2961; x_wconf 77' lang='grc' dir='ltr'>χερσὶν</span> <span class='ocrx_word' id='word_1_241' title='bbox 1404 2918 1542 2954; x_wconf 73' lang='lat' dir='ltr'>inverso</span> <span class='ocrx_word' id='word_1_242' title='bbox 1561 2919 1682 2954; x_wconf 79' lang='lat' dir='ltr'>Ordine</span> <span class='ocrx_word' id='word_1_243' title='bbox 1701 2920 1743 2956; x_wconf 85' lang='grc' dir='ltr'>Β.</span> 
     </span>
    </p>
   </div>
  </div>
 </body>
</html>
