2084 3317
122 155 192 198 vii.
213 172 280 214 30.
387 162 460 202 IN
504 165 545 205 S.
580 166 917 213 JOANNEM.
980 175 1104 217 LIB.
1128 178 1181 221 V.
1243 180 1376 222 CAP.
1412 183 1445 223 I.
1628 188 1708 227 665

121 263 248 320 ὅπως
291 269 570 324 ἐνίστασθαι
614 275 760 336 μόνον
798 285 899 334 ταῖς
936 283 1245 347 Ἑλληνικαῖς
1291 290 1554 353 ἀβουλιάις,
1597 295 1706 344 ἀλλ’

119 345 207 410 ἤδη
245 351 321 400 καὶ
361 356 694 422 συναγορεύειν
732 361 906 423 αὑταῖς,
944 368 1284 430 βεβουλῆσθαί
1313 393 1456 434 τινας,
1497 374 1611 440 φέρε
1650 375 1707 440 δὴ

116 427 265 479 πάλιν
290 431 375 495 τὴν
401 435 601 488 ἐνοῦσαν
628 441 826 493 ἀτοπίαν
857 448 924 513 τῷ
960 445 1161 511 δόγματι
1198 453 1273 500 καὶ
1308 452 1472 518 ἑτέρως
1509 457 1701 507 διασκε-

115 511 334 576 ψώμεθα,
356 518 432 566 καὶ
457 517 516 568 τὰ
542 521 591 570 ἐκ
619 527 872 588 λογισμῶν
898 526 1114 594 χρήσιμα
1139 532 1502 599 ἐπισωρεύοντες
1526 537 1706 601 βοηθή-

71 608 93 646 5
112 613 239 653 ματα
281 600 382 650 ταῖς
424 599 609 651 ἐκείνων
647 606 918 673 βδελυρίαις
958 610 1291 679 ἀντεξάγωμεν
1329 615 1416 679 τὴν
1457 618 1699 682 ἀλήθειαν.

112 676 150 723 εὶ
176 673 270 741 γὰρ
297 676 353 739 δὴ
385 683 491 732 καθ’
522 684 653 746 ὑμᾶς,
681 683 718 735 ῶ
755 688 895 752 οῦτοι,
922 698 1180 747 καλοῦντος
1213 695 1334 758 ἡμᾶς
1371 700 1432 752 ὡς
1465 701 1515 750 ἐκ
1549 707 1695 752 πλεο·
1721 726 1742 753 e

111 755 265 823 νεξιάς
299 766 382 810 τοῦ
417 770 578 829 καιροῦ
614 769 689 818 καὶ
727 767 849 835 ὥρας
887 773 1319 842 ἐπαναγκαζούσης,
1359 781 1439 831 ἐπί
1472 804 1517 832 τι
1555 784 1701 852 τυχὸν

109 841 203 888 τῶν
230 841 423 905 ἀγαθῶν
448 843 477 909 ἢ
513 851 608 897 τῶν
638 850 858 903 ἐναντίων
883 854 1136 918 ἑλκόμεθα,
1167 860 1404 925 περιττὸς,
1436 865 1497 916 ὡς
1531 864 1696 929 ἔοικεν,

107 918 217 981 ἡμῖν
248 923 273 972 ὁ
311 923 430 990 πρὸς
469 927 648 980 ἕκαστα
686 937 781 983 τῶν
811 937 1057 999 πρακτέων
1092 941 1308 992 διιθύνων
1342 945 1593 1009 λογισμὸς,
1621 951 1698 998 καὶ

39 1023 87 1050 10
106 1006 200 1052 τῶν
242 1004 327 1067 μὲν
371 1008 572 1074 φαύλων
617 1012 903 1081 ἐξίστασθαι
948 1021 1308 1086 συμβουλεύων,
1352 1026 1608 1094 ἐπιτρέχειν
1649 1028 1698 1080 δὲ

103 1088 296 1146 μᾶλλον
336 1094 432 1142 τοῖς
475 1091 822 1156 ἐπαινουμένοις
867 1100 1265 1166 διακελευόμενος·
1323 1112 1436 1158 ποῖα
1483 1109 1577 1175 γὰρ
1623 1113 1696 1161 ε’ν-

102 1170 265 1218 τεῦθεν
310 1168 487 1235 ὄνησις,
533 1175 637 1226 εἶπέ
681 1200 774 1240 μοι,
820 1181 1006 1245 λοιπὸν,
1051 1185 1101 1234 τί
1147 1184 1196 1236 δὲ
1246 1186 1301 1237 τὸ
1345 1189 1395 1239 ἐκ
1443 1197 1698 1256 λογισμῶν

103 1246 339 1315 ὠφέλημα
377 1255 607 1321 χρηστὸν,
643 1262 680 1308 εἰ
718 1261 944 1325 πείσομαι
984 1263 1173 1321 πάντως
1212 1271 1287 1319 καὶ
1325 1274 1578 1336 βαδιοῦμαι
1619 1279 1695 1327 καὶ

100 1329 187 1397 οὐχ
213 1332 330 1384 ἑκὼν
356 1336 429 1403 ἐφ’
453 1337 566 1404 ὅπερ
593 1337 650 1389 ἂν
675 1341 703 1405 ἡ
731 1342 830 1408 ὥρα
856 1350 997 1413 καλῇ,
1018 1349 1094 1398 καὶ
1122 1350 1146 1399 ὁ
1173 1350 1332 1417 καιρὸς
1358 1354 1693 1423 ἐπαναγκάζειν
1710 1383 1731 1407 a
1762 1375 1851 1410 454
1868 1375 1913 1410 A.

33 1427 78 1466 15
98 1414 331 1478 βούληται
349 1439 362 1479 3
403 1419 666 1472 ἀκόλουθον
686 1423 789 1489 ἄρα,
812 1427 1025 1494 καθάπερ
1051 1435 1146 1480 τῶν
1173 1433 1392 1485 ὁλκάδων
1414 1440 1566 1502 φασὶν
1585 1439 1694 1494 τοῦς

97 1497 484 1566 οἰακοστρόφους,
511 1503 630 1568 πρὸς
656 1510 822 1557 πᾶσαν
848 1510 1159 1576 ἀπειρηκότας
1184 1515 1359 1567 ἐλπίδα
1391 1524 1474 1569 τοῦ
1507 1521 1686 1572 διασώ-

97 1574 261 1641 ζεσθαι
304 1580 391 1644 τὴν
438 1589 566 1647 ναῦν,
609 1587 794 1639 ἐπειδᾶν
836 1591 885 1640 ἐν
926 1598 1118 1659 χειμῶνι
1160 1600 1455 1650 κινδυνεῦσαι
1501 1608 1687 1671 συμβῇ,

94 1658 250 1710 πάντα
276 1661 361 1725 μὲν
386 1666 560 1716 ἀνεῖναι
587 1668 763 1732 κάλων,
791 1673 1036 1725 ἀπολῦσαι
1064 1677 1112 1727 δὲ
1143 1680 1219 1729 καὶ
1254 1679 1421 1736 αὐτοῦς
1458 1683 1547 1748 ἤδη
1582 1685 1689 1740 τοὺς

94 1740 268 1806 οἴακας,
313 1745 447 1797 οὐδὲν
490 1749 556 1799 ε”τι
607 1753 690 1814 τῆς
741 1752 904 1821 τέχνης
956 1758 1263 1826 ἀνεχομένους
1313 1766 1396 1826 τῆς
1447 1766 1496 1815 ἐν
1541 1769 1683 1837 αὐτῷ,

25 1845 74 1873 20
93 1823 344 1893 ἐπιτρέψαι
375 1829 422 1879 δὲ
459 1832 580 1882 οὕτω
616 1838 716 1887 ταῖς
750 1840 845 1887 τῶν
871 1838 1091 1901 κυμάτων
1118 1842 1298 1907 ὁρμαῖς,
1328 1847 1685 1913 διαρῥίπτεσθαι

92 1904 142 1956 δὲ
180 1906 300 1958 κατὰ
337 1908 422 1973 τὴν
461 1912 742 1966 θάλασσαν·
796 1919 930 1970 οὐδὲν
968 1921 1061 1988 γὰρ
1101 1924 1234 1976 οὐδὲν
1273 1929 1336 1981 ὡς
1374 1929 1423 1979 ἐκ
1461 1935 1556 1981 τῶν
1593 1932 1683 1997 ἤδη

89 1990 435 2055 προειρημένων
461 1994 514 2045 τὸ
541 1995 699 2063 κέρδος
735 2001 839 2051 οὔτε
875 2008 972 2057 τοῖς
1007 2003 1229 2058 ἐθέλουσι
1256 2008 1342 2073 τὴν
1370 2011 1552 2077 ἀρετὴν,
1577 2016 1681 2066 οὔτε

89 2068 184 2134 μὴν
222 2077 318 2126 τοῖς
356 2077 438 2138 τῆς
477 2078 640 2132 κακίας
678 2080 894 2147 ἐργάταις
936 2087 1159 2139 ἀνατελεῖ
1198 2089 1252 2140 τὸ
1292 2093 1496 2156 βλάβος,
1537 2100 1574 2146 εὶ
1613 2098 1722 2161 μὴὶ)

88 2150 208 2217 πρὸς
246 2154 426 2207 ἕκαστα
464 2163 559 2210 τῶν
598 2164 890 2226 τελουμένων
925 2169 1324 2237 ἀντικομιζώμεθα
1360 2175 1489 2241 παρὰ
1528 2181 1672 2242 Θεοῦ,

18 2255 66 2294 25
88 2236 164 2284 καὶ
210 2235 330 2287 κατὰ
373 2238 460 2302 τὴν
499 2246 594 2292 τῶν
637 2248 935 2311 πραγμάτων
976 2251 1205 2317 ποιότητα
1249 2254 1333 2310 τὰς
1378 2259 1677 2322 ἀντιμισθίας

87 2317 529 2385 ἀντιλαμβάνωμεν.
588 2325 706 2391 ὁριεῖ
738 2327 844 2395 γὰρ,
878 2332 981 2382 εἰπέ
1011 2356 1105 2397 μοι,
1136 2338 1373 2392 πολλάκις
1411 2340 1439 2403 ἡ
1478 2340 1576 2407 ὥρα
1616 2343 1676 2394 τά

85 2395 341 2463 κάλλιστα,
369 2405 444 2452 καὶ
478 2406 753 2472 ἀδιακρίτως
787 2411 966 2464 ἐποίσει
1001 2413 1055 2464 τὸ
1091 2418 1309 2485 ὠφελοῦν
1336 2421 1361 2471 ὁ
1387 2422 1559 2489 καιρὸς,
1587 2424 1675 2476 κᾶν

83 2480 158 2530 ἐπὶ
184 2486 280 2535 τοῖς
305 2487 575 2551 αἰσχίστοις
601 2489 904 2556 ἁλίσκωμαι,
947 2499 1278 2559 μετοισθέντος
1305 2502 1353 2553 δὲ
1379 2502 1527 2555 πάλιν
1552 2507 1671 2573 πρὸς

81 2560 135 2613 τὸ
174 2565 390 2619 ἐναντίως
430 2568 538 2635 ε”χον
573 2576 656 2622 τοῦ
692 2572 856 2640 λόγου,
883 2577 1014 2629 οὐδὲν
1047 2580 1150 2631 ἔσθ’
1181 2581 1258 2633 ὅτε
1296 2589 1390 2636 τῶν
1419 2588 1612 2652 ἀγαθῶν
1643 2592 1669 2641 ὁ

129 2699 162 2729 4.
188 2686 358 2735 χρήσιμα]
379 2690 537 2748 ὠφέλιμα
559 2694 711 2740 χρήσιμα
737 2697 779 2732 Β.
799 2706 889 2734 recte
910 2713 979 2736 om.
1001 2703 1159 2748 ὠφέλιμα
1181 2705 1298 2741 Holst.
1323 2708 1367 2742 cf.
1390 2721 1496 2754 supra
1514 2712 1614 2756 249b
1633 2717 1668 2748 et

83 2744 184 2777 saepe
202 2734 295 2768 alibi.
370 2738 402 2770 6.
422 2753 506 2781 ημας
523 2742 666 2776 correxi.
686 2744 768 2786 ὑμᾶς
787 2746 853 2780 Ed.
930 2759 959 2791 7.
977 2753 1037 2783 τοῦ
1056 2763 1123 2786 ass.
1139 2764 1180 2785 ex
1200 2753 1241 2787 B.
1319 2765 1371 2788 12.
1390 2758 1428 2789 τὸ
1446 2769 1513 2791 ass.
1529 2770 1570 2792 ex
1590 2759 1666 2795 B.a.

85 2790 138 2822 14.
157 2781 243 2824 ἅπερ
257 2793 287 2816 a.
337 2782 573 2830 ἐπαναγκάζειν
589 2787 664 2823 B.a.
677 2790 918 2837 ὑπαναγκάζειν
931 2796 993 2829 Ht.
1007 2796 1073 2831 Ed.
1137 2809 1188 2842 15.
1208 2800 1396 2835 ἀκόλουθον
1412 2802 1452 2836 Β.
1468 2804 1667 2841 ἀκολουθεῖν

83 2825 147 2859 Ht.
164 2826 230 2860 Ed.
299 2829 350 2862 16.
369 2832 484 2865 πᾶσαν
504 2832 544 2866 Β.
563 2834 699 2870 ἅπασαν
719 2838 780 2872 Ht.
800 2839 866 2874 Ed.
933 2851 983 2886 17.
1004 2843 1038 2876 ἐν
1055 2855 1123 2877 ass.
1142 2857 1183 2878 ex
1204 2846 1244 2880 B.
1310 2859 1361 2891 19.
1381 2849 1602 2895 ἀνεχομένους
1621 2853 1664 2887 Β.

79 2872 334 2918 ἀνασχομένους
350 2876 412 2911 Ht.
430 2878 495 2912 Ed.
586 2892 641 2916 21.
659 2883 756 2918 οὐδὲν
774 2886 816 2921 ὡς
834 2898 901 2921 ass.
921 2900 961 2921 ex
983 2889 1022 2924 B.
1074 2890 1215 2925 Lacuna
1232 2893 1267 2926 in
1289 2894 1349 2928 Ht.
1364 2895 1429 2930 Ed.
1513 2909 1567 2943 23.
1586 2899 1664 2934 α’να-

79 2921 172 2953 τελεῖ
192 2920 233 2955 Β.
250 2921 427 2957 ἀνατέλλει
449 2924 511 2958 Ht.
532 2926 598 2961 Ed.
695 2939 750 2976 27.
775 2932 973 2977 ἀδιακρίτως
992 2936 1034 2969 Β.
1052 2936 1227 2981 διακρίτως
1248 2940 1310 2975 Ht.
1330 2941 1396 2976 Ed.
1495 2955 1549 2989 29.
1572 2945 1664 2981 ἐναν-

79 2965 157 3001 τίως
176 2967 217 3001 Β.
236 2968 344 3003 ἔναντι
365 2969 428 3005 Ht.
448 2971 513 3006 Ed.
578 2976 638 3008 τοῦ
655 2976 761 3022 λόγου
779 2985 811 3012 et
829 2987 908 3014 ante
927 2988 959 3015 et
977 2988 1056 3026 post
1073 2984 1172 3019 οὐδὲν
1188 2985 1261 3020 ἔσθ’
1280 2986 1338 3021 ὅτε
1355 2988 1495 3025 exhibet
1515 2991 1556 3027 B.

133 3033 225 3065 voL.
250 3035 280 3063 1.
838 3049 866 3085 4
889 3047 917 3085 Q
