2073 3296
341 191 396 230 62
742 193 791 234 B.
826 193 1103 234 CYRILLI
1144 193 1523 235 ALEXANDR.
1838 192 1864 232 i.
1886 204 1922 235 2.

341 297 416 349 ἵνα
467 298 742 361 διδάσκηται
790 302 899 366 παρ’
950 302 1092 352 αὐτοῦ
1141 300 1226 366 τὴν
1269 302 1506 366 βούλησιν
1550 306 1632 352 τοῦ
1677 304 1800 352 Θεοῦ
1851 303 1928 351 καὶ

122 374 226 406 1C0r.
243 375 263 406 i.

122 426 171 458 24·
295 385 323 426 d
344 379 550 446 Πατρός·
593 385 679 432 ποῖ
699 404 812 433 ποτε
844 382 934 448 ἄρα
966 381 1175 450 χωρήσει
1208 383 1363 448 λέγων
1389 384 1414 434 ὁ
1444 386 1640 438 Παῦλος
1667 389 1694 412 “
1715 380 1928 449 Χριστὸς

343 467 370 490 “
396 464 520 513 Θεοῦ
547 461 739 526 δύναμις
765 465 840 513 καὶ
869 466 994 514 Θεοῦ
1020 465 1174 532 σοφία
1195 463 1234 524 ;”
1274 468 1375 518 πῶς
1408 463 1502 530 γάρ
1532 465 1635 514 ἐστι
1665 464 1819 532 σοφία
1844 468 1928 514 τοῦ

343 542 534 610 Πατρὸς
569 545 594 594 ὁ
625 542 754 606 Υἱὸς,
780 547 817 594 εὶ
851 545 1029 612 σοφίας
1065 545 1289 612 ὑπάρχων
1314 544 1495 609 ἐπιδεὴς
1528 544 1582 596 Τὸ
1617 544 1792 595 τέλειον
1817 545 1926 610 παρ’

340 625 498 691 ἑτέρου
529 624 772 689 κομίζεται,
801 624 875 675 διὰ
908 631 991 676 τοῦ
1022 625 1274 689 μανθάνειν
1305 624 1424 692 ἅπερ
1460 627 1542 677 οὐκ
1579 624 1673 677 οἶδε
1709 624 1923 690 δηλαδή;

339 704 369 770 ἢ
396 710 496 760 πῶς
522 706 605 756 οὐκ
631 704 812 771 ἀνάγκη
840 708 1008 772 λέγειν,
1035 708 1118 758 οὐκ
1143 706 1256 759 εἶναι
1288 709 1469 759 τελείαν
1494 709 1541 759 ἐν
1568 712 1634 778 τῷ
1663 710 1817 773 Πατρὶ
1843 706 1930 771 τὴν

339 788 520 856 σοφίαν
545 788 718 847 αὑτοῦ;
762 789 836 838 καὶ
871 791 907 838 εὶ
941 789 1093 858 σοφία
1128 795 1210 840 τοῦ
1239 788 1430 856 Πατρός
1464 791 1596 840 ἐστιν
1623 791 1647 840 ὁ
1674 787 1802 852 Υἱὸς,
1828 792 1930 842 πῶς

341 867 399 919 ἂν
424 869 557 935 ἑτέρα
585 874 735 920 νοοῖτο
761 869 871 936 παρ’
901 869 1043 921 αὐτὸν
1070 871 1097 935 ἡ
1123 871 1390 936 βούλησις;
1433 869 1532 937 ὥρα
1558 870 1652 937 γὰρ
1684 870 1839 936 λέγειν
1863 868 1928 934 μὴ

339 951 387 1001 ἐν
428 950 581 1020 σοφίᾳ
624 955 865 1003 τελεῖσθαι
909 951 994 1016 τὴν
1032 952 1272 1017 βούλησιν
1312 959 1395 1004 τοῦ
1437 956 1561 1003 Θεοῦ
1601 954 1677 1003 καὶ
1719 950 1926 1017 Πατρός.

300 1052 321 1078 e
341 1032 471 1083 ἀλλὰ
505 1031 668 1097 πολλή
704 1056 772 1087 τις
805 1035 936 1084 ἐστὶν
960 1034 988 1097 ἡ
1016 1036 1063 1085 ἐν
1089 1033 1269 1088 τούτοις
1295 1034 1506 1097 ἀσέβεια,
1533 1035 1608 1085 καὶ
1633 1032 1931 1100 πανταχόθεν

340 1114 365 1163 ὀ
391 1113 537 1180 λόγος
562 1113 616 1165 τὸ
644 1114 898 1184 δύσφημον
925 1116 1033 1183 ἔχει.
1090 1117 1173 1167 οὐκ
1209 1116 1301 1182 ἄρα
1336 1119 1418 1180 τῆς
1453 1117 1562 1182 παρ’
1592 1114 1746 1182 ἑτέρου
1770 1117 1926 1178 μαθη-

340 1195 461 1249 τείας
498 1195 695 1263 μέτοχος
733 1195 798 1247 ὧν
837 1198 862 1247 ὀ
900 1197 1015 1251 Υἱὸς
1054 1195 1147 1248 οἶδε
1185 1196 1244 1248 τὰ
1283 1199 1331 1249 ἐν
1369 1201 1436 1267 τῷ
1475 1198 1573 1266 ἰδίῳ
1611 1198 1780 1262 Πατρὶ,
1817 1195 1928 1246 ἀλλ’

117 1290 277 1321 Ib-ii-10-
340 1275 480 1330 αὐτὸς
517 1275 581 1328 ὧν
620 1278 644 1328 ὁ
688 1277 844 1344 Λόγος
887 1281 961 1329 καὶ
1007 1279 1034 1343 ἡ
1074 1279 1226 1349 σοφία
1267 1281 1343 1330 καὶ
1387 1279 1414 1343 ἡ
1455 1277 1692 1342 βούλησις
1731 1285 1757 1307 ‘⁶
1776 1276 1932 1329 πάντα

340 1364 368 1388 ‘⁶
394 1360 556 1427 ἐρευνᾷ
589 1361 665 1409 καὶ
701 1359 761 1410 τὰ
794 1358 922 1425 βάθη
957 1366 1040 1412 τοῦ
1068 1361 1242 1424 Θεοῦ,”
1271 1359 1394 1412 καθὰ
1427 1359 1698 1427 γέγραπταί
1726 1381 1818 1411 που
1855 1359 1932 1410 καὶ

339 1444 443 1507 περὶ
470 1445 553 1491 τοῦ
580 1440 870 1504 Πνεύματος.
1439 1506 1451 1518 ‚

117 1527 277 1568 Eeb-i-ss-
415 1541 547 1571 ΑΛΛΟ.
587 1522 671 1575 εΩς
717 1521 869 1573 εἰκόνα
910 1526 985 1574 καὶ
1025 1526 1302 1591 χαρακτῆρα
1344 1529 1427 1574 τοῦ
1470 1520 1662 1589 Πατρὸς
1705 1523 1928 1589 ἀπαράλ-

342 1608 520 1654 λακτον
563 1603 871 1672 εἰσφέρουσιν
911 1604 1020 1668 ἡμῖν
1063 1605 1147 1656 τὸν
1186 1604 1304 1656 Υὶὸν
1346 1608 1392 1656 αἱ
1438 1609 1555 1656 θεῖαι
1599 1603 1806 1672 γραφαί·<
1856 1605 1932 1654 καὶ

1081 1686 1094 1703 Ι

117 1683 211 1714 Infra
386 1686 396 1700 ’
434 1683 447 1699 λ
557 1684 570 1701 Ι
833 1689 846 1704 x
913 1687 923 1701 t
1198 1688 1208 1703 t
1303 1687 1313 1701 e
1454 1685 1466 1702 x
1548 1687 1559 1702 2
1601 1685 1613 1702 x
1655 1687 1666 1701 ε
1689 1685 1701 1702 t
1882 1684 1896 1700 x

341 1708 480 1738 αυτος
516 1688 563 1736 δε
598 1708 689 1736 που
725 1692 877 1754 φησιν
904 1709 929 1737 ο
957 1690 1126 1754 Σωτηρ
1152 1694 1179 1717 “
1215 1690 1261 1738 O
1292 1709 1504 1753 εωρακως
1537 1709 1614 1750 εμε
1644 1708 1818 1752 εωρακε
1850 1708 1934 1737 τον

117 1737 184 1759 XIV.
227 1751 233 1758 .

203 1737 223 1768 9
344 1773 371 1796 “
399 1766 637 1833 Πατέρα.”
685 1769 795 1817 ἀλλ’
824 1768 951 1833 ε’ίπερ
990 1768 1110 1835 ἔχων
1142 1769 1287 1822 οὕτως
1327 1766 1597 1832 ὁμοιότητος
1635 1766 1755 1834 πρὸς
1792 1766 1935 1818 αὐτὸν

343 1849 426 1899 οὐκ
462 1846 584 1899 οἶδεν
613 1848 670 1916 ἐξ
702 1849 867 1900 ἑαυτοῦ
901 1848 961 1900 τὰ
994 1851 1043 1900 ἐν
1070 1851 1208 1919 αὐτῷ,
1236 1852 1379 1901 δεῖται
1414 1850 1462 1900 δὲ
1498 1848 1663 1916 ὥσπερ
1697 1853 1792 1900 τῶν
1821 1849 1931 1915 παρ’
1956 1872 2005 1897 20

120 1946 178 1979 42
195 1944 246 1978 A.
303 1930 500 1996 ae‘re'pov
535 1929 835 1995 διηγημάτων
862 1933 924 1984 εἰς
957 1930 1012 1981 τὸ
1046 1936 1226 1995 μαθεῖν·
1271 1931 1368 1997 ὥρα
1405 1933 1478 1982 καὶ
1515 1930 1656 1982 αὐτὸν
1681 1932 1729 1982 ἐν
1755 1931 1935 1984 τούτοις

343 2009 458 2062 εἶναι
480 2011 563 2062 τὸν
592 2010 783 2078 Πατέρα
819 2011 1029 2078 νομίζειν,
1056 2012 1183 2079 ε’ίπερ
1219 2014 1350 2064 ἐστὶν
1377 2015 1424 2064 ἐν
1452 2011 1689 2077 ὁμοιότητι
1723 2016 1782 2080 τῇ
1815 2011 1936 2079 πρὸς

343 2092 425 2144 τὸν
451 2093 582 2156 Υὶὸν,
611 2091 828 2157 δεήσεται
855 2094 904 2145 δὲ
930 2096 1005 2145 καὶ
1032 2094 1173 2148 αὐτὸς
1198 2100 1282 2146 τοῦ
1309 2094 1685 2162 διερμηνεύοντος
1710 2094 1770 2145 τὰ
1795 2096 1844 2146 ἐν
1868 2098 1935 2164 τῷ

342 2174 595 2240 γεννήματι
633 2173 752 2225 κατὰ
791 2175 845 2226 τὸ
885 2175 1062 2244 ἀφανὲς
1102 2176 1302 2240 κείμενα.
1355 2178 1431 2228 καὶ
1467 2177 1659 2243 γέγονεν
1684 2176 1792 2241 ἡμῖν
1817 2175 1936 2242 πρὸς

342 2261 439 2309 τοῖς
479 2257 690 2307 ἐντεῦθεν
729 2256 920 2311 ἀτόποις
963 2258 991 2321 ἡ
1035 2258 1136 2309 θεία
1180 2258 1328 2327 φύσις
1372 2261 1448 2308 καὶ
1494 2257 1686 2324 ἀγνοίας
1731 2256 1931 2322 δεκτική.
1958 2277 2006 2317 25

343 2336 498 2401 ἐπειδὴ
533 2336 582 2388 δὲ
611 2336 666 2388 τὸ
701 2339 823 2389 οὕτω
861 2343 1052 2407 φρονεῖν
1078 2339 1263 2402 ἀσεβὲς,
1290 2340 1528 2407 χωρητέον
1553 2340 1626 2390 ἐπὶ
1654 2337 1713 2390 τὰ
1743 2362 1933 2406 πρεπω-

343 2417 556 2484 δέστερα·
596 2424 735 2470 τοῦτο
760 2418 854 2485 γὰρ
879 2418 933 2470 τὸ
961 2420 1210 2488 συμφερον
1237 2422 1400 2487 ὁρᾶται
1428 2422 1502 2471 καὶ
1529 2419 1783 2488 χρήσιμον.

123 2507 225 2537 1001·-
238 2507 270 2537 ii·
419 2519 551 2548 ΑΛΛΟ.
593 2506 620 2529 “
644 2499 852 2563 Πάντα,”
882 2504 1034 2568 φησὶν
1059 2503 1084 2552 ὁ
1115 2501 1342 2568 μακάριος
1371 2506 1581 2564 Παῦλος,
1609 2507 1637 2530 “
1657 2500 1711 2552 τὸ
1740 2505 1937 2566 Πνεῦμα

126 2560 174 2580 10.

121 2604 241 2636 Ib.11.
300 2592 327 2633 b
346 2587 372 2609 ‘⁴
398 2581 559 2650 ε’ρεῦνᾳ
594 2582 670 2632 καὶ
704 2581 764 2632 τὰ
796 2580 924 2646 βάθη
962 2587 1045 2633 τοῦ
1074 2584 1246 2634 Θεοῦ·”
1299 2583 1417 2650 πρὸς
1453 2582 1509 2632 δέ
1536 2605 1589 2649 γε
1625 2582 1776 2652 τούτῳ
1803 2589 1830 2612 “
1851 2583 1938 2636 Τίς

347 2668 375 2690 “
401 2661 494 2728 γὰρ
530 2660 651 2713 οἶδεν
683 2662 945 2729 ἀνθρώπων
976 2663 1035 2713 τὰ
1070 2669 1153 2714 τοῦ
1189 2665 1461 2730 ἀνθρώπου,
1491 2667 1528 2714 εἰ
1563 2663 1628 2728 μὴ
1664 2664 1718 2715 τὸ
1752 2670 1938 2729 πνεῦμα
1958 2683 2008 2719 30

345 2749 373 2771 ‘⁶
398 2748 480 2794 τοῦ
507 2744 759 2811 ἀνθρώπου
794 2743 849 2796 τὸ
882 2746 929 2796 ἐν
956 2746 1110 2814 ath-(533
1157 2747 1278 2796 οὕτω
1314 2749 1389 2796 καὶ
1425 2744 1484 2796 τὰ
1519 2751 1601 2796 τοῦ
1630 2748 1754 2796 Θεοῦ
1790 2746 1937 2799 οὐδεὶς

395 2896 426 2930 7.
453 2888 580 2934 σοφία]
602 2889 733 2934 σοφίαν
752 2889 793 2924 Ε.
976 2890 1009 2924 8.
1035 2889 1114 2934 παρ’
1133 2890 1235 2934 αὐτὴν
1254 2890 1294 2926 Ε,
1483 2901 1534 2924 10.
1561 2890 1595 2925 ἐν
1613 2890 1744 2926 τούτοις
1761 2890 1779 2934 ἡ
1798 2891 1936 2925 inverso

344 2933 466 2967 ordine
484 2933 526 2968 B.
736 2947 788 2981 13.
813 2935 999 2981 βούλησις]
1019 2936 1130 2980 βουλὴ
1149 2936 1191 2970 Ε.
1399 2944 1451 2981 17.
1478 2938 1510 2970 αἱ
1529 2937 1615 2971 θεῖαι
1633 2937 1766 2984 γραφαὶ
1782 2938 1841 2973 τὸν
1858 2938 1938 2972 Υἱὸν

344 2981 482 3015 inverso
500 2980 621 3015 ordine
641 2981 682 3016 B.
829 2993 885 3017 22.
911 2982 1071 3027 νομίζειν]
1092 2983 1264 3027 ὀνομάζειν
1284 2983 1326 3018 Β.
1393 2982 1452 3029 τῇ]
1472 2985 1518 3029 τῷ
1538 2983 1579 3019 Ε.

1948 642 1970 681 5

1953 1055 2000 1080 10

1955 1452 2001 1490 15
