2084 3317
308 186 388 236 182
706 187 755 227 B.
791 187 1067 228 CYRILLI
1109 187 1487 228 ALEXANDR.
1689 187 1715 226 i.
1737 199 1804 241 32,
1823 198 1890 240 33.

86 299 240 331 1Ti1n.i.
306 293 703 362 ἑτεροδοξούντων
734 295 866 358 λαὸς,
891 295 955 358 μὴ
991 295 1168 359 νοήσας
1199 303 1226 325 “
1246 296 1362 360 μήτε
1401 293 1432 346 ἃ
1469 296 1595 361 λέγει
1633 295 1751 358 μήτε
1787 297 1893 359 περὶ

307 383 335 404 “
361 376 500 426 τίνων
542 378 934 438 διαβεβαιοῦται,”
977 379 1053 427 καὶ
1098 377 1376 428 κινδυνεύειν
1422 377 1470 428 δὲ
1514 379 1660 430 οὕτως
1704 378 1752 426 ἐν
1797 381 1892 429 τοῖς

307 456 704 522 ἀναγκαιοτάτοις,
736 457 869 509 οὐδὲν
902 459 1124 523 ἡγοῦνται
1161 459 1302 525 βαρύ·
1353 458 1380 524 ἢ
1417 459 1510 525 γὰρ
1545 458 1603 509 ἂν
1629 461 1704 509 καὶ
1739 458 1888 519 αὐτοὶ,

305 537 474 604 πικρὸν
506 540 555 589 ἐκ
592 538 855 607 βλεφάρων
887 540 1193 607 καταχέοντες
1232 539 1433 606 δάκρυον
1467 542 1544 590 καὶ
1581 539 1796 606 μεγάλην
1831 544 1894 594 εἷς

83 618 135 647 Ps.
152 618 215 648 cxl.

83 671 100 700 3
128 671 158 699 4.
308 620 431 687 ὕψος
470 621 786 674 ἀνατείνοντες
823 621 908 685 τὴν
948 620 1124 690 φωνὴν,
1163 622 1446 689 προσῄεσαν
1485 622 1705 687 λέγοντες
1743 629 1770 651 “
1791 625 1893 672 Θοῦ
1914 637 1936 674 5

306 708 334 730 “
364 700 507 768 Κύριε
543 701 764 769 φυλακὴν
789 707 856 772 τῷ
890 703 1100 766 στόματί
1130 727 1234 767 μου,
1262 706 1336 754 καὶ
1372 703 1519 770 θύραν
1544 707 1764 770 περιοχῆς
1788 706 1894 769 περὶ

264 805 285 831 e
307 789 334 811 “
359 781 419 832 τὰ
456 783 592 850 χείλη
631 806 736 847 μου.
791 784 857 847 μὴ
897 786 1112 853 ἐκκλίνῃς
1147 785 1232 850 τὴν
1265 786 1460 852 καρδίαν
1492 808 1582 848 μου
1619 789 1682 839 εὶς
1720 785 1895 850 λόγους

608 865 633 881 ’2

305 871 333 893 “
358 865 600 930 πονηρίας.
686 865 824 931 λόγοι
851 865 945 932 γὰρ
973 866 1119 921 ὅντως
1145 868 1369 934 πονηρίας
1402 871 1443 918 οἱ
1469 869 1578 933 παρ’
1608 868 1785 918 ἑαυτῶν
1809 866 1896 931 τὴν

303 947 377 997 ἐπὶ
409 951 505 1000 τοῖς
536 945 756 1014 ἐσχάτοις
788 947 954 1014 ζημίαν
979 954 1074 1002 τοῖς
1109 949 1418 1013 ἀκροωμένοις
1454 949 1712 1003 ὠδίνοντες.
1768 949 1895 1012 ἡμεῖς

304 1027 353 1078 δὲ
391 1030 473 1092 τῆς
511 1029 688 1079 ἑαυτῶν
721 1030 911 1096 καρδίας
948 1030 1030 1081 τὸν
1067 1032 1249 1082 ἐκείνων
1285 1031 1600 1100 ἐξοικίσαντες
1638 1033 1787 1096 λῆρον
1821 1031 1895 1081 ἐπὶ
1920 1051 1966 1075 10

303 1107 386 1159 τὸν
420 1108 562 1176 ὀρθὸν
592 1113 675 1174 τῆς
713 1112 920 1166 πίστεως
957 1113 1247 1177 βαδιούμεθα
1286 1112 1450 1178 λόγον,
1482 1111 1536 1163 τὸ
1570 1112 1896 1179 γεγραμμένον

79 1190 185 1274 {¹03²
304 1190 488 1258 ἔχοντες
522 1195 585 1246 εἷς
620 1199 730 1243 νοῦν
758 1194 1079 1259 (ίΛογισμούς
1114 1200 1442 1262 καθαιροῦντες
1478 1196 1552 1245 καὶ
1586 1199 1682 1245 πᾶν
1717 1195 1897 1262 ὕψωμα

305 1280 333 1303 “
359 1272 665 1340 ἐπαιρόμενον
691 1275 811 1325 κατὰ
846 1279 929 1340 τῆς
965 1277 1188 1341 γνώσεως
1218 1283 1301 1328 τοῦ
1329 1280 1468 1339 Θεοῦ,
1496 1278 1572 1327 καὶ
1599 1276 1890 1344 αἰχμαλωτί-

81 1375 159 1410 122
176 1374 228 1408 A.
264 1383 286 1408 a
306 1362 332 1384 ‘⁶
359 1356 512 1422 ζοντες
533 1361 630 1407 πᾶν
658 1355 810 1420 νόημα
836 1360 898 1410 εἷς
924 1356 1009 1421 τὴν
1036 1357 1245 1422 ὑπακοὴν
1271 1364 1354 1409 τοῦ
1381 1358 1645 1424 Χριστοῦ.”
1699 1358 1812 1426 φέρε
1839 1356 1896 1421 δὴ

304 1438 398 1500 οὖν,
427 1438 503 1488 καὶ
529 1436 611 1489 τὸν
637 1439 685 1489 ἐν
711 1443 807 1492 τοῖς
831 1440 1150 1506 προκειμένοις
1181 1440 1290 1504 ἡμῖν
1316 1440 1618 1506 θεωρήμασιν
1644 1443 1891 1507 αἰχμαλω-
1920 1460 1966 1498 15

304 1519 503 1586 τίζοντες
539 1525 661 1582 νοῦν,
692 1519 1002 1590 ὑποτάξωμεν
1029 1525 1086 1590 τῇ
1123 1521 1240 1591 δόξῃ
1276 1527 1360 1573 τοῦ
1393 1526 1713 1587 Μονογενοῦς,
1739 1519 1896 1589 πάντα

305 1601 525 1669 φέροντες
562 1608 769 1656 συνετῶς
805 1607 867 1656 εἰς
901 1603 987 1667 τὴν
1014 1604 1224 1668 ὑπακοὴν
1251 1605 1405 1666 αὐτοῦ,
1432 1603 1691 1665 τουτέστιν,
1719 1607 1779 1656 εἷς
1813 1601 1897 1653 τὸν

82 1699 220 1730 1b.viii.
305 1686 410 1750 περὶ
437 1687 518 1747 τῆς
544 1684 945 1750 ἐνανθρωπήσεως
972 1686 1160 1752 τρόπον.
1202 1694 1229 1715 “
1253 1686 1496 1739 Πλούσιος
1521 1684 1615 1751 γὰρ
1642 1683 1722 1747 ὢν,
1747 1684 1897 1736 ἐπτώ-

307 1772 334 1795 “
359 1789 502 1832 χευσε
528 1767 582 1816 δι’
612 1767 745 1830 ἡμᾶς,
772 1767 848 1817 ἵνα
874 1767 1001 1831 ἡμεῖς
1025 1770 1082 1834 τῇ
1109 1769 1250 1818 αὐτοῦ
1275 1769 1483 1837 πτωχείᾳ
1506 1765 1895 1832 πλουτήσωμεν.”

382 1846 539 1914 Δέχου
571 1848 632 1911 δὲ,
661 1849 702 1899 εἴ
733 1872 812 1899 σοι
849 1853 985 1911 δοκεῖ,
1011 1852 1086 1900 καὶ
1113 1849 1190 1900 διὰ
1214 1855 1308 1900 τῶν
1333 1850 1648 1916 προκειμένων
1676 1849 1784 1913 ἡμῖν
1811 1848 1897 1912 τὴν
1919 1872 1969 1896 20

307 1927 562 1998 ἀπόδειξιν,
591 1930 863 1999 ἀνεξίκακον
891 1936 986 1984 τοῖς
1014 1931 1176 1997 λόγοις
1204 1931 1440 1984 ἁπλώσας
1470 1930 1555 1994 τὴν
1581 1930 1741 1995 ἀκοήν.
1796 1933 1896 1982 κατ’

264 2022 290 2062 b
309 2009 464 2061 εἰκόνα
490 2014 565 2062 καὶ
593 2014 698 2062 καθ’
728 2013 956 2075 ὁμοίωσιν
983 2019 1066 2063 τοῦ
1092 2013 1165 2064 ἐπὶ
1191 2012 1372 2066 πάντας
1398 2012 1532 2066 ὄντος
1554 2017 1677 2063 Θεοῦ
1703 2015 1897 2076 πεποιῆ-

307 2098 422 2143 σθαι
460 2092 543 2144 τὸν
575 2094 827 2160 ἄνθρωπον
859 2095 885 2158 ἡ
926 2096 1026 2145 θεία
1060 2096 1343 2162 μαρτύρεται
1379 2093 1561 2163 γραφή.
1617 2097 1692 2145 καὶ
1726 2099 1842 2160 γοῦν
1873 2095 1898 2145 ὁ

83 2213 189 2243 Exod.
306 2174 359 2226 τὸ
403 2180 592 2240 πρῶτον
633 2177 741 2240 ἡμῖν
780 2176 1021 2246 συντάξας
1065 2179 1276 2239 βιβλίον·
1336 2180 1552 2241 Μωυσῆς
1597 2176 1646 2228 δὲ
1691 2177 1826 2231 οὗτος
1873 2178 1898 2228 ὁ

79 2257 263 2331 ἒξζίὖὶῐῖ·
305 2258 602 2322 ἐγνωσμένος
628 2265 654 2286 “
675 2257 805 2323 παρὰ
830 2258 1037 2312 πάντας”
1067 2264 1133 2329 τῷ
1163 2264 1283 2329 Θεῷ·
1325 2266 1352 2288 “
1375 2261 1469 2310 Καὶ
1495 2259 1701 2322 ἐποίησε,
1731 2260 1896 2325 φησὶν,
1921 2279 1969 2318 25

83 2351 134 2383 27·
306 2344 333 2366 “
360 2338 384 2388 ὁ
417 2337 538 2391 Θεὸς
572 2338 655 2389 τὸν
687 2339 954 2404 ἄνθρωπον,
978 2343 1076 2392 κατ’
1110 2342 1265 2392 εἰκόνα
1298 2345 1423 2392 Θεοῦ
1457 2341 1678 2405 ἐποίησεν
1708 2338 1896 2391 αὐτόν.”

305 2419 376 2470 ὅτι
403 2419 452 2470 δὲ
480 2419 556 2470 διὰ
589 2426 672 2471 τοῦ
702 2419 980 2484 Πνεύματος
1015 2427 1076 2475 εἰς
1113 2422 1267 2474 εἰκόνα
1302 2422 1387 2486 τὴν
1414 2423 1541 2473 θείαν
1566 2422 1894 2490 κατεσφραγί-

80 2521 131 2551 lb.
153 2521 185 2551 ii.
205 2529 232 2561 7·
305 2501 419 2567 ζετο,
447 2501 596 2553 πάλιν
622 2501 761 2556 αὐτὸς
787 2503 907 2566 ἡμᾶς
933 2504 1142 2572 ἐδίδαξεν
1167 2504 1308 2555 εἰπών
1336 2512 1363 2533 “
1388 2507 1481 2554 Καὶ
1514 2504 1811 2572 ἐνεφύσησεν
1837 2508 1900 2558 εἷς

306 2593 331 2614 “
359 2584 412 2635 τὸ
457 2583 721 2651 πρόσωπον
761 2586 902 2636 αὐτοῦ
949 2586 1100 2650 πνοὴν
1139 2586 1301 2653 ζωῆς·”
1362 2587 1479 2648 ὁμοῦ
1521 2585 1614 2652 γὰρ
1660 2589 1735 2636 καὶ
1780 2585 1900 2652 ζωὴν

267 2666 490 2718 οένετίθει
525 2665 579 2717 τὸ
617 2670 813 2731 Πνεῦμα
852 2672 918 2736 τῷ
955 2667 1223 2730 πλάσματι,
1252 2670 1326 2718 καὶ
1365 2667 1471 2721 τοὺς
1509 2668 1674 2719 ἑαυτοῦ
1712 2690 1893 2736 χαρακ·
1920 2686 1970 2722 30

307 2751 450 2814 τῆρας
496 2752 766 2815 θεοπρεπῶς
810 2750 1129 2814 ἐνεσήμαινεν·
1192 2752 1314 2801 οὕτω
1355 2748 1409 2801 τὸ
1453 2751 1527 2801 ἐπὶ
1569 2753 1657 2815 γῆς
1703 2748 1899 2816 λογικὸν

355 2903 386 2927 2.
413 2894 466 2927 καὶ
484 2901 708 2938 assumptum
726 2905 767 2928 ex
788 2894 829 2929 B.
881 2895 1008 2929 Statim
1025 2894 1187 2929 κινδύνειν
1200 2895 1294 2929 Aub.
1443 2905 1496 2940 15.
1521 2894 1835 2940 αἶχμαλωτίσαντες
1854 2893 1898 2928 Β.

306 2938 362 3018 ἒό.
382 2939 499 3019 desei]
520 2941 621 2975 αὐτοῦ
641 2941 682 2975 Β.
703 2943 792 2975 Θεοῦ
810 2941 915 2976 habet
934 2942 1071 2977 Veccus
1089 2942 1124 2976 in
1148 2942 1257 2987 epigr.
1276 2942 1321 2976 ix.
1514 2952 1570 2987 30.
1598 2941 1726 2985 ἐνετίθη
1745 2947 1778 2975 et
1795 2941 1899 2974 αὐτοῦ

341 2997 380 3019 οι·
409 3012 416 3019 .
