2084 3317
151 193 189 217 v.
210 190 276 232 23.
361 177 434 217 IN
476 177 518 218 S.
554 177 892 218 ιῘΟΑΝΝΕΜ.
955 178 1173 219 LIB.11.
1236 179 1524 221 ΕΑΒΥΙΙΙ.
1657 182 1735 222 341

149 286 420 353 εἰρημένον;
463 285 554 353 ἆρα
588 286 680 353 γὰρ
714 293 811 342 τοῖς
847 287 961 354 ὑπὲρ
993 287 1143 355 φύσιν
1167 287 1459 354 παραλόγως
1485 290 1737 352 ἐπιπηδᾶν,

151 370 224 419 καὶ
263 372 358 419 τῶν
389 368 631 421 ἀδυνάτων
661 370 878 438 ἐφίεσθαι
911 368 1122 420 διδάσκει
1156 370 1313 436 λέγων
1346 370 1484 424 αὐτὸς
1519 372 1544 421 ὁ
1578 374 1740 421 Μονο-

149 449 286 516 γενής
326 458 351 480 “
373 451 572 502 Γίνεσθε
612 452 910 518 οἰκτίρμονες,
950 451 1104 504 καθὼς
1143 455 1219 504 καὶ
1265 454 1290 504 ὁ
1332 451 1502 519 Πατὴρ
1547 454 1676 515 ὑμῶν
1715 453 1740 502 ὁ
1802 445 1929 528 ἓξὲξ

150 539 177 562 “
203 531 414 598 οὐράνιος
455 535 706 600 οἰκτίρμων
750 534 858 585 ε’στί
876 535 919 596 ;”
974 540 1113 586 τοῦτο
1157 534 1251 602 γὰρ
1299 533 1357 599 ἦν
1399 532 1742 588 ἀνενδοιάστως

107 633 129 671 5
150 618 306 678 εἰπεῖν,
330 618 499 683 χρῆναι
526 615 582 680 δὴ
613 615 802 670 πάντως
836 617 957 681 ἡμᾶς
991 616 1078 682 τὴν
1104 620 1152 668 ἐν
1178 619 1424 682 ταυτότητι
1459 615 1740 682 θελημάτων
1760 624 1787 666 b

149 697 503 762 ἀναλαμβάνειν
528 699 683 750 εἰκόνα
709 705 792 750 τοῦ
820 699 1028 766 Πατρός.
1083 699 1286 764 μιμητὴς
1313 699 1361 751 δὲ
1388 702 1463 751 καὶ
1491 701 1515 751 ὁ
1544 704 1742 754 Παῦλος

150 780 326 845 ἐγίνετο
365 786 448 831 τοῦ
487 784 719 847 Χριστοῦ,
759 784 855 845 τῆς,
896 784 957 836 ὡς
996 784 1156 833 ἐκεῖνοι
1196 782 1449 848 ληροῦντές
1488 788 1655 851 φασιν,
1694 783 1742 833 ἐν

149 861 390 926 θελήμασι
416 862 576 925 μόνοις
601 863 775 917 εἰκόνος
801 869 885 914 τοῦ
912 862 1120 930 Πατρός.
1176 863 1308 915 ἀλλὰ
1341 867 1417 916 καὶ
1453 865 1633 916 τούτων
1657 865 1742 928 μὲν

148 944 573 1008 (ἐπαναστήσονται
599 944 718 996 κατὰ
745 944 798 996 τὸ
825 943 942 999 εἰκὸς
969 949 1064 996 τῶν
1090 947 1270 997 ἀθλίων
1297 947 1557 1012 νοημάτων,
1579 945 1741 1014 ὥσπερ

80 1049 128 1073 ιο
149 1026 204 1077 δέ
243 1049 287 1077 τι
337 1027 491 1093 μεῖᾧν
535 1030 826 1082 ἐπινοοῦντες
876 1030 951 1079 καὶ
1003 1028 1204 1092 ἄμεινον,
1250 1030 1394 1080 ἐκεῖνο
1445 1028 1501 1094 δὴ
1553 1028 1742 1084 πάντως

147 1109 336 1173 ἐροῦσιν
362 1109 518 1160 Εὶκών
543 1111 647 1161 ἐστι
673 1115 756 1162 τοῦ
781 1113 908 1161 Θεοῦ
934 1112 1010 1161 καὶ
1038 1110 1229 1177 Πατρὸς
1257 1111 1282 1162 ὁ
1311 1111 1600 1177 Μονογενὴς,
1623 1110 1742 1163 ὅσον

146 1191 194 1241 ἐν
236 1191 482 1256 ταυτότητι
523 1191 819 1257 θελημάτων,
860 1192 978 1244 ὅσον
1016 1195 1089 1245 ἐπὶ
1133 1194 1320 1264 ἀξίωμα
1359 1196 1435 1245 καὶ
1480 1193 1627 1263 δόξαν
1665 1197 1741 1246 καὶ

146 1274 342 1338 δύναμιν
368 1274 455 1339 τὴν
482 1277 732 1342 θεοπρεπῆ,
761 1274 879 1326 ὅσον
906 1280 968 1330 εἰς
993 1276 1230 1343 ἐνέργειαν
1255 1276 1341 1340 τὴν
1366 1279 1439 1328 ἐπὶ
1476 1280 1542 1346 τῷ
1578 1277 1741 1344 κτίζειν

146 1358 222 1407 καὶ
273 1361 662 1425 θαυματουργεῖν,
711 1357 830 1409 ὅσον
880 1362 942 1412 εἰς
993 1358 1047 1409 τὸ
1097 1358 1373 1419 βασιλεύειν
1424 1361 1499 1410 καὶ
1549 1359 1781 1411 πάντωνο

79 1452 125 1490 15
146 1443 343 1505 κρατεῖν,
386 1439 504 1491 ὅσον
548 1444 611 1495 εἰς
658 1439 712 1492 τὸ
757 1442 926 1507 κρίνειν
972 1443 1048 1492 καὶ
1097 1445 1473 1507 προσκυνεῖσθαι
1522 1442 1641 1508 πρός
1691 1465 1739 1493 τε

145 1520 368 1586 ἀγγέλων
395 1524 469 1573 καὶ
496 1522 759 1589 ἀνθρώπων
785 1524 861 1574 καὶ
887 1523 1049 1588 πάσης
1076 1524 1377 1592 ἁπαξαπλῶς
1408 1526 1490 1588 τῆς
1523 1525 1736 1579 κτίσεως.

146 1602 223 1655 διὰ
260 1604 440 1656 τούτων
479 1605 702 1657 ἁπάντων
741 1606 851 1670 ἡμῖν
887 1607 935 1657 ἐν
968 1606 1116 1676 ἑαυτῷ
1155 1607 1376 1658 δεικνύων
1411 1605 1494 1657 τὸν
1523 1608 1736 1673 Πατέρα,

145 1688 229 1738 οῦκ
266 1689 316 1739 ἐκ
354 1691 437 1752 τῆς
476 1687 789 1742 ὑποστάσεως
828 1693 994 1757 φησιν,
1022 1688 1154 1740 ἀλλὰ
1182 1696 1207 1718 “
1231 1689 1476 1756 χαρακτήρ
1516 1691 1617 1740 ἐστι
1656 1693 1740 1754 τῆς
1802 1706 1965 1747 Heb.i.3.

146 1777 172 1799 “
200 1770 513 1824 ὑποστάσεως
553 1771 742 1822 αὐτοῦ.”
797 1772 979 1832 οὐκοῦν,
1013 1771 1127 1837 ὅπερ
1166 1772 1346 1838 ε”φημεν
1385 1773 1567 1838 ἀρτίως,
1608 1772 1741 1823 οὐδέν

77 1870 127 1896 20
145 1853 248 1903 ἐστι
292 1857 386 1904 τῶν
425 1853 676 1919 εἰρημένων
719 1853 838 1905 κατὰ
883 1853 1034 1923 φύσιν
1079 1855 1103 1904 ὁ
1149 1853 1274 1916 Υἱὸς,
1315 1854 1407 1922 ε”ξω
1454 1853 1502 1904 δὲ
1549 1854 1741 1905 πάντων

143 1933 326 2001 ἀθρόως
350 1936 567 1998 κείσεται,
595 1935 714 1986 κατά
740 1959 794 2001 γε
821 1936 903 1987 τὸν
929 1935 1039 2001 παρ’
1070 1937 1198 2000 ὑμῶν
1224 1935 1539 2001 ἀνοητότατον
1566 1937 1736 2003 λόγον,

143 2018 249 2068 οὔτε
288 2017 335 2069 δὲ
372 2017 493 2072 Θεὸς
530 2018 768 2083 ἀληθινὸς,
797 2020 899 2070 οὔτε
927 2018 1057 2082 Υἱὸς,
1091 2019 1144 2069 οὐ
1177 2018 1423 2082 βασιλεὺς,
1450 2020 1504 2070 οὗ
1540 2019 1735 2087 Κύριος,
1758 2029 1786 2071 (1

143 2101 197 2150 οὐ
236 2100 531 2167 δημιουργὸς,
568 2102 621 2152 οὐ
660 2100 869 2164 δυνατὸς,
906 2103 1010 2153 οὔτε
1049 2101 1143 2166 μὴν
1175 2104 1223 2152 ἐν
1258 2101 1527 2166 θελήμασιν
1560 2102 1740 2168 ἀγαθὸς

144 2182 264 2234 κατὰ
308 2183 458 2252 φύσιν
502 2184 630 2238 ἰδίοις
677 2185 826 2235 ἐστίν·
887 2186 935 2235 ἐν
981 2182 1028 2235 δὲ
1082 2189 1274 2250 γυμνοῖς
1319 2187 1394 2235 καὶ
1440 2183 1600 2249 μόνοις
1644 2190 1741 2240 τοῖς

76 2283 123 2321 25
145 2266 455 2332 θεοπρεπέσιν
482 2268 644 2333 ὁρᾶται
673 2267 961 2334 καυχήμασι.
1000 2269 1077 2318 καὶ
1104 2267 1220 2333 ὅπερ
1246 2269 1349 2318 ἐστὶ
1376 2273 1476 2321 ταῖς
1502 2270 1550 2319 ἐν
1576 2268 1740 2337 πίναξι

143 2354 350 2416 γραφαῖς
389 2349 415 2413 ἡ
449 2354 543 2400 τῶν
576 2348 840 2417 χρωμάτων
865 2349 1081 2414 ἐπιβολὴ,
1107 2349 1272 2414 μόναις
1310 2351 1470 2403 αὑταῖς
1508 2355 1608 2404 ταῖς
1644 2355 1739 2401 τῶν

143 2430 391 2497 ὁρωμένων
415 2432 668 2486 ποικιλίαις
694 2431 1029 2500 ἐξωραΐζουσα,
1057 2438 1280 2500 φοροῦσα
1307 2432 1356 2483 δὲ
1382 2431 1556 2497 ἀληθὲς
1583 2433 1734 2483 οὐδέν·

141 2518 280 2564 τοῦτο
315 2515 390 2564 καὶ
425 2515 474 2564 ἐν
499 2517 601 2583 Υὶῲ
636 2518 730 2565 τῶν
756 2519 839 2565 τοῦ
872 2519 997 2567 Θεοῦ
1032 2518 1108 2566 καὶ
1141 2514 1332 2582 Πατρὸς
1367 2515 1650 2584 ἀξιωμάτων
1683 2513 1737 2566 τὸ

142 2596 336 2658 κάλλος,
374 2597 423 2646 ἐν
467 2595 551 2659 μὲν
594 2600 759 2665 ψιλοῖς
804 2599 880 2648 καὶ
924 2596 1083 2661 μόνοις
1128 2598 1332 2661 ὀνόμασι
1377 2596 1734 2663 περιανθίζεται,

73 2699 122 2735 3ο
142 2678 316 2748 ἔξωθεν
373 2678 420 2730 δὲ
478 2677 641 2746 ὥσπερ
695 2680 959 2747 χρωμάτων
1017 2685 1156 2731 τινῶν
1216 2680 1522 2749 ἐπαλείφεται
1584 2681 1731 2744 δίκην·
1755 2700 1776 2727 e

190 2862 223 2897 5.
251 2853 290 2896 δὴ
312 2852 352 2887 Β.
373 2852 440 2887 Ed.
457 2865 530 2897 mg.
549 2853 600 2887 δεῖ
619 2853 684 2888 Ed.
910 2854 942 2889 6.
969 2856 1029 2888 τοῦ
1048 2855 1183 2898 Πατρὸς
1201 2854 1450 2897 ἀναλαμβάνειν
1468 2853 1578 2886 εἰκόνα
1597 2854 1736 2889 inverso

143 2900 265 2935 ordine
285 2900 327 2934 B.
506 2911 559 2934 12.
584 2900 630 2936 εἷς
647 2912 711 2946 pro
729 2901 783 2936 ἐπὶ
803 2901 844 2936 Β.
1040 2913 1091 2945 19.
1119 2901 1197 2935 οὐδέ
1216 2900 1257 2934 Β.
1451 2911 1506 2945 23.
1533 2899 1673 2945 ἀγαθοῖς
1692 2901 1734 2935 Β.

144 2957 201 2988 24.
228 2947 324 2983 ἰδίοις
344 2947 385 2981 Β.
405 2946 495 2982 ἰδίως
515 2946 581 2981 Ed.
665 2948 718 2982 καὶ
734 2949 847 2993 μόνοις
864 2960 935 2983 om.
956 2948 997 2982 B.
1241 2956 1295 2989 25.
1323 2946 1536 2992 καυχήμασιν
1554 2949 1672 2993 ὁρᾶται
1693 2948 1735 2983 Β.

146 2993 201 3029 26.
226 2995 298 3030 ταῖς
315 3000 537 3039 assumptum
556 3006 596 3028 ex
617 2993 659 3028 Β.
804 3006 859 3039 27.
885 2996 1054 3030 ποικίλαις
1072 2991 1295 3039 ἐξωραίζοντα
1315 2994 1356 3028 Β.
