2084 3317
141 162 212 203 vii.
233 175 301 216 24.
372 162 447 203 IN
488 162 532 202 S.
565 161 905 203 JOANNEM.
966 161 1092 202 LIB.
1124 161 1203 202 IV.
1265 161 1399 202 CAP.
1422 162 1502 203 VI.
1650 164 1730 203 621

213 270 455 337 Ἐπιτήρει
480 270 530 321 δὲ
553 269 680 324 ὅπως
705 272 1011 339 ἀποφατικῶς
1038 269 1122 334 μέν
1147 274 1300 339 φησιν
1326 272 1352 321 ὁ
1384 269 1651 335 νομοθέτης,
1677 270 1732 320 τό

143 353 219 404 Οὐ
259 351 607 420 προσκυνήσεις
648 356 770 406 θεοῖς
808 351 994 418 ἑτέροις·
1049 350 1133 403 τὸν
1171 351 1221 403 δὲ
1261 354 1335 404 ἐπὶ
1379 355 1446 421 τῷ
1491 350 1730 420 σαββάτῳ
1751 372 1772 398 e

142 433 322 498 θεσμὸν
361 434 548 500 γείτονα
586 433 738 503 τούτῳ
777 435 918 488 τιθεὶς
954 432 1009 485 τό
1050 433 1312 498 Μνήσθητι
1356 434 1499 500 λέγει,
1539 436 1614 484 καὶ
1655 432 1732 484 διὰ

139 516 281 568 ποίαν
307 517 489 577 αἰτίαν;
530 515 602 567 ὅτι
635 521 720 567 τοῦ
754 514 839 579 μὲν
864 514 929 580 μὴ
964 520 1250 582 προσκυνεῖν
1282 520 1402 571 θεοῖς
1437 516 1608 583 ἑτέροις
1642 517 1732 581 ἤδη

99 600 297 665 5παρῆν
323 599 348 649 ὁ
374 597 548 665 καιρός.
601 595 678 648 διὰ
714 597 806 664 γάρ
841 621 914 649 τοι
947 604 1087 650 τοῦτο
1122 600 1198 650 καὶ
1233 597 1450 665 ἐνεργοὺς
1480 597 1594 650 εἶναι
1625 601 1733 666 περὶ

140 680 255 731 αὐτὸ
281 683 573 748 παραχρῆμα
600 679 895 743 διεκελεύετο,
922 679 998 731 διὰ
1022 680 1208 745 μνήμης
1239 682 1295 732 δέ
1319 704 1420 735 πως
1446 684 1646 733 κατιδεῖν
1672 680 1732 731 τὰ

140 762 357 826 ἐσόμενα,
384 765 461 814 καὶ
498 761 558 813 τὰ
595 764 644 813 ἐν
678 761 843 816 τύποις
880 762 947 813 ἔτι
985 762 1360 833 ζωγραφούμενα
1397 768 1498 818 ταῖς
1536 764 1732 817 ἐννοίαις

140 849 515 911 προαναθεωρεῖν
558 844 807 912 ἐνεδέχετο·
866 842 964 895 εἶτα
1008 843 1128 912 πρὸς
1170 845 1321 916 τούτῳ
1365 848 1548 897 κάκεῖνο
1592 869 1728 911 περι-

140 926 387 977 σκεπτεόν·
430 926 480 976 εὖ
505 925 599 992 γὰρ
626 925 683 990 δὴ
711 927 786 976 καὶ
812 924 946 989 μάλα
972 926 1256 995 διατεταχὼς
1282 926 1341 978 τὰ
1372 929 1446 978 ἐπὶ
1481 933 1540 995 τῇ
1571 929 1732 979 πίστει

73 1031 122 1057 10
139 1006 410 1071 παθήματα,
435 1008 623 1072 τίθησιν
649 1006 784 1061 εὐθὺς
815 1010 898 1071 τῆς
931 1009 1006 1060 ἐπὶ
1041 1006 1169 1060 τέλει
1195 1014 1290 1060 τῶν
1316 1009 1497 1060 αἰώνων
1522 1012 1727 1077 ἐπαγγε-

138 1090 247 1143 λίας
286 1088 372 1154 τὴν
409 1088 612 1153 μνήμην,
647 1087 745 1140 εἶτα
783 1089 955 1141 λοιπὸν
992 1089 1100 1144 τοὺς
1139 1091 1322 1157 ἑτέρους
1361 1090 1498 1158 ὁρίζει
1537 1091 1725 1157 νόμους,
1749 1102 1776 1144 d

138 1171 193 1223 τό
221 1178 248 1201 “
267 1173 409 1236 Τίμα,
438 1175 575 1241 φημὶ,
601 1171 684 1223 τὸν
715 1173 896 1238 πατέρα
931 1195 1024 1224 σου
1059 1175 1133 1224 καὶ
1168 1173 1254 1238 τὴν
1284 1173 1461 1241 μητέρα
1491 1174 1625 1238 σου,”

138 1252 193 1304 τό
220 1254 297 1304 Οὐ
322 1253 583 1322 φονεύσεις,
611 1256 687 1305 καὶ
712 1253 772 1305 τὰ
798 1253 959 1317 λοιπὰ,
987 1254 1062 1306 ἵνα
1089 1254 1153 1320 μὴ
1181 1256 1238 1325 ἐξ
1261 1255 1401 1323 ἔργου
1433 1259 1731 1309 δικαιοῦσθαι

140 1335 409 1402 νομίζωμεν,
447 1335 565 1400 μηδὲ
611 1340 706 1387 τῶν
747 1337 923 1387 οἰκείων
964 1338 1123 1388 πόνων
1164 1337 1347 1404 καρπὸν
1389 1337 1475 1403 τὴν
1517 1339 1732 1408 ἄφθονον

72 1435 119 1474 15
138 1423 222 1468 τοῦ
261 1421 386 1469 Θεοῦ
424 1418 804 1485 μεγαλοδωρεάν,
841 1418 953 1470 ἀλλ’
990 1421 1039 1470 ἐκ
1077 1421 1285 1474 πίστεως
1321 1425 1515 1485 μᾶλλον
1553 1424 1731 1477 ἑαυτοῖς

1793 1173 1901 1205 Exod.

1793 1228 1846 1249 XX.
1870 1228 1919 1249 12.

1654 1178 1730 1226 καὶ

138 1498 336 1550 ἔσεσθαι
378 1499 807 1565 προσδοκήσωμεν.
878 1500 954 1552 διὰ
999 1508 1138 1553 τοῦτο
1181 1502 1276 1569 πρὸ
1315 1507 1411 1554 τῶν
1453 1502 1610 1568 νόμων
1647 1507 1730 1569 τῆς

138 1581 238 1633 κατ’
281 1581 526 1643 εὐσέβειαν
563 1584 818 1646 πολιτείας,
859 1584 1027 1649 γείτων
1065 1583 1200 1638 εὐθὺς
1244 1588 1302 1652 τῇ
1346 1585 1506 1637 πίστει
1549 1591 1645 1638 τῶν
1683 1588 1732 1638 ἐν

138 1664 330 1715 ἐλπίσιν
361 1665 556 1730 ἀγαθῶν
589 1665 616 1730 ἡ
652 1664 788 1734 χάρις
823 1666 1088 1731 εἰσβέβηκε.

213 1747 436 1810 Σημαίνει
475 1754 725 1814 τοιγαροῦν
765 1749 792 1812 ἡ
833 1748 953 1799 κατὰ
991 1748 1045 1800 τὸ
1085 1749 1340 1811 σάββατον
1375 1750 1518 1817 ἀργία
1556 1750 1644 1815 τὴν
1681 1752 1770 1803 ἐνθ

70 1847 122 1874 20
139 1828 404 1880 ἀναπαύσει
443 1831 517 1880 καὶ
557 1831 782 1900 ἁγιασμῷ
820 1836 916 1882 τῶν
954 1832 1102 1897 ἁγίων
1141 1831 1275 1899 ζωὴν,
1316 1832 1391 1884 ὅτε
1431 1833 1487 1897 δὴ
1530 1833 1731 1896 σύμπαν

139 1911 493 1975 ἀποδυσάμενοι
528 1910 582 1963 τὸ
620 1918 818 1976 λυποῦν,
845 1915 920 1964 καὶ
959 1914 1107 1965 πόνου
1145 1913 1323 1970 παντὸς
1361 1915 1730 1986 καταλήξαντες,

138 1996 234 2046 τοῖς
273 1991 434 2045 θεόθεν
471 1994 856 2064 ἐντρυφήσουσιν
894 1998 1104 2062 ἀγαθοῖς.
1168 2000 1242 2048 καὶ
1283 2003 1400 2065 γοῦν
1439 2000 1464 2050 ὃ
1502 1998 1732 2065 μακάριος

141 2078 353 2139 Παῦλος,
380 2075 457 2127 ὅτε
482 2076 590 2131 τοὺς
615 2083 719 2144 περὶ
751 2078 931 2130 τούτων
954 2080 1064 2144 ἡμῖν
1090 2080 1288 2131 ἐποιεῖτο
1322 2080 1511 2148 λόγους,
1538 2084 1614 2133 καὶ
1649 2081 1733 2134 τὸν

138 2158 213 2208 ἐπὶ
271 2162 338 2226 τῷ
397 2163 730 2230 σαββατισμῷ
786 2167 870 2212 τοῦ
927 2167 1047 2213 λαοῦ
1104 2162 1497 2229 διερευνήσασθαι
1552 2163 1731 2231 τρόπον

71 2259 120 2297 25
140 2238 315 2305 ἄριστοί
351 2263 402 2292 τε
441 2246 589 2293 ποιῶν
628 2243 907 2310 ἐδοκίμαζεν,
947 2246 1070 2295 οὕτω
1110 2245 1240 2313 φησί
1274 2253 1299 2275 “
1327 2246 1443 2297 Τίσι
1482 2245 1532 2297 δὲ
1569 2244 1730 2311 ὤμοσε
1790 2246 1945 2332 gezi&

139 2328 168 2351 ‘⁶
193 2320 258 2386 μὴ
298 2322 661 2375 εἰσελεύσεσθαι
700 2329 761 2378 εἰς
801 2324 886 2390 τὴν
921 2325 1220 2378 κατάπαυσιν
1257 2328 1417 2391 αὑτοῦ,
1454 2332 1492 2379 εἰ
1529 2327 1594 2393 μὴ
1633 2333 1769 2384 τοῖςει
1795 2315 1881 2380 4Ξ5
1899 2344 1950 2378 A.

140 2409 169 2432 ‘⁶
194 2402 519 2468 ἀπειθήσασι;
560 2407 635 2456 καὶ
662 2406 919 2472 βλέπομεν,
945 2407 1017 2459 ὅτι
1052 2410 1135 2460 οὐκ
1167 2408 1472 2474 ἠδυνήθησαν
1498 2414 1731 2463 εἰσελθεῖν

140 2492 167 2515 “
194 2484 270 2536 διὰ
305 2487 580 2538 ἀπιστίαν.”
623 2488 780 2553 ἐπειδὴ
817 2488 912 2556 γὰρ
946 2489 1095 2560 ᾤοντό
1130 2514 1251 2545 τινες
1287 2493 1462 2557 ἐκείνην
1496 2491 1611 2545 εἶναι
1648 2498 1732 2559 τῆς

140 2568 484 2623 καταπαύσεως
518 2568 604 2634 τὴν
640 2573 744 2636 γῆν,
778 2576 840 2626 εἰς
874 2572 933 2637 ἢν
964 2571 1178 2640 ἐβάδιζον
1211 2576 1294 2637 τῆς
1334 2579 1429 2625 τῶν
1456 2577 1731 2642 Αἰγυπτίων

70 2667 121 2703 30
139 2649 521 2718 ἐκκεχωρηκότες,
556 2653 705 2704 καίτοι
743 2659 1017 2722 ληφθεῖσαν
1053 2660 1116 2709 εἰς
1147 2655 1297 2708 τύπον
1332 2660 1414 2721 τῆς
1448 2663 1544 2712 τοῖς
1579 2659 1730 2725 ἁγίοις

192 2807 228 2848 Ι..
247 2795 487 2841 ἀποφαντικῶς
508 2798 549 2832 Β.
748 2811 780 2843 5.
805 2803 883 2846 περὶ
902 2802 982 2836 αὐτὸ
1000 2801 1224 2848 παραχρῆμα]
1244 2805 1452 2847 παραχρῆμα
1468 2805 1546 2849 περὶ
1564 2805 1666 2839 αὐτοῦ
1686 2805 1728 2840 Β.

143 2842 269 2895 ΞῑὲψΠ]
288 2843 497 2878 διεκελεύετο
516 2857 586 2880 om.
606 2845 651 2881 Β.
748 2857 778 2893 7.
805 2849 845 2883 τὰ
863 2861 933 2883 om.
955 2849 997 2883 B.
1094 2850 1126 2883 8.
1152 2849 1375 2894 περισκέπται
1395 2850 1437 2885 Β.
1533 2863 1566 2897 9.
1592 2852 1726 2899 πίστει]

140 2899 255 2957 τῖ’-(ίῖτει
277 2923 318 2957 Β.
466 2937 518 2959 12.
545 2925 651 2971 φημὶ]
672 2928 782 2971 φησὶν
801 2928 842 2963 Β.
993 2941 1043 2972 14.
1069 2928 1170 2974 μηδὲ]
1189 2929 1272 2973 μήτε
1291 2929 1333 2963 Β.
1473 2941 1527 2975 25.
1553 2930 1607 2978 τε]
1627 2947 1666 2977 γε
1686 2933 1729 2967 B.

142 2969 197 3004 26.
224 2970 487 3006 εἰσελεύσεσθαι
507 2972 548 3006 Β.
568 2973 738 3009 εἰσελθεῖν
756 2975 822 3010 Ed.
968 2977 1023 3011 28.
1051 2977 1103 3010 διὰ
1124 2976 1170 3010 D.
1188 2976 1229 3011 δι’
1250 2976 1291 3010 Β.
1311 2977 1365 3011 διὰ
1383 2978 1442 3021 τὴν
1461 2977 1527 3013 Ed.
