2084 3317
150 676 220 706 Col.
233 674 266 707 ii.
279 685 309 717 9.

149 1483 254 1523 Supra
266 1482 310 1514 iv.

152 1536 202 1564 24.

151 1579 165 1599 2
181 1570 256 1600 Cor.

149 1613 193 1643 iii.
211 1618 259 1652 17.

150 1745 231 1781 377
246 1744 297 1778 A.

372 158 456 198 552
770 158 820 199 B.
854 158 1131 199 CYRILLI
1172 158 1549 200 ALEXANDR.
1816 159 1870 200 vi.
1890 159 1958 213 63.

327 263 604 331 ᾶένέργειαν
631 265 880 317 ὠδίνουσα.
942 271 1086 330 σῶμα
1123 266 1216 333 γάρ
1251 269 1355 318 ἐστι
1390 270 1472 331 τῆς
1503 266 1622 318 κατὰ
1649 266 1798 335 φύσιν
1824 267 1957 333 ζωῆς,

372 346 450 396 καὶ
494 346 582 413 οὐχ
621 346 721 401 ἑνός
766 370 890 402 τινος
935 353 1030 398 τῶν
1074 347 1167 399 ἀπὸ
1212 351 1294 412 τῆς
1338 351 1440 413 γῆς,
1481 349 1554 417 ἐφ’
1598 349 1742 414 οὗπερ
1787 346 1845 398 ἂν
1885 350 1962 398 καὶ

373 425 573 494 ἰσχύσαι
619 429 806 482 δικαίως
851 428 904 480 τό
942 429 1001 479 tH
1042 428 1155 498 σέιρξ
1195 433 1271 480 οὐκ
1311 431 1480 498 ὠφελεῖ
1514 426 1638 481 οὐδέν.
1704 431 1757 480 οὐ
1798 427 1892 495 γὰρ
1932 429 1960 492 ἡ

374 507 575 559 Παύλου
619 508 778 575 τυχὸν,
818 509 929 559 ἀλλ’
977 509 1081 560 οὐδὲ
1128 511 1156 573 ἡ
1204 510 1404 576 Πέτρου,
1447 510 1594 576 ἤγουν
1637 511 1794 576 ἑτέρου
1837 507 1962 562 τινὸς

372 594 511 640 τοῦτο
557 590 606 640 ἐν
649 590 760 653 ἡμῖν
803 589 1073 656 ἐργάσεται·
1134 590 1253 655 μόνη
1299 590 1347 642 δὲ
1387 593 1463 641 καὶ
1506 592 1751 659 ἐξαιρέτως
1799 590 1828 652 ἡ
1878 595 2002 640 τοῦ5

1468 678 1494 702 “
1513 676 1608 723 πᾶν
1635 670 1689 722 τὸ
1724 670 1962 737 πλήρωμα

373 672 596 736 Σωτῆρος
631 670 764 734 ἡμῶν
788 675 1020 738 Χριστοῦ,
1047 672 1095 721 ἐν
1121 669 1158 740 ᾧ
1195 670 1440 741 κατῴκησε

373 756 401 779 “
427 753 509 814 τῆς
548 751 768 815 θεότητος
805 754 1133 815 σωματικῶς.”
1188 755 1264 803 καὶ
1302 751 1395 819 γὰρ
1434 752 1491 803 ἂν
1530 752 1596 818 ε’ίη
1636 756 1729 803 τῶν
1768 754 1958 803 ἀτοπω-

371 831 526 883 τάτων
555 831 610 883 τὸ
647 832 732 897 μὲν
766 833 878 898 μέλι
916 838 1012 887 τοῖς
1050 834 1133 884 οὐκ
1171 833 1334 901 ἔχουσι
1373 833 1492 885 κατὰ
1532 833 1681 902 φύσιν
1718 833 1772 884 τὸ
1810 834 1963 899 γλυκὺ

332 912 458 978 θτὴν
503 915 621 965 ἰδίαν
660 914 883 966 ἐντιθέναι
923 914 1165 979 ποιότητα,
1205 917 1281 966 καὶ
1320 920 1382 970 εἷς
1424 915 1560 967 ἑαυτὸ
1603 914 1963 980 μετασκευάζειν

374 994 607 1047 δύνασθαι
643 995 711 1058 τὸ,
739 994 866 1065 ᾧπερ
903 994 960 1047 ἂν
986 997 1322 1063 ἀναμίσγηται,
1348 996 1433 1061 τὴν
1460 997 1507 1048 δὲ
1540 1003 1623 1049 τοῦ
1651 1001 1775 1048 Θεοῦ
1802 994 1963 1062 Λόγου
1985 1015 2032 1039 10

373 1075 601 1143 ζωοποιὸν
631 1076 782 1146 φύσιν
807 1077 871 1142 μὴ
908 1078 1197 1144 ἀνακομίζειν
1228 1077 1410 1130 οἴεσθαι
1444 1077 1563 1144 πρὸς
1597 1078 1651 1130 τὸ
1687 1078 1802 1129 ἴδιον
1836 1079 1956 1142 ἀγα-

374 1156 480 1219 θὸν,
509 1157 563 1208 τὸ
589 1160 638 1209 ἐν
664 1156 792 1228 ᾧπερ
817 1157 1024 1227 ἐνῴκησε
1050 1163 1207 1223 σῶμα.
1263 1160 1430 1210 οὐκοῦν
1456 1161 1531 1211 ἐπὶ
1563 1158 1648 1222 μὲν
1674 1164 1768 1210 τῶν
1794 1159 1963 1209 ἄλλων

373 1237 598 1290 ἁπάντων
624 1239 806 1304 ἀληθὴς
845 1240 979 1291 ἔσται
1013 1239 1174 1306 λόγος,
1200 1240 1270 1291 ὅτι
1309 1244 1330 1301 ἦ
1367 1240 1479 1310 σ-ἒιρξ
1517 1244 1593 1292 οὐκ
1628 1243 1797 1309 ὠφελεῖ
1830 1238 1957 1292 οὐδέν·

372 1319 594 1385 ἀτονήσει
632 1320 680 1372 δὲ
714 1323 788 1372 ἐπὶ
823 1320 968 1385 μόνου
995 1326 1227 1388 Χριστοῦ,
1255 1321 1329 1373 διὰ
1365 1322 1419 1372 τὸ
1454 1323 1502 1372 ἐν
1532 1322 1648 1389 αὐτῇ
1685 1324 1963 1384 κατοικῆσαι

372 1399 459 1465 τὴν
494 1401 626 1468 ζωὴν,
658 1402 876 1454 τουτέστι
914 1402 997 1453 τὸν
1023 1406 1294 1469 Μονογενῆ.
1354 1408 1539 1467 πνεῦμα
1577 1402 1636 1454 δέ
1665 1407 1816 1472 φησιν
1852 1405 1957 1453 ἑαυ-
1986 1421 2031 1448 11*

373 1482 470 1535 τόν·
505 1491 533 1514 “
549 1488 747 1548 Πνεῦμα
774 1484 867 1552 γὰρ
895 1486 919 1535 ὃ
948 1483 1112 1538 &eds-’⁹
1150 1487 1227 1536 καὶ
1254 1484 1374 1536 κατὰ
1399 1483 1482 1535 τὸν
1506 1483 1737 1551 μακάριον
1766 1488 1964 1535 Παῦλον

374 1572 402 1595 “
427 1566 489 1616 ‘O
520 1565 613 1632 γὰρ
642 1566 815 1631 Κύριος
841 1565 895 1618 τὸ
923 1564 1107 1630 πνεῦμά
1133 1566 1306 1617 ἐστιν.”
1360 1568 1435 1617 καὶ
1467 1567 1550 1617 οὐκ
1580 1568 1875 1632 ἀναιροῦντες
1909 1565 1963 1616 τὸ

373 1648 497 1701 ἰδίως
537 1647 802 1716 ὑφεστάναι
839 1647 894 1699 τὸ
933 1652 1130 1712 Πνεῦμα
1168 1646 1222 1699 τὸ
1253 1647 1426 1714 ’Ἀγιον
1465 1646 1523 1698 τὰ
1562 1646 1754 1698 τοιαῦτά
1792 1651 1962 1715 φαμεν,

333 1729 482 1780 ἢάλλ’
524 1727 690 1795 ὥσπερ
737 1727 836 1780 υἱὸν
871 1729 1122 1795 ἀνθρώπου
1169 1731 1321 1798 φησὶν
1359 1727 1537 1791 ἑαυτὸν,
1576 1727 1732 1793 ἐπειδὴ
1773 1728 1963 1794 γέγονεν

372 1810 634 1877 ἄνθρωπος,
662 1812 783 1862 οὕτω
809 1810 958 1862 πάλιν
984 1810 1078 1862 ἀπὸ
1114 1817 1197 1862 τοῦ
1230 1811 1347 1862 ἰδίου
1372 1811 1636 1875 πνεύματος
1661 1810 1825 1861 ἑαυτὸν
1851 1811 1958 1861 ὀνο·
1985 1832 2035 1857 20

372 1891 518 1959 μάζει.
571 1893 625 1943 οὐ
651 1891 746 1958 γὰρ
772 1892 1030 1958 ἀλλότριον
1057 1893 1199 1943 αὐτοῦ
1224 1891 1278 1943 τὸ
1307 1896 1505 1956 Πνεῦμα
1531 1893 1686 1943 αὑτοῦ.

439 2012 503 2054 Τὰ
543 2013 711 2069 ῥήματα
751 2013 776 2053 ἃ
816 2013 1035 2053 λελάλΗκα
1075 2009 1182 2064 ὑμῖν,
1220 2014 1385 2062 Πνεῦμα
1424 2014 1513 2055 ἐστι
1552 2012 1619 2054 καὶ
1657 2013 1740 2070 ζωή
1778 2013 1905 2055 ἐστιν.

1789 2120 1803 2136 ἱ
1848 2125 1857 2139 9

439 2119 601 2172 ”Όλον
626 2121 716 2185 ἤδη
754 2125 812 2189 τῇ
848 2121 1058 2190 ζωοποιεῖ)
1092 2127 1174 2172 τοῦ
1204 2121 1482 2185 Πνεύματος
1517 2122 1723 2190 ἐνεργείᾳ
1757 2145 1811 2172 το
1849 2121 1964 2172 ίδιον

373 2206 518 2266 σῶμα
562 2207 754 2267 πληροῖ.
828 2204 1004 2271 πνεῦμα
1043 2202 1134 2269 γὰρ
1173 2204 1344 2255 λοιπὸν
1382 2203 1467 2269 τὴν
1504 2204 1663 2269 σάρκα
1702 2208 1848 2265 καλεῖ,
1888 2205 1964 2254 καὶ

327 2284 458 2334 both<
503 2282 776 2349 ἀνατρέπων
819 2283 874 2334 τὸ
918 2282 1031 2334 εἶναι
1075 2284 1234 2351 σάρκα
1278 2284 1438 2349 αὐτήν·
1500 2284 1576 2335 διὰ
1621 2284 1669 2336 δὲ
1711 2283 1766 2336 τὸ
1811 2285 1963 2350 ἄκρως
1987 2301 2034 2340 25

374 2365 594 2428 ἡνῶσθαί
624 2387 674 2416 τε
709 2365 849 2434 αὐτῷ,
878 2367 953 2416 καὶ
989 2364 1108 2430 ὅλην
1135 2367 1278 2417 αὑτοῦ
1303 2364 1389 2430 τὴν
1415 2367 1647 2433 ζωογονον
1672 2365 1964 2418 ἐνδύσασθαι

376 2444 585 2510 δύναμιν,
621 2446 914 2516 ὀφείλουσαν
947 2447 1036 2511 ἤδη
1077 2451 1328 2498 καλεῖσθαι
1367 2450 1443 2499 καὶ
1483 2450 1671 2516 πνεῦμα.
1728 2449 1805 2499 καὶ
1844 2452 1958 2499 θαυ-

423 2573 457 2608 3.
483 2561 633 2608 δικαίως]
654 2563 707 2597 καὶ
725 2564 769 2600 ὡς
788 2563 831 2598 Β.
912 2562 968 2609 οὗ]
991 2563 1067 2597 οὐδὲ
1086 2564 1128 2598 B.
1295 2573 1328 2609 5.
1356 2565 1391 2599 δέ
1410 2576 1480 2599 om.
1500 2564 1543 2598 Β.
1720 2575 1772 2599 10.
1800 2563 1965 2599 δύνασθαι

376 2615 601 2653 assumptum
618 2622 659 2644 ex
679 2610 722 2644 B.
914 2620 966 2644 12.
995 2611 1065 2644 Hic
1082 2610 1205 2655 incipit
1222 2611 1334 2655 prima
1351 2623 1369 2645 e
1386 2610 1610 2646 citationibus
1628 2611 1748 2656 paucis
1765 2611 1802 2644 in
1822 2610 1910 2646 Cod.
1928 2612 1965 2645 in

377 2655 471 2690 Bibl.
491 2655 596 2690 Laur.
615 2656 809 2691 Florentiae
827 2656 981 2698 Plut.1vi.
998 2667 1051 2691 12.
1069 2657 1190 2691 bomb.
1209 2669 1277 2691 sec.
1292 2658 1361 2692 xiv.
1381 2658 1440 2691 fol.
1456 2657 1607 2702 96-105.
1659 2658 1757 2691 Haec
1775 2657 1911 2702 signavi
1928 2669 1963 2702 p.

380 2701 435 2735 16.
462 2703 515 2736 καὶ
533 2713 603 2736 om.
624 2702 701 2737 B.a.
720 2703 826 2737 habet
845 2702 953 2738 Cord.
1093 2712 1146 2749 17.
1170 2703 1209 2736 ‘O
1231 2703 1272 2737 B.
1293 2704 1385 2738 Catt.
1404 2716 1438 2748 p.
1459 2704 1512 2737 καὶ
1532 2703 1598 2737 Ed.
1666 2704 1792 2737 Statim
1809 2704 1874 2749 γὰρ
1892 2714 1963 2738 om.

378 2747 485 2782 Cord.
508 2748 638 2782 habent
658 2749 699 2782 Β.
719 2761 787 2793 a-p.
896 2750 949 2784 18.
977 2751 1231 2795 συνυφεστάναι
1252 2749 1358 2784 Cord.
1410 2750 1535 2784 Statim
1553 2750 1592 2783 τὸ
1610 2750 1706 2794 ἅγιον
1722 2752 1852 2793 πνεῦμα
1871 2749 1962 2784 Catt.

376 2795 415 2828 τὸ
433 2797 571 2837 Πνεῦμα
588 2796 626 2829 τὸ
638 2794 758 2841 ’Άγιον
774 2795 880 2830 habet
897 2807 931 2840 p.
1234 2807 1288 2835 20,
1309 2808 1364 2830 21.
1391 2796 1478 2831 ἰδίου
1495 2802 1529 2830 et
1545 2796 1648 2830 αὐτοῦ
1665 2797 1761 2840 prius
1779 2808 1849 2830 om.
1870 2796 1963 2830 Catt.

378 2851 433 2875 20.
460 2841 595 2886 ἑαυτὸν]
624 2844 761 2885 Πνεῦμα
787 2854 805 2876 e
829 2842 919 2876 trad.
940 2842 1016 2876 Lat.
1039 2841 1090 2888 [et
1114 2841 1158 2875 G.
1180 2842 1299 2887 Trap.]
1322 2843 1411 2877 inter
1436 2854 1547 2876 uncos
1573 2842 1670 2876 addit
1696 2843 1832 2888 Migne,
1857 2854 1963 2876 sensu

376 2886 446 2920 fere
464 2894 622 2932 cogente,
636 2888 835 2923 faventibus
854 2895 971 2923 tamen
989 2900 1102 2933 neque
1118 2887 1222 2928 Catt„
1237 2901 1349 2934 neque
1368 2901 1415 2934 p.‚
1430 2901 1543 2935 neque
1561 2895 1600 2923 ut
1618 2888 1688 2923 vid.
1705 2889 1747 2923 Β.
1811 2888 1865 2922 26.
1885 2889 1961 2923 ἑαυ-

375 2935 435 2966 τοῦ
456 2933 498 2967 Β.
565 2933 749 2980 ζωογόνον]
771 2936 935 2978 ζωοποιὸν
952 2936 1005 2970 καὶ
1023 2936 1189 2981 ζωογόνον
1206 2946 1269 2981 pro
1288 2947 1382 2970 more
1402 2935 1444 2970 B.
