2084 3317
114 164 239 205 v.34.
348 153 420 193 IN
464 153 506 193 S.
541 150 876 193 JOANNEM.
940 150 1062 191 LIB.
1097 149 1156 190 II.
1219 149 1351 189 CAP.
1377 149 1454 188 IX.
1617 149 1695 187 361

115 260 264 324 ἁγίοις
305 261 740 328 κατα-τεταγμένων
801 259 826 311 ὃ
868 258 924 323 δὴ
970 261 1045 310 καὶ
1086 263 1233 310 ποιεῖν
1272 259 1326 308 οὐ
1369 258 1700 309 κατοκνοῦντές

115 364 247 405 τινες,
273 348 369 396 τοῖς
395 348 489 394 τῶν
515 347 776 412 προφητῶν
801 341 1121 408 ἀντέπραττον
1146 339 1310 406 λόγοις
1337 347 1365 369 “
1383 336 1555 390 ἸΑλλα
1591 338 1701 402 ἡμῖν
1764 337 1819 411 {J
1839 348 1916 368 ΗΧ·

117 430 142 452 “
170 429 372 487 λαλεῖτε,
399 430 616 488 βοῶντες,
639 427 711 476 καὶ
740 423 1062 490 ἀναγγέλλετε
1088 423 1197 487 ἡμῖν
1222 421 1382 486 ἑτεραν
1407 419 1699 485 πλάνησιν.”
1721 438 1742 464 θ

116 505 182 556 ἔτι
225 528 274 557 τε
316 506 434 573 πρὸς
480 506 674 569 τούτοις,
716 509 791 558 καὶ
836 511 931 558 τῶν
974 505 1032 575 ἐξ
1071 505 1434 572 Ἱεροσολύμων,
1474 502 1576 568 ἤτοι
1619 505 1703 567 τῆς

76 586 354 640 5Ἰουδαίων
395 590 567 657 χώρας,
592 594 654 644 εἰς
691 588 776 653 τὴν
808 588 1082 654 Αἰγυπτίων
1117 585 1526 655 καταπεφευγότες
1564 586 1699 639 τινές·

117 668 337 737 Ἀζαρίας
381 669 430 722 δὲ
477 671 534 737 ἧν
576 671 671 725 υἱὸς
709 670 861 735 Ὠσηὲ
905 672 981 722 καὶ
1019 668 1238 732 Ἰωάννης
1279 668 1374 723 υἱὸς
1417 666 1589 734 Καρηὲ,
1630 670 1704 718 καὶ

118 751 290 806 πάντες
319 756 361 804 οἱ
393 753 557 819 ἄνδρες
592 757 633 804 οἱ
671 752 975 821 ὑπερήφανοι,
1004 750 1124 803 καθὰ
1149 751 1426 818 γε’γραπται,
1454 749 1706 817 διαῤῥήδην

120 838 219 888 ταῖς
256 835 478 901 Ἱερεμίου
521 835 826 903 προφητείαις
871 836 1178 896 ἀπειθοῦντες,
1219 833 1434 901 ἔφασκον
1473 831 1701 899 ςίΨεύδῃ,
1769 839 1932 870 ΗῘΘΓΜ-

119 923 146 944 “
174 916 256 966 οὐκ
289 915 549 967 ἀπέστειλέ
576 939 635 966 σε
665 915 839 981 Κύριος
871 914 988 981 πρὸς
1026 915 1145 979 ἡμᾶς
1180 919 1320 965 εἰπεῖν
1349 914 1435 979 Μὴ
1462 912 1707 977 εἰσέλθητε

55 1004 148 1042 10“
175 1001 238 1051 εἷς
265 998 555 1064 Αἴγυπτον·”
604 998 631 1062 ἡ
671 997 719 1049 δὲ
758 996 834 1049 διὰ
871 1001 967 1048 τῶν
1002 996 1256 1060 θαυμάτων
1291 994 1542 1064 ἀπόδειξις,
1567 994 1709 1046 ποίαν

120 1077 178 1130 ἂν
205 1078 350 1141 λάβοι
383 1078 469 1144 τὴν
495 1081 784 1147 ἀντιλογίαν,
811 1081 887 1131 καὶ
922 1078 976 1131 τὸ
1012 1083 1108 1133 τοῖς
1141 1084 1224 1130 τοῦ
1251 1083 1376 1130 Θεοῦ
1412 1080 1486 1128 καὶ
1516 1075 1710 1142 Πατρὸς

121 1162 536 1228 ἐπιμαρτυρεῖσθαι
561 1160 956 1226 πλεονεκτήμασι,
983 1165 1120 1213 ποῖον
1145 1160 1210 1212 ε”τι
1238 1160 1379 1211 δώσει
1406 1163 1502 1212 τοῖς
1535 1163 1705 1226 φιλεγ-

123 1242 335 1308 κλήμοσι
360 1248 443 1308 τῆς
468 1244 756 1311 δυστροπιάς
783 1243 865 1295 τὸν
888 1244 1095 1310 τρόπον;
1126 1245 1200 1294 καὶ
1226 1249 1341 1309 γοῦν
1368 1243 1392 1293 ὁ
1423 1241 1706 1306 Νικόδημος·
1730 1265 1750 1289 a
1784 1256 1867 1289 245
1883 1254 1933 1287 A.

123 1325 186 1380 εἷς
222 1326 270 1377 δὲ
305 1325 363 1391 ἧν
389 1327 523 1380 οὗτος
548 1331 643 1378 τῶν
668 1327 778 1393 παρ’
805 1327 987 1380 ἐκείνοις
1022 1330 1318 1390 καθηγητῶν,
1345 1326 1419 1375 καὶ
1455 1327 1502 1375 ἐν
1529 1328 1625 1378 τοῖς
1658 1322 1712 1374 τὸ

56 1426 102 1462 15
124 1409 284 1476 ἄρχειν
311 1415 518 1477 λαχοῦσι
550 1408 966 1474 κατατεταγμένος·
1015 1409 1352 1475 ἀναντίῤῥητον
1377 1406 1464 1471 τὴν
1490 1405 1583 1457 ἀπὸ
1618 1409 1713 1456 τῶν

123 1490 376 1554 θαυμάτων
415 1493 610 1543 ἐποιεῖτο
648 1491 908 1557 μαρτυρίαν
946 1490 1103 1556 λέγων
1138 1491 1374 1552 αξΡαββὶ,
1416 1488 1602 1551 οἴδαμεν
1642 1486 1712 1538 ὅτι
1776 1489 1882 1561 ΞξΡξῆ

125 1579 152 1602 “
179 1572 272 1624 ἀπὸ
313 1576 437 1624 Θεοῦ
476 1571 713 1637 ἐλήλυθας
751 1571 1056 1625 διδάσκαλος·
1111 1572 1257 1625 οὐδεὶς
1295 1570 1388 1637 γὰρ
1428 1570 1620 1621 δύναται
1656 1569 1715 1621 τὰ

126 1661 153 1684 “
179 1659 354 1719 σημεῖα
391 1660 538 1706 ταῦτα
575 1659 723 1706 ποιεῖν
758 1652 788 1705 ἂ
822 1653 887 1705 σὺ
921 1658 1079 1716 ποιεῖς,
1112 1652 1192 1704 ἐὰν
1225 1652 1289 1717 μὴ
1328 1652 1357 1722 ᾗ
1398 1655 1422 1704 ὁ
1457 1653 1579 1706 Θεὸς
1616 1653 1714 1717 μετ’

126 1744 152 1767 “
178 1738 366 1789 αὐτοῦ.”

59 1838 107 1862 20
200 1820 286 1875 εΩς
323 1821 404 1871 οὖν
430 1821 513 1871 οὐκ
550 1820 848 1880 ἐκβαίνοντος
884 1817 969 1883 τὴν
995 1818 1235 1870 Ἰουδαίων
1263 1817 1509 1869 κακόνοιαν
1534 1822 1617 1868 τοῦ
1643 1818 1718 1869 καὶ

127 1902 270 1953 αὐτὸν
301 1904 595 1953 ἀπειθεῖσθαι
633 1901 716 1953 τὸν
752 1900 888 1968 ἅγιον
923 1900 1212 1965 βαπτιστήν,
1241 1900 1326 1964 τὴν
1362 1900 1480 1951 ὅσον
1514 1900 1624 1964 ἧκεν
1659 1902 1721 1952 εἷς

128 1982 304 2049 λόγους
365 1983 626 2051 μαρτύριαν
685 1983 954 2050 εἰσάγοντα,
1007 1981 1155 2034 πάλιν
1211 1985 1274 2037 ὡς
1331 1984 1379 2033 ἐν
1435 1982 1537 2046 ἤθει
1597 1981 1726 2050 φησί
1738 1990 1765 2030 b

131 2067 475 2132 Μεμαρτύρηκε
502 2066 586 2130 μὲν
612 2071 670 2135 τῇ
703 2066 913 2135 ἀληθείᾳ,
941 2067 1091 2117 καίτοι
1118 2066 1227 2132 παρ’
1258 2067 1387 2128 ὑμῶν
1412 2065 1721 2132 ἐρωτώμενος,
1784 2072 1891 2146 ἓέΓΡΓῆ

130 2149 154 2198 ὁ
205 2146 430 2215 μακάριος
482 2148 767 2212 βαπτιστὴς,
814 2150 925 2199 ἀλλ’
974 2148 1160 2214 ἐπείπερ
1213 2149 1321 2211 ὑμῖν
1373 2147 1723 2215 ἀνεπιχείρητον
1846 2124 1921 2154 -33-

64 2250 111 2285 25
131 2231 277 2289 οὐδὲν,
307 2233 381 2282 καὶ
412 2231 466 2282 τὸ
501 2231 844 2300 ῥιψοκινδύνως
870 2233 944 2282 ἐπὶ
969 2235 1134 2282 πᾶσαν
1161 2230 1273 2281 ἱέναι
1299 2231 1539 2298 λοιδορίαν
1566 2231 1722 2281 κατεί-

132 2317 307 2376 θισται,
333 2316 408 2365 καὶ
434 2313 519 2378 τὴν
546 2314 719 2365 ἐκείνου
745 2313 864 2364 κατὰ
890 2313 944 2364 τὸ
972 2311 1090 2366 εἰκὸς
1115 2312 1513 2380 παρεκρούσασθε
1540 2311 1720 2380 φωνήν.

132 2395 288 2460 ἐπειδὴ
328 2395 376 2447 δὲ
417 2398 568 2462 ὀρθῶς
607 2395 692 2458 μὲν
731 2397 838 2457 ὑμῖν
877 2396 999 2463 ἔχειν
1026 2398 1101 2446 καὶ
1140 2401 1280 2447 τοῦτο
1320 2399 1456 2457 δοκεῖ,
1490 2395 1614 2445 ε”στω
1654 2393 1724 2456 δὴ,

133 2479 349 2542 πείθομαι
388 2478 546 2546 τυχὸν,
575 2479 819 2549 κατανεύω
859 2477 951 2529 σῦν
983 2479 1104 2541 ὑμῖν,
1141 2476 1482 2542 ἀποστήσομαι
1522 2477 1575 2526 δι’
1609 2477 1727 2538 ὑμᾶς

136 2562 210 2612 καὶ
255 2563 336 2624 τῆς
377 2560 599 2612 Ἰωάννου
645 2563 819 2629 φωνῆς,
860 2563 935 2611 καὶ
979 2559 1065 2625 τὴν
1104 2560 1276 2611 ἐκείνου
1320 2558 1579 2625 μαρτυρίαν
1619 2556 1724 2620 μεθ’

188 2741 217 2764 1.
244 2727 369 2775 ἁγίοις]
390 2729 528 2775 ἀγαθοῖς
547 2729 588 2764 Β.
842 2740 875 2774 3.
899 2730 1038 2763 λαλεῖτε
1056 2741 1126 2763 om.
1147 2728 1189 2763 B.
1443 2736 1475 2770 5.
1502 2725 1668 2770 αἵγυπτον
1685 2725 1728 2759 Β.

139 2777 172 2812 6.
198 2776 331 2820 ἐζαρίιις
350 2776 392 2810 Β.
457 2775 563 2819 Ὠσηὲ
582 2776 624 2810 cf.
645 2776 787 2810 Ωσαίου.
809 2776 911 2820 (XII.
928 2787 983 2820 23.
999 2775 1043 2809 86
1059 2788 1130 2820 mg.
1146 2774 1218 2818 SS.)
1284 2773 1438 2816 Ἰωάννης
1456 2773 1581 2806 retinui
1600 2784 1641 2805 ex
1660 2771 1728 2806 Ed.

138 2824 247 2858 ὡανὰν
267 2823 308 2856 Β.
342 2826 345 2828 ’
475 2834 508 2867 9.
535 2823 639 2856 εἰπεῖν
655 2824 740 2867 πρὸς
757 2822 842 2866 ἡμᾶς
859 2824 998 2856 inverso
1016 2822 1136 2856 ordine
1158 2822 1198 2854 B.
1363 2830 1414 2864 17.
1441 2817 1523 2864 ἀπὸ]
1550 2823 1586 2859 -1-
1607 2821 1666 2852 τοῦ
1686 2818 1727 2852 Β.

141 2881 197 2905 20.
223 2870 283 2903 οὐκ
301 2881 370 2904 om.
392 2868 434 2902 Β.
625 2880 680 2903 21.
707 2869 920 2904 ἅπειθεῖσθαι
940 2869 1019 2903 Β.[)
1038 2881 1109 2913 mg.
1129 2867 1349 2901 ἀπιστεῖσθαι
1370 2867 1415 2900 D.
1437 2865 1503 2900 Ed.
1570 2866 1629 2909 τὴν
1647 2865 1731 2900 ὅσον

139 2916 216 2961 ἧκεν
235 2917 276 2951 Β.
296 2916 380 2950 ὅσον
397 2915 453 2959 ἧκε
472 2915 531 2960 τὴν
548 2915 615 2950 Ed.
884 2926 938 2961 25.
966 2917 1004 2950 τὸ
1022 2921 1246 2958 assumptum
1264 2926 1304 2947 ex
1326 2913 1366 2946 B.
1590 2921 1645 2957 27.
1671 2912 1731 2955 μὲν

140 2970 362 3008 assumptum
381 2975 421 2996 ex
444 2962 483 2996 Β.
630 2963 683 2997 28.
709 2961 882 3007 πείθομαι]
903 2962 1087 3006 ποιήσομαι
1111 2961 1148 2995 Β.
1216 2959 1403 2993 κατανεύων
1423 2959 1462 2994 B.

198 3031 290 3057 YOL.
316 3031 343 3057 Ι,
892 3031 915 3072 3
938 3031 963 3056 A
