2021 3296
117 150 144 191 i.
168 161 207 204 5-
349 151 423 191 IN
466 150 509 191 s.
542 148 877 191 JOANNEM.
941 148 1064 189 ΜΒ.
1100 147 1134 187 1.
1197 147 1330 187 CAP.
1365 145 1468 185 vn.
1650 145 1706 185 87

119 257 323 325 ἐνόμιζεν
366 262 430 312 εἰς
480 257 534 310 τὸ
579 257 812 309 δύνασθαι
865 260 984 308 νοεῖν
1028 258 1255 308 ἀπλανῶς
1299 256 1405 320 περὶ
1456 257 1539 303 τοῦ
1582 255 1708 302 Θεοῦ

121 339 296 407 Λόγου,
336 340 498 408 ὅτιπερ
542 339 688 393 ὅντως
733 341 835 390 ἐστὶ
873 337 927 390 τὸ
967 342 1070 408 φῶς
1107 341 1203 388 τῶν
1241 335 1504 403 ἀνθρώπων
1542 332 1703 397 αὐτὸς,

1768 415 1876 454 Supra

1769 468 1835 488 Vssl'.
1852 470 1882 497 4-

121 421 198 474 διὰ
239 428 322 474 τοῦ
368 422 515 491 φάναι
554 421 700 487 μόνον
740 428 767 451 “
795 422 891 472 Καὶ
935 420 963 483 ἡ
1009 418 1100 485 ζωὴ
1146 418 1204 483 ἧν
1243 418 1297 470 τὸ
1339 421 1442 486 φῶς
1482 421 1576 468 τῶν
1617 417 1702 466 ἀν-

122 511 150 535 “
175 503 425 571 θρώπων·”
483 503 540 569 ἦν
577 502 671 570 γὰρ
710 503 766 568 δὴ
812 506 886 554 καὶ
932 501 1066 564 εἰκὸς,
1104 499 1540 568 ἀναδειχθήσεσθαί
1579 521 1707 552 τινας

80 599 102 637 5
122 587 464 649 ἀβασανίστως
489 591 584 637 τῶν
610 585 920 650 λαλουμένων
947 584 1216 638 ἀκούοντας·
1260 585 1335 634 καὶ
1363 581 1420 646 δὴ
1447 583 1523 632 καὶ
1552 603 1704 647 πρεσ-

120 668 274 730 βεύειν
301 667 329 733 ἢ
364 670 440 719 καὶ
475 667 655 735 ἑτέρους
690 666 930 719 διδάσκειν
956 668 1211 734 ἐπιχειρεῖν,
1240 664 1310 716 ὅτι
1337 668 1440 734 φῶς
1466 663 1551 728 μέν
1577 664 1709 713 ἐστιν

121 749 268 805 ὅντως
307 751 332 801 ὁ
369 756 452 802 τοῦ
492 753 618 801 Θεοῦ
658 748 830 815 Λόγος,
868 747 999 812 πλὴν
1037 749 1091 799 οὐ
1128 752 1251 799 πᾶσι
1290 746 1449 815 φωτὸς
1486 742 1706 812 χορηγὸς,

121 833 232 883 ἀλλ’
269 831 338 886 οἷς
376 830 435 883 ἀν
464 832 603 886 αὐτὸς
641 831 874 896 βούληται
912 830 965 881 τὸ
1004 833 1086 894 τῆς
1125 828 1362 882 συνέσεως
1401 827 1551 892 ἐνίησι
1589 830 1707 895 φῶς,

121 913 382 980 δοκιμάζων
427 913 510 965 τὸν
555 914 813 983 ὀφείλοντα
857 917 1027 974 λαβεῖν
1070 914 1147 963 καὶ
1190 914 1272 976 τῆς
1319 911 1440 962 οὕτω
1483 913 1753 975 λαμπρᾶςᾶ

55 1017 103 1044 10
121 996 256 1065 ἄξιον
281 996 394 1048 ὅντα
421 1000 611 1063 δωρεᾶς·
655 997 683 1061 ἡ
719 996 774 1047 δέ
802 1019 856 1062 γε
891 999 985 1046 τῶν
1011 994 1178 1045 ἄλλων
1204 997 1411 1059 λογικῶν
1436 991 1710 1056 κτισμάτων

121 1078 283 1148 φύσις,
309 1078 338 1144 ὴ
368 1079 425 1148 ἐξ
446 1079 625 1130 οἰκείων
650 1078 814 1145 ὥσπερ
840 1077 1143 1145 σπερμάτων,
1170 1075 1256 1140 τὴν
1280 1077 1354 1127 ἐπὶ
1378 1079 1445 1144 τῷ
1477 1074 1711 1126 δύνασθαι

121 1164 314 1230 φρονεῖν
364 1162 615 1229 ἐρανίζεται
667 1160 877 1224 δύναμιν,
927 1158 956 1224 ἢ
1012 1160 1251 1223 ἐντίθησιν
1301 1158 1419 1225 αὐτῇ
1474 1161 1583 1208 νοῦν
1634 1157 1710 1206 καὶ

120 1241 319 1294 σύνεσιν
346 1245 370 1294 ὃ
399 1241 521 1299 Θεὸς
556 1245 631 1294 καὶ
660 1241 844 1309 Πατὴρ,
871 1244 932 1296 ὡς
965 1242 1048 1292 οὐκ
1083 1240 1388 1309 ἐξισχύοντος
1421 1244 1560 1290 τοῦτο
1594 1240 1711 1304 δρᾶν

122 1331 205 1396 τοῦ
231 1327 365 1377 Υἱοῦ.
419 1326 496 1376 ἵνα
520 1326 676 1377 τοίνυν
703 1325 926 1393 φαίνηται
953 1328 1125 1393 σαφῶς
1153 1321 1292 1376 αὐτὸς
1325 1323 1349 1373 ὁ
1378 1320 1500 1374 Θεὸς
1528 1320 1707 1385 Λόγος,

56 1424 103 1462 15
124 1405 174 1462 ὅς
198 1405 256 1471 ἦν
281 1409 329 1458 ἐν
356 1410 465 1477 Θεῷ
500 1409 575 1458 καὶ
603 1408 773 1472 Πατρῖ,
800 1409 874 1456 καὶ
909 1404 999 1472 ζωὴ
1033 1407 1110 1456 καὶ
1145 1409 1262 1473 φῶς,
1290 1404 1343 1454 οὐ
1368 1407 1508 1454 τινῶν
1533 1402 1618 1465 μὲν
1643 1401 1707 1452 ὢν

123 1489 213 1541 ἀνὰ
257 1490 410 1557 μέρος,
454 1489 622 1556 ἑτέρων
667 1488 715 1540 δὲ
761 1488 925 1551 οὐκέτι,
968 1486 1101 1538 ἀλλὰ
1145 1486 1265 1537 κατά
1309 1508 1413 1537 τινα
1457 1484 1710 1549 μετουσίας

125 1571 329 1639 ἄῤῥητον
353 1570 545 1639 τρόπον,
572 1573 635 1626 ὡς
669 1571 821 1639 σοφία
856 1572 932 1621 καὶ
965 1570 1173 1623 σύνεσις·
1218 1569 1332 1635 ὅπερ
1368 1569 1499 1618 ἐστὶν
1534 1568 1582 1617 ἐν
1615 1571 1751 1622 τοῖςο

125 1659 336 1719 λογικοῖς
366 1653 420 1705 τὸ
456 1653 748 1717 καλούμενον
775 1656 892 1721 φῶς·
934 1651 1099 1702 ἑαυτὸν
1126 1651 1255 1704 ὅλοις
1290 1655 1385 1704 τοῖς
1421 1651 1529 1700 οὖσι
1562 1672 1707 1700 κατα-

124 1735 306 1802 μιγνὺς,
344 1736 420 1787 ἵνα
464 1734 762 1801 λογικεύηται
808 1734 867 1786 τὰ
912 1732 1098 1800 λογικὰ,
1137 1734 1212 1784 καὶ
1253 1732 1489 1801 φρόνησιν
1526 1730 1609 1799 ε”χῃ
1653 1729 1714 1781 τὰ

57 1839 107 1864 20
127 1817 404 1887 φρονήσεως
446 1816 646 1878 δεκτικὰ,
686 1817 769 1867 οὐκ
813 1814 872 1866 ἀν
911 1816 1075 1882 ἑτέρως
1118 1813 1234 1866 εἶναι
1273 1820 1412 1866 τοῦτο
1457 1813 1714 1877 δυνηθέντα

124 1899 252 1963 ποτὲ,
279 1900 543 1966 ἀναγκαίως
576 1900 728 1966 φησὶν
761 1898 831 1949 ὅτι
867 1903 954 1949 Καὶ
992 1899 1036 1949 τὶ
1073 1897 1172 1966 φῶς
1209 1899 1247 1948 ἐν
1281 1903 1330 1970 τῇ
1365 1898 1529 1967 σκοτίᾳ
1566 1900 1713 1964 φαίνει

128 1987 206 2033 καὶ
233 1985 255 2043 ἦ
283 1982 447 2033 σκοτία
473 1983 577 2033 αὐτό
606 1985 649 2033 οὐ
679 1980 953 2040 κατέλαβεν.
1006 1979 1152 2043 μόνον
1177 1979 1271 2046 γὰρ
1298 1979 1402 2046 οὐχὶ
1433 1976 1645 2029 τοιοῦτόν
1669 2000 1715 2028 τι

124 2068 221 2117 τοῖς
265 2063 575 2131 ἀκροωμένοις
620 2065 669 2114 ἐκ
715 2066 905 2127 πολλῆς
949 2062 1186 2128 ἀκριβείας
1233 2063 1417 2130 ἀναβοᾷ
1454 2058 1634 2129 ’Έφην,
1678 2056 1715 2109 ὦ

126 2146 267 2209 οῦτοι,
288 2147 436 2197 καίτοι
464 2145 659 2215 σφόδρα
685 2144 924 2196 διδάσκων
949 2142 1009 2195 τὰ
1034 2146 1204 2208 ἀληθῆ,
1222 2142 1308 2208 τὴν
1333 2142 1454 2210 ζωὴν
1479 2141 1594 2194 εἶναι
1620 2146 1714 2193 τῶν

59 2241 106 2280 25
127 2228 390 2295 ἀνθρώπων
427 2227 481 2279 τὸ
529 2231 645 2296 φῶς,
685 2227 772 2294 οὐχ
815 2227 892 2277 ἵνα
935 2229 1020 2294 νοῇ
1063 2248 1132 2279 τις
1175 2225 1223 2276 ε”ν
1267 2248 1320 2291 γε
1365 2229 1462 2279 τοῖς
1505 2229 1753 2291 παροῦσιιι
1809 2236 1866 2270 59
1884 2234 1938 2269 Α.

127 2309 343 2375 μάλιστα
375 2309 552 2375 λόγοις,
578 2309 634 2378 ἐξ
670 2308 827 2375 ἑτέρου
865 2308 1107 2362 πολιτείας
1146 2307 1417 2374 κομίζεσθαι
1454 2305 1592 2373 γέρας
1631 2303 1715 2356 τὸν

127 2393 236 2459 παρ’
265 2393 408 2444 αὑτοῦ
445 2391 712 2460 φωτισμὸν,
738 2390 844 2444 τοὺς
881 2390 1079 2456 ὅσοιπερ
1114 2388 1172 2440 ἂν
1206 2390 1416 2459 φαίνοντ’
1453 2386 1513 2439 ἂν
1549 2386 1721 2438 δίκαιοί

128 2497 178 2526 τε
206 2475 282 2525 καὶ
308 2475 494 2541 ἀγαθοί·
537 2474 647 2524 ἀλλ’
677 2473 753 2524 ἵνα
782 2471 1051 2537 μανθάνητε
1084 2470 1247 2535 πάλιν,
1273 2471 1433 2537 ὅτιπερ
1460 2469 1513 2520 ὅν
1539 2467 1716 2535 τρόπον

128 2558 260 2608 ἐστὶν
292 2558 340 2607 ἐν
373 2562 495 2608 πᾶσι
533 2560 627 2609 τοῖς
666 2554 920 2621 γεγονόσιν
958 2555 983 2605 ὁ
1011 2554 1169 2620 Λόγος
1207 2553 1313 2620 ζωὴ,
1348 2553 1592 2619 ζωογονῶν
1631 2553 1712 2616 δη-

59 2663 108 2699 30
130 2638 291 2690 λονότι
325 2638 384 2690 τὰ
418 2638 536 2705 ζωῆς
570 2635 771 2689 δεκτικά·
814 2638 961 2691 οὕτως
994 2638 1126 2688 ἐστὶν
1153 2637 1202 2686 ἐν
1227 2636 1383 2688 αὐτοῖς
1412 2636 1488 2685 καὶ
1515 2638 1631 2702 φῶς,
1657 2632 1716 2684 τὰ

129 2821 253 2864 Λόγου,
272 2818 357 2852 haec
374 2818 412 2851 οὐ
430 2817 692 2862 γὰρ-ἐνόμιζεν
708 2823 788 2862 post
806 2819 918 2862 Λόγου
936 2822 1182 2861 transponens,
1203 2816 1244 2849 B.
1437 2823 1470 2859 5.
1497 2813 1717 2857 λαλουμένων

129 2867 211 2901 B.D
227 2877 299 2910 mg.
317 2865 509 2909 λεγομένων
523 2864 589 2898 Ed.
685 2866 718 2899 6.
737 2864 755 2908 ἦ
774 2869 998 2908 assumptum
1015 2875 1057 2897 ex
1077 2863 1165 2897 RE.
1224 2862 1319 2897 ἐστιν
1332 2860 1435 2896 ὅντως
1452 2861 1519 2895 hoc
1536 2860 1658 2895 ordine
1675 2862 1715 2896 Β.

129 2913 163 2948 8.
187 2913 286 2947 αὐτὸς
304 2912 344 2946 ἂν
360 2912 498 2946 inverso
515 2910 636 2944 ordine
657 2911 698 2944 B.
870 2919 923 2956 15.
950 2909 986 2945 ὃς
1004 2921 1074 2943 om.
1095 2909 1136 2942 B.
1203 2909 1248 2943 ὢν
1266 2908 1325 2943 dat
1345 2908 1462 2954 Heyse
1479 2919 1521 2942 ex
1540 2907 1581 2946 B,
1602 2908 1661 2953 qui
1679 2911 1718 2943 ὁν

128 2959 278 2994 exhibet.
426 2967 480 3003 27.
508 2957 548 2991 ἂν
564 2956 727 3002 φαίνοιντ’
748 2958 787 2991 ἂν
806 2956 848 2991 Β.
867 2957 907 2992 ἂν
922 2956 1098 3001 φαίνοιντο
1117 2955 1182 2989 Ed.
1242 2985 1245 2987 ,
