2084 3317
328 151 414 193 600
730 153 780 194 Β.
813 153 1092 195 CYRILLI
1133 153 1513 195 ALEXANDR.
1758 150 1828 191 vii.
1852 160 1916 204 15.

331 259 498 311 τούτου
524 260 676 312 πάλαι
705 265 935 326 Μωυσῆς,
962 267 1029 332 τῷ
1055 264 1198 332 ἐλαίῳ
1225 266 1291 332 τῷ
1319 260 1593 330 ἡγιασμένῳ
1623 258 1710 323 τὴν
1737 257 1919 322 σκηνὴν

106 341 269 372 Lewviii.

110 392 161 415 11.

106 433 190 468 410
204 432 256 467 A·
291 428 523 488 ἃμᾶλλον
561 427 703 491 ἐχρῆν
745 424 1020 490 ἀγιάζεσθαι
1066 425 1141 476 διὰ
1186 430 1281 476 τῶν
1320 425 1467 490 ἁγίων
1511 423 1670 475 τόπων
1708 420 1791 472 τὸν
1831 420 1913 470 ἄν·

332 343 599 409 καταχρίων
651 344 726 393 καὶ
778 344 981 410 ἁγιάζων
1030 345 1194 408 αὐτὴν,
1250 344 1373 395 καθὰ
1422 343 1701 409 γέγραπται·
1770 340 1919 391 καίτοι

332 509 537 571 θρωπον,
575 506 695 572 ἤπερ
738 506 943 571 ἀγιάζειν
982 507 1165 560 αὐτούς·
1225 508 1334 558 ἀλλ’
1377 507 1523 559 οὐδεὶς
1566 509 1660 555 τῶν
1700 505 1749 554 ἐν
1786 503 1919 571 τύπῳ

330 588 625 650 τελουμένων
652 590 676 639 ὁ
704 588 848 653 λόγος
876 588 951 638 διὰ
982 588 1068 652 τὴν
1094 589 1332 653 ἀλήθειαν,
1361 588 1415 653 ἧς
1441 587 1498 651 δὴ
1524 588 1598 638 καὶ
1625 585 1762 653 χάριν
1787 584 1846 636 τὰ
1872 586 1920 635 ἐν

331 673 486 722 σκιαῖς
522 669 854 720 ἀνεπλάττετο·
909 669 1121 736 καθάπερ
1161 671 1242 721 οὖν
1280 670 1412 721 ε”στιν
1452 671 1560 720 ἰδεῖν
1601 669 1676 718 καὶ
1713 669 1788 718 ἐπὶ
1825 670 1920 716 τῶν

106 743 253 776 Hos.iii.

110 797 182 828 1-3.

106 843 268 874 ΕΜΧΛ-
331 831 450 883 ἑκὼν
487 838 722 884 συνοικεῖν
758 834 1006 896 ἐκελεύετο,
1043 833 1219 899 γυμνὸς
1261 832 1311 884 δὲ
1349 832 1552 898 βαδίζειν
1587 832 1754 897 ἕτερος,
1789 828 1921 880 ἀλλὰ

107 909 209 940 Ezek.
225 909 269 941 iv.
391 915 405 933 Ν
457 916 467 930 ’
503 916 518 933 x
721 914 733 931 x
967 921 986 929 ›-
1162 916 1174 931 x
1349 915 1361 931 x
1460 916 1469 930 ‚
1549 915 1559 930 ‚
1611 914 1621 929 ι
1752 912 1762 926 e
1869 915 1889 925 Α

107 952 139 984 6.
331 936 408 965 και
445 938 518 966 επι
555 922 767 982 πλευραν
793 920 1098 966 κατακεισθαι
1124 939 1209 980 την
1236 916 1395 985 δεξιαν
1421 938 1504 966 ουκ
1539 920 1706 979 ολιγον
1738 934 1921 978 ημερων

332 751 479 816 ἁγίων
521 755 796 820 προφητῶν.
857 752 882 802 ὁ
921 751 1007 815 μὲν
1044 751 1138 819 γάρ
1182 775 1250 806 τις
1294 750 1447 820 πόρνῃ
1490 753 1674 816 γυναικὶ
1715 750 1790 799 καὶ
1833 748 1921 815 οὐχ

330 997 543 1063 ἀριθμόν.
615 999 875 1049 ἐπετελεῖτο
920 997 970 1049 δὲ
1012 1004 1159 1050 ταῦτα
1203 998 1278 1049 διὰ
1324 997 1383 1048 τὰ
1434 996 1491 1066 ἐξ
1537 997 1703 1058 αὐτῶν,
1746 996 1821 1044 καὶ
1867 994 1920 1044 οὐ

330 1079 519 1134 πάντως
557 1079 612 1131 δι’
641 1080 799 1132 ἑαυτά·
847 1083 968 1133 οὕτω
1004 1087 1254 1148 τοιγαροῦν
1280 1083 1354 1132 καὶ
1391 1083 1415 1132 ὁ
1450 1079 1674 1146 μακάριος
1702 1080 1920 1141 Μωυσῆς

285 1161 536 1228 ὒὰγιάζειν
577 1163 813 1214 ἐκελεύετο
857 1163 942 1223 τὴν
981 1163 1177 1228 σκηνὴν,
1219 1164 1367 1214 καίτοι
1411 1167 1602 1225 μᾶλλον
1643 1159 1921 1227 ἁγιάζεσθαι

331 1244 452 1310 πρὸς
487 1245 630 1308 αὐτῆς
666 1245 887 1312 ὀφείλων,
913 1246 988 1296 ἵνα
1013 1245 1229 1312 Χριστὸς
1268 1250 1419 1296 νοοῖτο
1450 1243 1599 1296 πάλιν
1626 1245 1687 1296 ὡς
1721 1244 1770 1292 ἐν
1795 1243 1921 1311 αὐτῷ

330 1324 414 1376 τὸν
445 1325 560 1376 ’ίδιον
591 1327 795 1393 ἁγιάζων
827 1325 952 1389 ναὸν,
981 1328 1129 1378 καίτοι
1164 1326 1282 1389 μετὰ
1316 1324 1496 1393 σαρκὸς
1520 1325 1760 1378 Ἰουδαίοις
1797 1347 1914 1375 συν-

331 1407 644 1471 διαιτώμενος,
685 1411 761 1459 καὶ
805 1410 853 1459 ἐν
892 1409 1018 1477 αὐτῷ
1058 1413 1155 1463 τοῖς
1196 1408 1358 1476 ὄχλοις
1398 1411 1713 1474 προσλαλῶν,
1755 1404 1919 1473 ὥσπερ

331 1489 413 1540 οὖν
445 1491 494 1541 ἐκ
531 1496 614 1541 τοῦ
653 1491 934 1556 ἱλαστηρίου
972 1489 1124 1543 πάλαι
1163 1493 1188 1542 ὁ
1228 1490 1362 1545 Θεός.

267 1664 313 1703 15
374 1660 644 1721 Ἐθαύμαςον
682 1661 756 1705 οὖν
795 1661 833 1705 οἰ
865 1661 1069 1705 Ἰουδαῖοι
1106 1665 1304 1712 λέγοντες
1341 1663 1440 1704 Πώε
1479 1661 1603 1705 οὗτος
1642 1662 1869 1720 Γράμματα

870 1743 960 1788 οἶδε
997 1748 1053 1797 μή
1093 1747 1384 1800 μεμαθΗκώε;

408 1859 514 1909 Οὐκ
539 1858 717 1926 ἀπηχὲς
752 1864 847 1910 τῶν
872 1861 1113 1912 Ἰουδαίων
1138 1861 1192 1912 τὸ
1227 1865 1399 1925 θαῦμα,
1427 1859 1841 1928 κεκομψευσμένος
1874 1859 1933 1910 δέ

294 1961 435 1994 οπως
468 1941 600 1991 ἐστὶν
626 1942 651 1991 ὁ
685 1942 759 1992 ἐπὶ
794 1941 945 2011 τούτῳ
982 1941 1142 2007 λόγος·
1182 1942 1240 2007 ἧν
1269 1942 1363 2009 γὰρ
1403 1942 1460 2007 δὴ
1499 1945 1574 1993 καὶ
1613 1942 1733 1996 εἰκὸς
1771 1964 1916 1992 κατα-

333 2021 634 2086 πλήττεσθαι
677 2023 947 2083 βλέποντας
992 2026 1066 2075 καὶ
1107 2023 1238 2093 λόγῳ
1277 2027 1353 2076 καὶ
1392 2024 1567 2090 γνώσει
1607 2022 1921 2089 διαπρέποντα

335 2103 493 2173 ξένιος,
533 2104 616 2155 τὸν
655 2104 747 2175 ὅτῳ
785 2111 1008 2157 πλουτεῖν
1046 2108 1096 2157 ἐκ
1134 2106 1425 2170 μαθημάτων
1463 2107 1546 2156 οὐκ
1587 2105 1656 2171 ἧν.
1715 2104 1923 2158 δεκτικὸς

333 2184 417 2250 μὲν
444 2185 537 2254 γὰρ
564 2187 742 2256 σοφίας
778 2188 802 2238 ὁ
838 2189 1131 2255 ἀνθρώπινος
1163 2195 1282 2252 νοῦς,
1310 2190 1386 2239 καὶ
1421 2192 1459 2239 εὶ
1493 2187 1635 2252 μήπω
1669 2210 1738 2241 τις
1773 2189 1922 2256 ὁρῷτο

334 2267 505 2337 σοφὸς,
558 2268 905 2335 ἐπιτηδειοτάτη
955 2269 1004 2321 δὲ
1056 2272 1165 2322 λίαν
1216 2272 1244 2335 ἡ
1296 2270 1442 2339 φύσις
1499 2269 1618 2336 πρὸς
1676 2268 1923 2338 ἀνάληψιν

334 2350 573 2405 συνέσεώς
609 2374 658 2402 τε
692 2354 769 2402 καὶ
808 2353 1069 2417 ἐπιστήμης
1104 2356 1187 2417 τῆς
1222 2353 1302 2404 ἐπί
1333 2376 1472 2405 τισιν.
1526 2353 1635 2403 ἀλλ’
1664 2353 1713 2402 ἐν
1737 2357 1833 2405 τοῖς
1869 2352 1922 2402 οὑ

335 2432 531 2502 σφόδρα
580 2436 687 2500 περὶ
738 2433 822 2488 τὰς
872 2436 920 2485 ἐν
969 2433 1132 2501 λόγοις
1182 2435 1345 2504 ἔχουσι
1396 2433 1563 2501 τριβὰς
1618 2432 1923 2498 συμμεμυκὸς

335 2514 513 2581 τρόπον
564 2514 668 2566 τινὰ
726 2518 800 2567 καὶ
858 2516 1245 2581 κατηυνασμένον
1296 2519 1398 2568 ἐστὶ
1452 2517 1506 2568 τὸ
1564 2518 1612 2568 ἐν
1662 2521 1720 2584 τῇ
1779 2515 1923 2583 φύσει

335 2596 586 2665 χρήσιμον·
644 2600 692 2648 ἐν
732 2597 781 2649 δὲ
825 2603 922 2653 τοῖς
966 2597 1153 2650 εἰωθόσι
1198 2601 1272 2650 καὶ
1318 2598 1394 2650 διὰ
1437 2599 1660 2651 τοιούτων
1701 2599 1923 2667 ἔρχεσθαι

385 2760 418 2793 9.
456 2747 599 2792 ἀριθμὸν
628 2747 760 2794 ἡμερῶν
786 2750 927 2783 inverso
957 2749 1080 2784 ordine
1109 2750 1150 2783 Β.
1230 2750 1354 2784 Statim
1385 2751 1578 2786 ἐπετελεῖτο
1607 2751 1648 2785 Β.
1678 2751 1827 2786 ἐτελεῖτο
1855 2751 1922 2785 Ed.

342 2806 394 2839 13.
420 2796 506 2838 πρὸς
522 2794 640 2840 αὐτῆς]
660 2797 726 2840 πρὸ
745 2797 863 2840 ἑαυτῆς
884 2796 924 2831 Β.
998 2799 1109 2831 νοοῖτο
1130 2797 1172 2831 Β.
1192 2798 1304 2841 νοῆται
1322 2797 1388 2832 Ed.
1462 2798 1497 2832 ἐν
1514 2799 1596 2842 αὐτῇ
1619 2798 1660 2833 Β.
1812 2807 1865 2842 17.
1892 2799 1923 2831 οἱ

337 2853 408 2875 om.
430 2841 471 2876 Β.
537 2839 628 2877 οἶδεν
643 2843 823 2888 γράμματα
841 2843 981 2878 inverso
999 2843 1120 2878 ordine
1139 2843 1181 2878 B.
1304 2855 1358 2878 22.
1385 2843 1469 2892 ὅτῳ]
1489 2844 1594 2880 οὕτως
1615 2844 1655 2879 Β.
1776 2855 1831 2890 23.
1857 2847 1923 2890 γὰρ

337 2915 408 2938 om.
428 2903 470 2939 B.
624 2916 680 2948 24.
707 2904 837 2951 σοφὸς]
859 2899 981 2952 ‘62ch
1001 2905 1042 2940 B.
1200 2906 1254 2941 26.
1281 2906 1415 2953 λόγοις]
1437 2907 1576 2953 ἀλόγοις
1596 2907 1637 2942 Β.
1798 2917 1852 2952 27.
1880 2910 1921 2952 τῇ

337 2961 408 2985 om.
430 2950 470 2984 B.

1940 600 1961 637 5

1944 1016 1991 1040 10

1943 1426 1990 1465 15

1942 1960 1992 1984 20
