2084 3317
369 147 452 188 676
770 146 820 188 B.
853 146 1124 187 CYRILLI
1166 146 1545 187 ALEXANDR.
1795 145 1953 199 vii.32.

369 258 443 306 καὶ
469 261 565 309 τοῖς
600 256 768 309 ἄλλοις
804 254 998 317 ἅπασιν,
1027 260 1064 305 εἱ
1090 255 1154 319 μὴ
1182 262 1349 306 τοῦτον
1375 257 1630 306 διακέοιντο
1656 255 1738 305 τὸν
1763 253 1954 320 τρόπον,

322 344 349 384 b
368 337 584 401 ἐπιτιμᾶν
610 335 836 390 εἰωθότες.
893 337 1006 386 ἀλλ’
1036 335 1168 386 οὐδὲν
1195 338 1241 386 ἐν
1269 336 1449 389 τούτοις
1474 341 1557 387 τοῦ
1584 336 1728 398 νόμου
1753 334 1949 404 φροντί-

368 440 552 479 σαντες,
577 419 967 470 διαλακτίσαντες
995 416 1043 467 δὲ
1069 415 1234 483 ὥσπερ
1268 417 1328 468 τὰ
1360 417 1470 483 παρ’
1497 419 1652 470 αὐτοῖς
1678 416 1953 479 τιμιώτατα,

366 499 560 567 βρόχοις
610 503 886 565 περιβαλεῖν
929 498 1254 564 σπουδάζουσι
1298 497 1381 550 τὸν
1425 498 1723 565 ἡμαρτηκότα
1774 496 1858 560 μὲν
1901 497 1956 548 τὸ

366 581 593 647 παράπαν
634 580 780 643 οὐδὲν,
823 580 893 630 ὅτι
939 579 987 630 δὲ
1032 585 1225 643 μᾶλλον
1271 579 1409 634 αὐτὸς
1454 580 1522 645 ε’ίη
1567 581 1592 630 ὁ
1633 579 1860 645 Χριστὸς,
1899 577 1954 629 δι’
1976 593 1998 631 5

368 664 522 713 αὐτῶν
572 662 661 726 ἤδη
709 666 803 713 τῶν
852 662 1002 729 ἔργων
1050 663 1434 725 πεπιστευμένον.
1515 664 1657 728 ἐχρῆν
1708 660 1756 711 δὲ
1806 659 1956 724 δήπου

367 742 570 807 πάντως,
621 745 716 809 ἐρεῖ
757 767 826 797 τις
877 742 1099 808 εὐλόγως,
1151 743 1259 797 τοῦς
1310 745 1530 797 ἀνοσίους
1581 748 1674 793 τῶν
1717 743 1956 793 Ἰουδαίων

368 825 652 891 καθηγητὰς,
678 825 806 892 ε’ίπερ
844 824 971 890 ἦσαν
1006 830 1100 875 τῶν
1136 826 1273 876 θείων
1310 827 1488 891 λογίων
1521 826 1708 890 ἵστορες
1747 825 1822 874 καὶ
1860 828 1957 874 τῶν

367 907 502 958 θείων
531 906 686 971 νόμων
711 906 1038 971 ἐπιστήμονες,
1061 910 1415 974 προσλαλῆσαι
1441 912 1633 971 μᾶλλον
1658 911 1752 960 τοῖς
1780 906 1955 974 ὄχλοις,

366 988 630 1056 ἀνατρέψαι
669 994 922 1054 λογισμοῖς
960 994 1056 1043 τοῖς
1096 988 1357 1053 καθήκουσι
1394 989 1480 1053 τὴν
1511 990 1585 1041 ε’πὶ
1619 988 1770 1058 τούτῳ
1806 1011 1952 1039 κατα·
1979 1011 2027 1037 10

329 1090 350 1116 c
366 1069 500 1135 βοὴν,
527 1072 926 1137 ἀποκρούσασθαι
949 1077 1033 1122 τοῦ
1060 1070 1243 1140 φθόνου
1268 1071 1351 1125 τὰς
1387 1072 1610 1140 ὑποψίας,
1638 1074 1869 1133 μεθιστᾶν
1894 1073 1957 1124 εἷς

366 1151 420 1202 τὸ
448 1157 639 1220 φρονεῖν
665 1152 695 1202 ἂ
719 1156 977 1219 προσῆκεν,
1003 1153 1086 1203 ε’ίτι
1111 1176 1201 1219 περ
1227 1152 1352 1207 ὅλως
1380 1155 1455 1203 καὶ
1488 1151 1818 1221 διεσφάλσθαι
1843 1153 1953 1217 παρ’

367 1234 523 1287 αὐτοῖς
549 1234 826 1300 ἐνομίζοντο,
845 1233 997 1288 καλὰς
1022 1236 1096 1285 ἐπὶ
1117 1238 1318 1303 Χριστῷ
1345 1234 1429 1288 τὰς
1457 1234 1675 1288 ὑπονοίας
1696 1235 1952 1287 ὠδίνοντες·

366 1314 455 1365 ἔδει
493 1319 593 1368 ταῖς
631 1317 681 1366 ἐκ
718 1320 981 1383 προφητῶν
1019 1316 1294 1382 μαρτυρίαις
1338 1319 1727 1385 πληροφορῆσαι,
1766 1318 1839 1366 καὶ
1881 1314 1957 1365 διὰ

365 1396 529 1460 πάσης
567 1397 868 1465 ἁπαξαπλῶς
908 1395 1064 1451 Ζόντας
1102 1401 1185 1461 τῆς
1224 1399 1349 1452 θείας
1386 1401 1589 1467 γραφῆς,
1621 1399 1956 1466 ἀπονίψασθαι
1980 1421 2026 1458 15

366 1475 452 1539 μὲν
475 1477 535 1528 τὰ
569 1479 619 1529 ἐκ
654 1483 749 1530 τῶν
781 1478 942 1547 ὄχλων
974 1479 1266 1546 ἐγκλήματα,
1294 1481 1480 1549 διδάξαι
1516 1480 1565 1532 δὲ
1598 1482 1704 1545 περὶ
1740 1484 1958 1544 Χριστοῦ

366 1559 420 1609 τὸ
472 1561 797 1627 ἀληθέστερον
844 1563 906 1615 ὡς
951 1560 1216 1627 ἐγνωκότας
1260 1585 1305 1613 τι
1347 1563 1514 1614 πλέον.
1587 1561 1699 1613 ἀλλ’
1741 1561 1958 1624 οὐδεμίαν

367 1642 577 1692 ἐντεῦθεν
616 1641 702 1707 τὴν
741 1644 1009 1709 ἀπολογίαν
1042 1646 1351 1710 εὑρίσκοντες,
1389 1645 1746 1707 δυσωπούμενοι
1785 1643 1833 1694 δὲ
1872 1643 1958 1707 τὴν

325 1734 351 1774 d
370 1723 509 1789 ἁγίαν
547 1724 754 1793 γραφὴν,
790 1724 871 1776 ἅτε
909 1732 1276 1792 κατηγοροῦσαν
1315 1728 1470 1778 αὐτῶν
1509 1726 1626 1790 μετὰ
1664 1731 1759 1776 τῶν
1798 1725 1958 1793 ὄχλων

368 1806 676 1871 εὑρίσκοντες,
721 1811 783 1860 εἷς
834 1809 1152 1875 ἀναίσχυντον
1196 1809 1484 1871 ἐμπίπτουσι
1537 1807 1734 1875 θράσος,
1783 1809 1858 1858 καὶ
1908 1809 1958 1859 ἐκ
1978 1829 2029 1856 20

367 1886 520 1951 μέσου
555 1893 794 1939 ποιεῖσθαι
830 1889 1157 1956 σπουδάζουσι
1193 1889 1276 1940 τὸν
1303 1890 1533 1956 Χριστὸν,
1562 1890 1633 1941 ὅτι
1661 1891 1959 1942 διέπταισται

368 1968 625 2036 διελέγχειν
651 1971 734 2020 οὐκ
769 1970 970 2038 ἔχοντες.
1026 1971 1080 2021 τὸ
1108 1970 1157 2022 δὲ
1183 1971 1239 2036 δὴ
1266 1977 1362 2023 τῶν
1388 1973 1556 2023 ἄλλων
1582 1973 1955 2041 ἀφορητότερον,

368 2049 473 2100 οὐδὲ
523 2055 618 2102 τῶν
668 2053 910 2119 τυχόντων
962 2053 990 2116 ἡ
1042 2054 1234 2121 σκέψις,
1290 2053 1422 2105 ἀλλὰ
1472 2059 1566 2105 τῶν
1617 2054 1854 2124 ἀρχιερέων
1900 2053 1960 2105 τὰ

368 2130 655 2197 τολμήματα
689 2133 961 2200 σύνδρομον
987 2133 1190 2201 ἐχόντων
1217 2140 1313 2189 τοῖς
1339 2141 1599 2205 Φαρισαίοις
1632 2137 1718 2199 τὴν
1743 2136 1954 2202 γνώμην,

369 2214 519 2265 καίτοι
557 2220 870 2282 καθηγεῖσθαι
911 2217 1014 2267 δεόν
1049 2217 1204 2267 αὐτῶν
1240 2220 1301 2271 ὡς
1339 2224 1740 2272 πλεονεκτοῦντας
1774 2222 1841 2287 τῷ
1876 2221 1958 2282 τῆς
1978 2239 2026 2277 25

371 2296 629 2362 ἱερωσύνης
667 2297 926 2364 πράγματι,
968 2300 1043 2348 καὶ
1084 2298 1138 2348 τὸ
1182 2298 1503 2367 προτετάχθαι
1545 2299 1621 2351 διὰ
1662 2301 1830 2350 τούτου
1871 2310 1959 2350 λα-

370 2376 557 2444 χόντας,
602 2379 693 2430 ἔδει
744 2380 1002 2446 φαίνεσθαι
1053 2379 1342 2445 καθηγητὰς,
1393 2383 1469 2431 καὶ
1519 2383 1568 2432 ἐν
1617 2384 1812 2448 ἀγαθοῖς
1864 2387 1958 2435 τοῖς

333 2487 353 2513 e
371 2459 630 2524 σκεμμασι,
660 2463 734 2511 καὶ
761 2464 945 2524 βουλῆς
971 2460 1223 2528 κατάρχειν
1249 2463 1332 2513 οὐκ
1359 2462 1637 2531 ἀπᾳδούσης
1664 2467 1788 2532 Θεῷ.
1845 2464 1955 2514 ἀλλ’

421 2620 451 2644 1.
476 2609 661 2644 διακέοιντο
681 2610 722 2644 Β.
742 2610 909 2644 ὃιακοῖντο
930 2609 1114 2656 [διάκοιντο
1133 2609 1274 2656 Migne]
1297 2610 1415 2646 Holst.
1436 2611 1503 2646 Ed.
1636 2625 1668 2656 4.
1696 2613 1757 2656 μὲν
1774 2625 1844 2647 orn.
1863 2613 1956 2648 Aub.

369 2665 403 2700 5.
430 2658 448 2689 ὁ
466 2663 690 2700 assumptum
707 2668 747 2690 ex
766 2668 796 2691 a.
943 2657 976 2691 6.
1003 2658 1089 2702 χρῆν
1107 2657 1162 2700 Β.,
1180 2657 1241 2691 sed
1260 2658 1363 2702 ἐχρῆν
1380 2665 1419 2692 ut
1436 2658 1508 2692 vid.
1527 2670 1557 2692 a.
1702 2660 1734 2694 8.
1761 2658 1846 2704 ἦραν
1862 2660 1957 2695 Aub.

374 2713 428 2746 13.
454 2702 601 2737 ἐπινοίας
618 2702 712 2737 Aub.
732 2703 850 2737 forsan
867 2715 885 2736 e
904 2703 980 2738 Cat.
1003 2704 1102 2739 Harl.
1259 2715 1312 2746 14.
1339 2707 1412 2740 ταῖς
1432 2705 1473 2738 Β.
1492 2720 1528 2739 τε
1550 2705 1611 2740 Ht.
1631 2705 1697 2740 Ed.
1773 2707 1959 2750 μαρτυρίας

371 2748 508 2793 Migne.
558 2748 685 2783 Statim
701 2749 986 2794 πληροφορήσειν
1006 2750 1047 2784 Β.
1195 2761 1248 2793 19.
1274 2751 1332 2784 ἅτε
1349 2763 1379 2784 a.
1398 2751 1475 2785 Cat.
1498 2752 1596 2785 Harl.
1613 2752 1669 2795 (ex
1688 2752 1798 2795 Aub.)
1817 2753 1871 2786 καὶ
1889 2753 1957 2787 Ed.

371 2804 427 2829 20.
453 2795 656 2829 ἐκπίπτουσι
674 2807 703 2830 a.
810 2797 863 2830 καὶ
882 2803 1106 2841 assumptum
1125 2808 1166 2830 ex
1185 2808 1216 2830 a.
1407 2808 1463 2831 21.
1489 2799 1663 2832 ποιεῖσθαι
1680 2810 1711 2832 a.
1728 2800 1868 2842 ποιῆσαι
1889 2799 1956 2834 Ed.

368 2841 427 2874 τὸν
444 2842 596 2885 Χριστὸν
613 2841 811 2877 emendavit
829 2842 922 2877 Aub.
940 2854 958 2876 e
980 2842 1056 2877 Cat.
1081 2843 1193 2883 Harl„
1212 2855 1323 2888 quum
1347 2843 1512 2878 exhibent
1535 2845 1573 2878 τὸ
1598 2848 1675 2879 νῶτι
1698 2844 1876 2879 διέπτεστε
1902 2845 1955 2886 Β.,

369 2888 416 2932 τῷ
434 2889 479 2933 νῷ
496 2888 528 2921 τί
545 2887 758 2922 διέπταισται
780 2889 842 2923 Ht.
910 2889 1070 2924 Fortasse
1086 2890 1125 2924 τὸ
1149 2892 1227 2924 νῶτι
1252 2905 1281 2916 =
1307 2890 1364 2924 τὸν
1381 2890 1443 2932 ὅτι,
1462 2890 1613 2934 Χριστὸν
1630 2891 1773 2932 omisso,
1791 2891 1886 2926 unde
1904 2891 1956 2926 ὅτι

371 2933 563 2968 emendavi.
583 2934 618 2968 τί
635 2934 702 2968 Ed.
