2084 3317
337 606 471 652 ΤΟΥ
518 606 614 652 ΕΝ
659 605 893 652 ΑΓΙΟΙΣ
942 604 1223 650 ΠΑΤΡΟΣ
1273 603 1473 649 ΗΜΩΝ

574 776 1238 848 ΚΥΡΙΛΛΟΥ

420 970 904 999 ΑΡΧΙΕΠΙΣΚΟΠΟΥ
944 967 1392 1000 ΑΛΕΞΑΝΔΡΕΙΑΣ

211 1117 322 1164 ΕΙΣ
373 1117 467 1166 ΤΟ
521 1117 709 1165 ΚΑΤΑ
764 1115 1091 1164 ΙΩΑΝΝΗΝ
1144 1113 1601 1187 ΕΥΑΓΓΕΛΙΟΝ.Δ

71 1301 93 1339 5
610 1313 856 1342 BIBAION
906 1310 1205 1341 ΠΕΜΠΤΟΝ.

1720 1435 1741 1459 a
1773 1426 1859 1460 442
1874 1424 1925 1459 A.

123 1495 303 1545 ’ἙλεΓον
341 1494 414 1538 οὖν
452 1511 563 1538 τινες
599 1496 647 1538 ἐκ
684 1495 771 1537 τῶν
802 1494 1161 1552 Ἱεροσολυμιτῶν
1200 1492 1286 1548 Οὐχ
1323 1489 1449 1533 οῧτόε
1486 1490 1599 1532 ἐστιν
1637 1491 1685 1533 ὃν
1725 1503 1772 1540 25

650 1594 840 1648 ζΗτοῦσιν
878 1586 1131 1631 ἀποκτεῖναι
1148 1608 1157 1641 5

185 1717 481 1768 ιΕΟΡΤΗΣ
507 1717 654 1780 οὔσης
688 1718 772 1779 τῆς
805 1713 925 1766 κατὰ
961 1713 1106 1777 νόμον
1132 1713 1461 1777 σκηνοπηγίας
1491 1735 1701 1763 κατωνο-

113 1799 371 1863 μασμένης,
411 1799 488 1848 καὶ
525 1797 582 1866 ἐξ
617 1796 824 1862 ἁπάσης,
859 1799 920 1850 ὡς
961 1795 1071 1849 ε”πος
1110 1799 1267 1857 εἰπεῖν,
1306 1797 1388 1858 τῆς
1427 1795 1706 1859 περιοικίδος

49 1903 97 1928 10
114 1878 570 1946 συνδεδραμηκότων
601 1880 841 1930 Ἰουδαίων
874 1882 937 1932 εἷς
962 1877 1292 1944 Ἱεροσόλυμα·
1340 1881 1479 1927 τοῦτο
1517 1874 1611 1941 γὰρ
1649 1873 1707 1939 ἦν

114 1961 169 2014 τὸ
212 1966 279 2031 τῷ
325 1961 552 2030 νομοθέτῃ
598 1963 783 2012 δοκοῦν·
841 1960 928 2025 τὴν
971 1959 1089 2027 πρὸς
1135 1959 1347 2012 ἅπαντας
1392 1957 1708 2009 διδασκαλίαν

114 2047 311 2096 ἐποιεῖτο
355 2043 582 2110 Χριστός.
650 2045 704 2095 οὐ
745 2042 839 2109 γὰρ
882 2046 1033 2107 δήπου
1074 2041 1234 2106 μόνοις
1272 2039 1568 2108 προσελάλει
1612 2044 1708 2092 τοῖς

115 2128 338 2181 ἀστικοῖς.
394 2127 562 2177 οὐκοῦν
601 2124 783 2190 ἀνάγκη
824 2125 974 2191 ζητεῖν
1012 2123 1095 2175 τόν
1133 2146 1186 2189 γε
1227 2123 1352 2176 ὅλως
1392 2124 1706 2189 χρηστομαθῆ
1726 2135 1753 2175 b

115 2210 192 2260 καὶ
219 2209 466 2277 φιλήκοον,
491 2208 540 2258 τί
570 2206 624 2258 τὸ
660 2206 877 2260 πεπεικὸς
914 2205 998 2257 τὸν
1027 2210 1151 2256 θεῖον
1177 2205 1287 2269 ἡμῖν
1314 2202 1704 2269 Εὐαγγελιστὴν,

52 2312 98 2351 15
115 2290 201 2355 τὴν
242 2289 326 2354 μὲν
367 2291 526 2353 ἄλλην
567 2287 763 2340 ἅπασαν
802 2293 897 2339 τῶν
934 2288 1175 2339 Ἰουδαίων
1215 2283 1395 2352 ἀγέλην
1442 2289 1710 2336 σιωπῶσαν

117 2371 336 2439 εἰσάγειν,
362 2372 732 2440 Ἱεροσολυμίταις
770 2369 818 2421 δὲ
856 2370 1014 2434 μόνοις
1049 2369 1132 2419 τὸν
1163 2370 1237 2419 ἐπὶ
1268 2367 1419 2437 τούτῳ
1450 2366 1710 2434 προσάψαι

117 2455 280 2520 λόγον·
315 2455 363 2505 τί
385 2453 434 2504 δὲ
461 2453 552 2518 ἄρα
578 2452 902 2516 διεσκεμμένοι
930 2453 1006 2502 καὶ
1033 2452 1139 2502 καθ’
1163 2448 1352 2503 ἑαυτοὺς
1378 2447 1711 2512 ἐνθυμούμενοι

117 2535 177 2587 τὰ
204 2535 396 2587 τοιαῦτά
428 2541 600 2603 φασιν·
642 2537 810 2602 σχῆμα
845 2533 937 2601 γὰρ
974 2537 1040 2603 τῷ
1072 2531 1206 2601 λόγῳ
1232 2530 1537 2597 περιτέθειται
1562 2529 1706 2592 βαθύ.

166 2667 199 2700 9.
224 2653 420 2698 παροικίδος
439 2652 506 2686 Ed.
526 2664 567 2686 ex
585 2664 701 2686 errore
721 2652 910 2686 Holstenii.
1039 2662 1092 2685 11.
1119 2651 1158 2684 τὸ
1176 2663 1247 2685 om.
1268 2651 1330 2684 Ht.
1350 2648 1418 2683 Ed.
1556 2660 1609 2693 13.
1634 2663 1710 2693 χρι-

120 2702 275 2746 στομαθῆ
297 2701 360 2734 Ht.
376 2699 470 2733 Aub.
618 2711 671 2741 14.
699 2699 776 2743 ἡμῖν
794 2704 1017 2743 assumptum
1037 2710 1077 2731 ex
1098 2698 1139 2731 B.
1288 2696 1340 2731 16.
1365 2695 1657 2739 Ἱεροσολυμίταις
1675 2695 1711 2729 δέ

118 2765 233 2808 μόνοις
250 2762 425 2797 edidimus
449 2774 491 2796 ex
513 2761 757 2796 emendatione
778 2762 907 2807 Heyse.
926 2761 1205 2806 Ἱεροσολυμίτας
1228 2761 1264 2794 δέ
1287 2752 1410 2803 μόνους
1431 2758 1571 2793 exhibet
1590 2758 1632 2792 B.
1650 2758 1712 2792 Ἱε-

120 2825 351 2873 ροσολυμίτας
377 2827 412 2860 δὲ
437 2827 559 2870 μόνους
585 2825 652 2860 Ed.
726 2826 851 2860 Statim
870 2827 928 2859 τὸν
945 2825 1000 2858 ἐπὶ
1025 2823 1156 2859 τούτοις
1179 2823 1364 2867 προσάψαι
1387 2823 1494 2867 λόγον
1514 2820 1555 2854 Β.
1574 2824 1640 2854 τῶν
1658 2820 1713 2855 ἐπὶ

120 2890 228 2936 τούτῳ
245 2890 431 2935 προσάψαι
449 2891 564 2934 λόγων
583 2889 648 2924 Ed.
838 2890 891 2923 18.
919 2880 1037 2933 σχῆμα
1060 2887 1098 2921 ss.
1167 2886 1327 2920 Adnotat
1345 2885 1440 2919 Aub.
1460 2897 1496 2919 se
1515 2885 1632 2929 σχῆμα
1651 2895 1714 2928 pro

122 2938 259 2984 σχίσμα
277 2936 529 2972 emendavisse.
