2084 3317
321 157 402 196 148
722 156 770 196 B.
803 153 1078 195 CYRILLI
1120 152 1500 194 ALEXANDR.
1791 151 1818 191 i.
1841 151 1905 190 16.

320 263 543 314 ἁπάντων
571 265 653 314 οὐκ
679 264 726 314 ἐν
752 262 906 332 χρόνῳ
932 260 1275 328 προσγεγονὸς,
1295 261 1408 311 ἀλλ’
1437 259 1702 328 ἐνυπάρχον
1727 259 1906 310 ἄνωθεν

281 371 302 397 ο
322 349 383 400 ὡς
418 349 526 415 Θεῷ
561 345 680 396 κατὰ
713 344 878 412 φύσιν,
911 342 1335 405 διαβεβαιούμενος.
1391 338 1433 403 ἧν
1465 342 1558 408 γάρ
1593 367 1678 408 μου
1715 340 1904 408 πρῶτος,

256 1009 300 1044 16

277 1060 301 1100 d

102 2381 187 2414 100
204 2380 255 2414 A.
286 2390 307 2413 a

321 430 487 497 φησὶν,
508 429 609 478 ἀντὶ
636 433 718 479 τοῦ
746 429 813 477 ἀεὶ
842 428 916 477 καὶ
944 425 1019 476 διὰ
1043 423 1221 477 παντὸς
1248 425 1448 486 ἀμείνων
1468 425 1542 474 καὶ
1569 421 1906 491 ἐπιδοξότερος·

321 509 398 560 διὰ
446 509 492 560 δὲ
545 512 625 572 τῆς
676 508 795 574 πρὸς
845 508 924 557 ἕνα
971 511 1065 557 τῶν
1106 509 1317 571 γενητῶν
1361 505 1670 570 συγκρίσεως,
1714 505 1742 568 ἡ
1788 503 1908 554 κατὰ

319 590 512 642 πάντων
538 593 706 658 ψῆφος
732 591 797 657 τῷ
825 587 939 654 ὑπὲρ
965 586 1147 641 πάντας
1171 587 1443 653 συνάγεται.
1488 587 1541 636 οὐ
1568 585 1661 651 γὰρ
1687 587 1735 636 ἐν
1759 585 1909 654 τούτῳ
1930 603 1952 641 5

320 675 394 722 καὶ
433 671 578 733 μόνον
618 670 670 721 τὸ
709 671 832 735 με’γα
872 671 947 720 καὶ
986 668 1284 738 ἀξιάγαστον
1323 674 1405 719 τοῦ
1446 671 1563 718 Υὶοῦ
1608 666 1911 733 θεωρήσομεν

320 754 519 822 ἀξίωμα,
549 755 596 803 ἐν
628 754 694 821 τῷ
733 751 819 816 τὴν
845 750 1065 802 Ἰωάννου
1104 750 1250 819 δόξαν
1280 752 1602 816 ὑπερδραμεῖν,
1631 749 1741 798 ἀλλ’
1770 749 1818 798 ἐν
1844 749 1911 817 τῷ

320 834 480 898 πάσης
509 836 810 899 ὑπερκεῖσθαι
838 835 1035 899 γενητῆς
1061 833 1242 885 οὐσίας.

403 1012 501 1053 ’Ὁτι
539 1012 585 1052 ἐκ
622 1015 695 1052 τοῦ
735 1010 1028 1067 ΠλΗρώματοε
1067 1010 1196 1050 αὐτοῦ
1237 1005 1358 1056 &stt-:Tc
1396 1007 1554 1048 Πάντες
1591 1006 1817 1056 ἐλάβομεν.

395 1138 702 1204 Ἀποδέχεται
730 1135 804 1186 διὰ
831 1135 1009 1185 τούτων
1036 1133 1122 1198 τὴν
1146 1136 1301 1197 ἀληθῆ
1329 1138 1411 1183 τοῦ
1437 1137 1709 1193 βαπτιστοῦ
1735 1152 1911 1196 μαρτυ-
1935 1155 1983 1181 10

320 1220 426 1283 ρίαν
453 1221 476 1269 ὁ
515 1217 893 1284 Εὐαγγελιστὴς,
922 1218 997 1267 καὶ
1036 1218 1174 1282 σαφῆ
1212 1219 1408 1266 ποιεῖται
1444 1213 1529 1277 τὴν
1556 1213 1796 1280 ἀπόδειξιν
1828 1214 1912 1275 τῆς

319 1306 402 1351 τοῦ
436 1303 657 1366 Σωτῆρος
691 1300 822 1362 ἡμῶν
858 1301 1105 1365 ὑπεροχῆς,
1138 1300 1212 1348 καὶ
1251 1302 1334 1347 τοῦ
1374 1299 1629 1359 κεκτῆσθαι
1669 1293 1722 1345 τὸ
1760 1292 1912 1344 πλεόν

321 1383 561 1435 οὐσιωδῶς
597 1380 715 1431 κατὰ
752 1379 928 1433 παντὸς
964 1386 1175 1445 γενητοῦ,
1203 1377 1322 1429 κατά
1355 1400 1404 1428 τε
1441 1376 1526 1441 τὴν
1562 1376 1708 1445 δόξαν
1743 1374 1908 1438 αὐτὴν,

319 1466 423 1530 περὶ
449 1464 502 1528 ῆς
531 1465 555 1514 ὁ
583 1462 729 1529 λόγος
755 1462 972 1527 μάλιστα
1000 1467 1094 1524 νῦν,
1114 1463 1189 1512 καὶ
1216 1459 1298 1511 τὸν
1319 1460 1393 1510 ἐπὶ
1416 1464 1510 1512 τοῖς
1536 1458 1702 1510 ἄλλοις
1730 1456 1913 1507 ἅπασιν

320 1548 515 1611 ἀγαθοῖς
543 1546 708 1596 εὐκλεᾶ
736 1544 1022 1609 κατάλογον.
1078 1543 1252 1610 ἄριστα
1279 1541 1371 1607 γάρ
1396 1563 1488 1603 μοι,
1517 1541 1653 1609 φησὶ,
1682 1540 1755 1589 καὶ
1784 1540 1905 1602 ἀλη-
1937 1560 1983 1600 15

322 1628 533 1678 θέστατα
568 1627 724 1693 λε’γων
761 1628 785 1677 ὁ
824 1624 1096 1689 βαπτιστὴς
1135 1625 1442 1692 ἀναφαίνεται
1480 1623 1583 1688 περὶ
1622 1627 1705 1672 τοῦ
1742 1624 1911 1671 Μονο-

323 1715 484 1775 γενοῦς
513 1708 672 1760 ““Orc
710 1709 895 1775 πρῶτός
927 1731 1018 1771 μου
1052 1706 1150 1771 ἧν,”
1180 1706 1412 1768 τουτέστι,
1438 1703 1566 1756 πολὺ
1603 1703 1658 1767 δὴ
1695 1704 1916 1769 κρείττων

323 1795 396 1842 καὶ
424 1792 636 1855 ἀμείνων.
676 1793 771 1842 ἐπεὶ
801 1792 876 1841 καὶ
903 1789 1066 1844 πάντες
1094 1791 1215 1857 ἡμεῖς
1243 1791 1283 1838 οἱ
1304 1791 1367 1840 εἷς
1385 1785 1467 1838 τὸν
1490 1790 1583 1836 τῶν
1606 1784 1754 1849 ἁγίων
1774 1807 1916 1835 κατα-

322 1873 595 1939 τεταγμένοι
629 1873 786 1941 χορὸν,
818 1872 871 1923 τὸ
911 1872 1027 1922 ’ίδιον
1061 1872 1202 1921 αὐτοῦ
1240 1868 1756 1932 καταπεπλουτήκαμεν
1790 1869 1910 1932 ἀγα-

323 1955 421 2017 θον,
449 1958 524 2006 καὶ
551 1961 646 2009 τοῖς
673 1956 842 2006 ἐκείνου
869 1958 1061 2017 μᾶλλον
1086 1953 1204 2018 ἤπερ
1232 1957 1326 2005 τοῖς
1359 1953 1522 2014 ἑαυτῆς
1557 1949 1915 2011 ἐπισεμνύνεται
1936 1972 1986 1998 20

323 2037 732 2102 πλεονεκτήμασιν
775 2037 802 2100 ἡ
854 2035 1104 2102 ἀνθρώπου
1149 2035 1309 2102 φύσις,
1354 2033 1467 2084 ὅταν
1511 2029 1689 2100 ἔχουσά
1732 2054 1777 2081 τι
1821 2035 1916 2081 τῶν

324 2118 633 2188 ἀξιαγάστων
661 2120 947 2185 εὑρίσκηται·
991 2116 1086 2168 ἀπὸ
1121 2116 1213 2183 γὰρ
1245 2118 1312 2166 τοῦ
1348 2115 1648 2183 πληρώματος
1674 2118 1757 2164 τοῦ
1783 2115 1916 2175 Υὶοῦ,

325 2201 537 2266 καθάπερ
556 2201 612 2269 ἐξ
635 2199 830 2251 ἀεννάου
857 2202 1027 2265 πηγῆς,
1047 2200 1072 2262 ἡ
1099 2203 1193 2249 τῶν
1214 2198 1348 2249 θείων
1369 2194 1680 2264 χαρισμάτων
1703 2194 1917 2255 ἀναβλύ-

326 2281 473 2348 ζουσα
512 2282 646 2336 δόσις
684 2286 746 2336 εἰς
785 2282 990 2345 ἑκάστην
1022 2281 1205 2347 ἔρχεται
1244 2279 1421 2346 ψυχὴν,
1454 2277 1573 2342 ἥπερ
1614 2274 1671 2326 ἂν
1701 2276 1916 2345 φαίνοιτο

327 2371 409 2415 τοῦ
448 2369 616 2425 λαβεῖν
646 2365 770 2433 ἀξία.
829 2368 866 2415 εἰ
900 2363 948 2414 δὲ
974 2367 1173 2430 χορηγεῖ
1198 2359 1280 2424 μὲν
1308 2363 1370 2412 ὡς
1406 2361 1455 2410 ἐκ
1492 2364 1697 2426 φυσικοῦ
1733 2358 1911 2426 πληρώ-
1937 2375 1985 2415 25

325 2471 470 2514 ματος
510 2448 535 2498 ὁ
570 2445 698 2509 Υἱὸς,
733 2450 1001 2513 χορηγεῖται
1041 2443 1089 2494 δὲ
1124 2444 1151 2507 ἡ
1191 2443 1359 2494 κτίσις·
1414 2445 1514 2494 πῶς
1552 2442 1633 2490 οὐκ
1672 2438 1729 2491 ἂν
1762 2445 1914 2490 νοοῖτο

327 2528 497 2580 λοιπὸν
528 2529 616 2596 οὐχ
655 2528 818 2592 ὁμοίαν
850 2527 970 2594 ἔχων
1003 2530 1099 2579 τοῖς
1139 2525 1308 2577 ἄλλοις
1346 2522 1431 2586 τὴν
1467 2522 1625 2591 δόξαν,
1657 2523 1766 2572 ἀλλ’
1797 2523 1915 2588 ἥπερ

375 2685 407 2707 2.
433 2688 497 2716 μου
515 2685 585 2707 om.
606 2686 634 2707 a.
826 2672 859 2706 6.
886 2671 938 2705 καὶ
957 2670 1052 2715 prius
1071 2681 1140 2704 om.
1158 2681 1188 2703 a.
1251 2669 1375 2702 Statim
1393 2667 1592 2712 μόνον’Β.ει.
1610 2668 1700 2712 μόνῳ
1721 2665 1826 2700 Cord.
1847 2665 1914 2700 Ed.

327 2720 424 2765 Υἱοῦ]
447 2722 535 2754 Θεοῦ
554 2719 661 2753 Cord.
843 2731 895 2761 14.
921 2719 1073 2760 μάλιστα
1092 2719 1148 2750 νῦν
1168 2716 1208 2749 Β.
1226 2717 1318 2760 μάλα
1337 2716 1404 2749 νυνὶ
1427 2714 1492 2749 Ed.
1673 2723 1726 2758 17.
1753 2713 1792 2757 δὴ
1810 2718 1843 2746 et
1861 2713 1916 2746 καὶ

327 2767 480 2811 ἀμείνων.
515 2767 586 2801 ἐπεὶ
606 2767 658 2800 καὶ
675 2767 796 2801 πάντες
814 2777 883 2799 om.
903 2765 957 2804 B.‚
976 2764 1093 2797 invitis
1112 2762 1218 2797 Cord.
1238 2769 1270 2796 et
1290 2762 1344 2805 (ut
1363 2761 1448 2804 vid.)
1466 2773 1496 2795 a.
1715 2760 1767 2793 18.
1793 2758 1913 2804 ἁγίων]

327 2817 459 2848 πιστῶν
476 2825 507 2847 a.
640 2825 692 2857 19.
719 2814 757 2846 τὸ
775 2809 1051 2855 ἴδιον-ἀγαθὸν]
1073 2810 1108 2843 ἐκ
1126 2812 1191 2843 τῶν
1209 2808 1301 2842 ἰδίων
1318 2808 1420 2842 αὐτοῦ
1437 2806 1715 2850 πεπλουτὴκαμεν
1732 2806 1867 2851 ἀγαθῶν
1884 2817 1915 2840 a.

328 2858 691 2903 καταπεπλουτὴκαμεν
711 2859 751 2893 Β.
769 2857 1047 2901 πεπλουτὴκσμεν
1064 2868 1095 2891 a.
1115 2855 1223 2890 Cord.
1243 2854 1308 2888 Ed.
1492 2865 1546 2888 20.
1573 2854 1690 2896 ἑαυτῆς
1708 2853 1762 2886 ἐπι
1779 2864 1849 2886 orn.
1872 2852 1913 2886 Β.

331 2907 427 2940 Haec
445 2907 601 2940 clausula
619 2906 714 2939 deest
732 2906 766 2938 in
787 2905 940 2939 Catenis.
1078 2914 1133 2945 24.
1160 2900 1253 2946 εἴπερ
1273 2901 1379 2936 Οοι·(1.
1524 2909 1580 2945 27.
1606 2901 1676 2934 τοῖς
1692 2898 1812 2934 ἄλλοις
1828 2899 1917 2943 ἔχων

329 2953 467 2986 inverso
486 2952 606 2986 ordine
628 2952 682 2993 B„
702 2952 819 2986 invitis
839 2950 992 2985 Catenis.
