2084 3317
132 330 215 360 Gen.
234 329 277 358 ix.

134 373 164 403 6.

354 211 438 251 338
757 205 806 245 B.
840 199 1113 244 CYRILLI
1156 193 1536 241 ALEXANDR.
1810 199 1849 225 v,
1871 195 1935 238 23.

359 323 483 370 Θεοῦ
528 318 602 369 καὶ
646 316 717 384 ἐφ’
760 314 891 378 ἡμῶν
935 312 1087 362 αὐτῶν
1132 306 1392 374 εὑρήσομεν
1433 310 1459 331 “
1485 302 1548 352 O
1588 298 1680 365 γὰρ
1724 291 1936 361 ἐκχέων,”

360 402 526 470 φησιν,
565 407 590 428 “
618 397 732 461 αἱμα
772 394 1023 489 ἀνθρώπου
1062 392 1163 441 ἀντὶ
1206 393 1288 438 τοῦ
1327 386 1520 447 αἵματος
1559 382 1700 433 αὐτοῦ
1739 374 1937 444 ἐκχυθή-

136 503 291 538 229Α.
320 490 388 536 {2⁶⁶
413 505 563 542 σεται,
597 480 668 531 ὅτι
707 481 753 529 ἐν
788 476 926 528 εἰκόνι
964 478 1088 525 Θεοῦ
1127 471 1329 533 ἐποίησα
1366 466 1448 518 τὸν
1484 461 1763 530 ἄνθρωπον]
1833 459 1945 525 ὁρᾷς

160 2544 244 2584 Eph.
261 2544 306 2574 iii.

163 2597 175 2618 1
184 2597 211 2627 5.

336 565 457 627 ὀῦν,
484 565 648 632 φησιν,
675 560 764 624 ἤδη
792 557 867 609 διὰ
893 555 1075 617 τούτου,
1102 577 1175 604 και
1202 550 1334 614 μάλα
1360 548 1582 617 σαφῶς,
1569 545 1639 596 ότι
1665 546 1746 607 τῆς
1773 538 1945 592 εἰκόνος

361 643 677 708 ἀδικουμένης,
724 664 800 692 και
844 641 947 706 οὐχι
991 636 1180 689 πάντως
1231 636 1313 697 τῆς
1366 632 1490 684 θείας
1541 628 1682 679 αὐτοῦ
1732 623 1942 692 φύσεως,
1968 642 1990 681 5

361 731 640 794 ἀγανακτεῖν
684 723 824 774 o'cerotc
869 725 962 772 δεῖν
1006 721 1030 770 6
1077 717 1198 770 Θεὸς
1243 739 1318 766 και
1358 711 1562 810 Πατηρ·
1553 751 1564 773 ,
1621 709 1786 760 οὐκοῦν
1829 702 1948 755 κατὰ

361 815 528 861 τοῦτον
555 807 754 858 νοείσθω
780 827 829 855 τε
856 806 931 854 καὶ
958 800 1300 868 ἐσχηματίσθω
1326 796 1409 848 τὸν
1434 792 1610 860 τρόπον
1630 789 1683 842 τὸ
1711 786 1949 855 εἰρημένον

361 890 491 957 παρὰ
516 892 736 956 Χριστοῦ
759 887 819 938 O
846 910 906 984 μη
933 908 1068 953 τιμων
1093 907 1159 934 τον
1185 880 1278 932 ’Υἱον
1303 877 1406 930 οὐδὲ
1433 901 1499 928 τον
1528 886 1710 943 Hmepoe
1736 874 1867 967 τιμᾷι..

430 970 540 1039 '’Ap
563 972 644 1022 οῦν
671 971 762 1040 ἐξω
788 969 992 1020 κείσεται
1018 966 1121 1029 μεθ’
1148 964 1278 1028 ἡμῶν
1305 963 1386 1025 τῆς
1411 963 1494 1010 τοῦ
1520 953 1711 1020 Πατρὸς
1736 952 1900 1004 οὐσίας
1926 949 1951 998 6

320 1060 347 1101 b
369 1053 678 1120 Μονογενής·
668 1095 679 1115 ,
720 1056 821 1105 πῶς
848 1051 928 1100 οῦν
953 1071 1017 1099 ετι
1044 1045 1162 1098 κατὰ
1188 1044 1337 1114 φύσιν
1358 1040 1478 1094 Θεός
1504 1042 1648 1099 ἐστιν,
1675 1036 1801 1100 ε’ίπερ
1828 1032 1951 1084 ὅλως
1975 1057 2031 1083 ιο

364 1138 599 1207 ἐξώλισθε
642 1140 736 1187 τῶν
777 1156 857 1196 της
902 1129 1122 1194 θεότητος
1168 1128 1303 1194 όρων,
1344 1127 1391 1175 ἐν
1431 1123 1522 1174 ὶδια
1565 1143 1652 1171 τινι
1696 1117 1839 1185 φύσει
1877 1115 1953 1165 καὶ

365 1220 542 1288 ἑτεροια
582 1220 801 1281 κείμενος,
838 1214 864 1279 ἦ
905 1216 952 1265 ἐν
989 1212 1108 1281 ᾑπερ
1147 1213 1276 1262 ἐστιν
1313 1209 1337 1258 6
1374 1205 1578 1270 Πατηρ·
1568 1244 1579 1266 ,
1624 1204 1871 1263 ἀδικοῦμεν
1906 1197 1954 1248 δε

366 1302 485 1354 κατὰ
524 1301 578 1352 τὸ
617 1299 748 1361 εἰκὸς,
788 1302 849 1351 εἰς
889 1319 967 1347 ενα
1008 1293 1224 1358 θεότητος
1269 1287 1630 1353 ἀναβιβάζοντες
1675 1282 1834 1347 λόγον,
1874 1281 1956 1343 τῆς

367 1384 504 1450 ἁγίας
543 1381 748 1449 Τριάδος
787 1402 872 1443 την
911 1377 1156 1444 σύνταξιν.
1209 1374 1297 1425 ἐδει
1338 1371 1430 1437 γὰρ
1469 1369 1558 1420 ἔδει
1597 1364 1766 1417 λοιπὸν
1804 1384 1956 1427 προσ-

369 1471 520 1518 κυνεῖν
555 1488 638 1527 μεν
670 1465 789 1527 ἡμᾶς
826 1464 887 1514 ὡς
924 1458 1049 1511 Θεὸν
1073 1457 1156 1508 τὸν
1184 1455 1389 1520 Πατερα,
1417 1451 1562 1520 δόξαν
1588 1448 1643 1499 δε
1674 1469 1777 1497 τινα
1810 1443 1958 1496 πάλιν
1982 1463 2029 1502 15

372 1550 490 1600 ιδιαν
518 1546 764 1609 ἀπονέμειν
790 1548 856 1595 τῶ
883 1545 985 1612 Υιῶ
1022 1564 1096 1592 και
1130 1542 1197 1589 τῶ
1233 1535 1485 1600 Πνεύματι,
1514 1535 1575 1587 ὡς
1611 1534 1672 1584 εἷς
1707 1527 1961 1595 διαφόρους

373 1630 744 1697 κατασχίζοντας
783 1626 965 1695 φύσεις,
1000 1625 1073 1674 καὶ
1108 1622 1224 1673 ἰ’διον
1255 1617 1442 1687 ἑκάστῳ
1479 1613 1562 1667 τὸν
1598 1617 1680 1664 τοῦ
1718 1614 1820 1664 πῶς
1858 1609 1961 1658 ἐστι

334 1732 356 1758 0
374 1711 656 1779 διορίζοντας
682 1709 850 1775 λόγον·
893 1706 1002 1757 ἀλλ’
1031 1705 1112 1756 ἕνα
1138 1702 1264 1755 Θεὸν
1290 1701 1399 1765 ἡμῖν
1426 1702 1472 1750 αἱ
1499 1701 1614 1749 θεῖαι
1641 1690 1963 1761 πρεσβεύουσι

373 1796 570 1862 γραφαι,
603 1791 685 1843 τὸν
710 1790 828 1842 Υιὸν
862 1793 929 1858 τῷ
967 1787 1122 1853 Πατρι
1162 1787 1236 1836 καὶ
1274 1782 1328 1834 τὸ
1365 1785 1562 1843 Πνεῦμα
1599 1795 1963 1833 συνταττουσαι,

374 1878 436 1930 ὡς
463 1874 538 1927 δια
564 1877 647 1939 τῆς
674 1872 931 1924 οὐσιώδους
958 1871 1033 1921 καὶ
1066 1864 1442 1933 ἀπαραλλάκτου
1476 1859 1771 1922 ταυτότητος,
1797 1860 1859 1909 εἷς
1884 1854 1963 1905 ἕνα
1986 1876 2038 1905 20

375 1957 593 2022 θεότητος
631 1952 980 2024 ἀναφερομενης
1019 1949 1167 2016 λόγον
1197 1951 1280 2013 τῆς
1315 1947 1452 2013 ἁγιας
1486 1940 1703 2010 Τριάδος.
1756 1939 1839 1989 οὐκ
1874 1959 1966 2002 αρα

375 2042 479 2093 ἐστὶ
514 2043 596 2103 τῆς
631 2043 713 2089 τοῦ
749 2035 1067 2103 γεννήσαντος
1105 2031 1296 2100 φύσεως
1329 2027 1582 2093 ἀλλότριος
1610 2024 1634 2074 6
1663 2018 1962 2086 Μονογενὴς,

377 2124 488 2174 ἀλλ’
516 2122 614 2173 οὐδ
653 2118 711 2170 ἀν
745 2118 868 2171 ὅλως
894 2115 1008 2169 Υιὸς
1046 2113 1271 2180 ὑπάρχων
1307 2115 1457 2162 νοοῖτο
1497 2105 1616 2158 κατὰ
1655 2104 1895 2167 ἀλήθειαν,
1930 2103 1967 2150 εἶ

377 2206 442 2270 μὴ
481 2207 530 2256 ἐκ
568 2206 650 2266 τῆς
690 2207 773 2252 τοῦ
811 2198 1026 2251 τεκόντος
1065 2195 1339 2265 ἐξέλαμψεν
1379 2191 1557 2244 οὐσίας·
1615 2191 1821 2238 τοιοῦτος
1860 2182 1967 2249 γὰρ,

380 2311 455 2339 και
482 2287 569 2354 οὐχ
595 2285 748 2350 ἕτερος
774 2285 822 2333 ἐν
847 2285 998 2333 πᾶσιν
1025 2280 1050 2330 6
1077 2281 1159 2342 τῆς
1186 2278 1392 2339 ἀληθοῦς
1421 2272 1631 2337 υιότητος
1667 2268 1772 2335 ὅρος
1807 2290 1857 2317 τε
1892 2288 1967 2316 και
1990 2284 2039 2324 25

379 2370 570 2437 τρόπος·
612 2370 731 2418 Υιοῦ
757 2364 806 2416 δε
838 2364 921 2415 οὐκ
945 2361 1094 2419 ὄντος,
1123 2355 1574 2423 συναναιρεθήσεται
1599 2350 1788 2404 πάντως
1814 2371 1889 2399 και
1914 2346 1969 2398 τὸ

336 2463 363 2504 d
382 2450 495 2503 εἶναι
524 2449 717 2515 Πατερα
743 2446 825 2498 τὸν
846 2444 985 2497 Θεόν.
1028 2447 1127 2496 πῶς
1155 2442 1235 2492 οῦν
1262 2438 1518 2503 ἀληθευσει
1544 2435 1699 2501 λεγων
1724 2433 1748 2483 6
1778 2435 1972 2482 Παῦλος

635 2537 654 2546 Α

381 2557 487 2600 περι
514 2555 656 2583 αυτου
683 2538 710 2559 “
730 2528 826 2598 Ἐξ
849 2527 903 2578 οῦ
929 2530 1066 2579 πᾶσα
1093 2522 1266 2590 πατριὰ
1295 2523 1342 2572 ἐν
1368 2544 1416 2572 τε
1449 2520 1630 2586 οὐρανῷ
1664 2539 1739 2567 και
1773 2515 1848 2565 ἐπὶ
1884 2514 1972 2578 γῆς

384 2625 410 2646 “
438 2613 741 2680 ὀνομάζεταις
747 2613 770 2627 ”
812 2613 850 2661 εἶ
887 2631 981 2676 γαρ
1017 2606 1082 2671 μὴ
1120 2626 1396 2671 γεγεννηκεν
1422 2602 1527 2671 εξ“
1507 2604 1671 2652 εαυτοῦ
1705 2598 1972 2660 θεοπρεπῶς

383 2699 466 2749 τὸν
497 2696 630 2757 Υιὸν,
668 2699 769 2747 πῶς
808 2694 856 2744 ἐν
895 2691 1021 2759 αὐτῷ
1059 2691 1142 2752 τῆς
1179 2685 1475 2753 πατρότητος
1514 2683 1541 2747 ἡ
1582 2679 1703 2748 ἀρχὴ
1745 2677 1973 2742 διήκουσα
1995 2696 2045 2732 30

385 2780 503 2832 κατὰ
529 2780 730 2843 μίμησιν
755 2775 834 2826 ἐπί
855 2797 905 2824 τε
932 2795 1040 2824 τους
1067 2769 1204 2822 ὄντας
1231 2771 1278 2819 ἐν
1305 2769 1486 2836 οὐρανῶ
1513 2767 1587 2816 καὶ
1619 2764 1693 2814 ἐπὶ
1728 2763 1810 2825 τῆς
1847 2761 1967 2824 γῆς
1956 2798 1969 2819 ,

433 2940 462 2968 4
493 2926 554 2969 ηδη
573 2924 627 2958 διὰ
644 2925 744 2957 τοῦτο
761 2923 870 2966 φησιν
890 2919 932 2953 Β.
1043 2927 1095 2950 10.
1122 2915 1216 2949 ἐστιν
1234 2915 1319 2949 Θεός
1337 2925 1394 2946 mv
1398 2923 1475 2946 erso
1492 2909 1614 2945 ordine
1632 2908 1675 2942 Β.
1785 2916 1838 2939 ΙΙ.
1863 2903 1975 2937 τοίνυν

387 2985 450 3017 nro
467 2987 529 3006 τινι
550 2971 592 3005 Β.
749 2979 801 3011 14.
828 2967 950 3000 λοιπὸν
966 2964 1056 2999 ἔδει
1050 2975 1108 2997 mv
1111 2974 1189 2996 erso
1207 2961 1328 2995 Ordine
1350 2959 1391 2993 Β.
1550 2966 1602 2999 15.
1629 2956 1687 2989 τὸν
1705 2968 1756 2988 και
1774 2950 1910 2995 Πατέρα
1930 2949 1976 2984 Β.

391 3031 442 3063 17.
470 3019 707 3062 διασχίζοντας
728 3015 767 3049 Β.
913 3023 967 3047 20.
995 3026 1046 3045 και
1066 3021 1135 3043 om.
1157 3008 1197 3042 B.
