2084 3317
148 153 217 195 vii.
241 168 304 207 24.
378 158 451 198 IN
494 160 535 200 S.
571 161 907 207 JOANNEM.
971 168 1095 210 LIB.
1130 172 1207 214 IV.
1270 175 1404 218 CAP.
1430 179 1506 219 VI.
1656 186 1735 223 625

142 262 308 324 με’νους
343 265 395 316 τὸ
429 267 584 329 μάννα
624 273 698 321 καὶ
733 273 781 322 ἐν
813 274 1051 345 σαββάτῳ
1088 280 1418 347 διεγνώκεσαν,
1451 290 1525 337 καὶ
1567 291 1649 339 οὐκ
1688 294 1735 341 ἐν

139 349 336 403 βουλαῖς
375 346 428 398 τὸ
467 349 691 414 τόλμημα
729 353 907 419 μόναις,
935 359 1047 408 ἀλλ’
1080 364 1141 414 εὶς
1179 362 1318 429 ε”ργον
1349 366 1438 432 ἤδη
1474 369 1527 419 τὸ
1564 373 1733 423 δοκοῦν

138 425 396 494 διεξήγετο.
439 431 715 496 ἐπισκήπτει
755 444 1004 503 τοιγαροῦν
1038 442 1113 492 διὰ
1152 450 1291 496 τοῦτο
1329 447 1477 499 πάλιν
1510 452 1667 505 αὐτοῖς
1705 456 1730 504 ὁ

136 508 389 574 νομοθέτης
427 513 507 563 καί
543 519 694 582 φησιν
735 516 908 573 ““Έως
946 520 1061 573 πότε
1100 526 1154 576 οὐ
1191 528 1431 587 βούλεσθε
1469 534 1730 585 εἰσακούειν

92 602 114 640 5
136 592 162 615 “
187 587 271 643 τὰς
305 592 501 648 ἐντολάς
535 619 625 657 μου
662 600 736 649 καὶ
774 598 857 651 τὸν
884 601 1028 667 νόμον
1053 629 1144 669 μου
1161 629 1174 670 3
1218 609 1347 673 ἰ’δετε,
1377 613 1402 662 ὁ
1429 611 1524 679 γὰρ
1553 615 1728 682 Κύριος

134 674 161 697 “
186 668 354 723 ε”δωκεν
381 675 488 735 ὑμῖν
513 675 600 740 τὴν
628 680 804 746 ἡμέραν
830 683 1005 750 ταύτην
1031 687 1276 750 σάββατα·
1318 692 1394 744 διὰ
1419 701 1559 747 τοῦτο
1586 697 1726 752 αὐτὸς

132 755 159 779 “
186 750 383 806 δέδωκεν
410 757 517 821 ὑμῖν
542 764 600 827 τῇ
627 762 776 832 ἡμέρᾳ
806 768 864 832 τῇ
897 766 1007 836 ἕκτῃ
1033 769 1203 836 ἄρτους
1231 772 1314 824 δύο
1340 774 1541 843 ἡμερῶν·
1584 781 1720 830 καθί-

129 838 157 860 “
182 840 332 887 σεσθε
370 837 569 895 ἕκαστος
607 846 670 896 εἷς
707 844 815 899 τοῦς
854 847 1008 903 οἴκους
1048 852 1191 917 ὑμῶν,
1221 858 1382 919 μηδεὶς
1419 859 1548 921 ὑμῶν
1579 862 1719 913 ἐκπο-

128 919 157 943 “
179 916 391 980 ρευέσθω
418 921 466 971 ἐκ
495 928 577 973 τοῦ
604 924 752 976 τόπου
777 928 922 979 αὐτοῦ
957 935 1016 999 τῇ
1052 933 1202 1004 ἡμέρᾳ
1236 941 1295 1005 τῇ
1332 938 1559 1010 ἑβδόμῃ.”
1606 944 1720 1013 ὁρᾷς
1738 970 1760 995 0

59 1015 107 1041 10
125 993 252 1050 ὅπως
277 997 363 1063 τὴν
390 1004 582 1067 ἱδρῶτος
607 1007 682 1056 καὶ
708 1007 855 1060 πόνου
881 1011 1059 1067 παντὸς
1089 1017 1339 1083 ἐλευθέραν
1364 1021 1475 1085 ἡμῖν
1500 1047 1713 1090 προανα·

122 1076 350 1131 πλάττων
377 1081 496 1148 ζωὴν
522 1086 572 1135 ἐν
598 1092 698 1142 ταῖς
732 1090 852 1142 κατὰ
887 1093 1037 1146 τύπον
1062 1098 1261 1164 ἀργίαις,
1289 1103 1406 1168 δρᾶν
1433 1105 1566 1156 οὐδὲν
1593 1106 1716 1162 ὅλως

120 1159 312 1227 ἐφίησιν
336 1165 385 1215 ἐν
409 1166 648 1239 σαββάτῳ
671 1192 683 1232 ;
728 1173 988 1239 συλλέγειν
1012 1176 1100 1240 μὲν
1132 1180 1226 1248 γὰρ
1262 1184 1345 1236 οὐκ
1382 1186 1450 1255 ἐᾷ,
1476 1210 1712 1254 προσεπι-

118 1240 275 1295 τάττει
309 1244 360 1297 δὲ
392 1247 557 1318 τούτῳ,
584 1254 659 1303 καὶ
694 1252 748 1304 τὸ
785 1259 955 1322 χρῆναι
988 1258 1072 1311 τὸν
1097 1260 1224 1315 οἷκον
1251 1266 1433 1333 ἀφέντα
1464 1271 1715 1334 μηδαμόσε

117 1329 298 1390 χωρεῖν,
326 1328 438 1379 ἀλλ’
465 1332 515 1381 ἐκ
550 1337 645 1384 τῶν
680 1337 806 1386 ἰδίων
838 1337 904 1402 μὴ
944 1341 1282 1409 ἐκπορεύεσθαι
1320 1349 1495 1402 τόπων.
1554 1355 1630 1404 καὶ
1669 1357 1719 1406 τί

50 1418 96 1456 15
116 1404 265 1458 πάλιν
297 1409 417 1473 ἡμᾶς
456 1412 533 1463 διὰ
571 1414 738 1468 τούτου
775 1419 1002 1479 βούλεται
1039 1431 1220 1489 μαθεῖν,
1249 1431 1561 1496 ἐκθησόμεθα,
1589 1459 1711 1502 συγ-

115 1488 244 1551 γενὲς
283 1491 409 1561 αὐτῷ
448 1497 524 1546 καὶ
564 1498 792 1554 ὡσαύτως
832 1501 942 1570 ε”χον
979 1509 1268 1572 παραθέντες
1304 1512 1463 1579 ῥητόν.
1523 1540 1705 1583 προσε·

113 1567 253 1621 λάλει
290 1582 542 1642 τοιγαροῦν
581 1579 606 1628 ὁ
643 1580 870 1648 μακάριος
907 1587 1158 1656 προφήτης
1190 1592 1412 1659 Ἱερεμίας
1453 1603 1549 1652 τοῖς
1582 1601 1700 1652 Ἰου-
1724 1611 1750 1651 d

111 1651 256 1706 δαιόις
282 1655 371 1705 ὡδί
392 1664 420 1686 “
439 1659 566 1710 Τάδε
601 1662 730 1727 λε’γει
761 1665 934 1732 Κύριος
965 1670 1220 1740 Φυλάξατε
1255 1674 1339 1730 τὰς
1374 1679 1538 1747 ψυχὰς
1574 1683 1704 1745 ὑμῶν

111 1738 139 1762 “
163 1736 240 1785 καὶ
264 1736 330 1801 μὴ
358 1737 507 1806 αἴρετε
531 1743 860 1810 βαστάγματα
885 1750 934 1799 ἐν
959 1755 1018 1818 τῇ
1045 1753 1192 1823 ἡμέρᾳ
1217 1761 1312 1807 τῶν
1337 1761 1603 1822 σαββάτων
1626 1767 1702 1816 καὶ

39 1831 90 1857 20
110 1819 137 1843 ‘⁶
158 1814 225 1880 μὴ
266 1819 574 1886 ἐκπορεύεσθε
613 1831 714 1880 ταῖς
750 1829 924 1885 πύλαις
963 1832 1297 1902 Ἰερουσαλὴμ,
1337 1844 1412 1892 καὶ
1457 1843 1523 1908 μὴ
1565 1847 1701 1914 ε’κφέ-

108 1903 136 1925 “
159 1919 261 1962 ρετε
313 1903 640 1970 βαστάγματα
690 1909 748 1978 ἐξ
794 1916 950 1964 οἰκιῶν
1002 1916 1133 1980 ὑμῶν
1183 1921 1232 1970 ἐν
1282 1926 1340 1990 τῇ
1401 1924 1550 1995 ἡμερᾳ
1605 1933 1700 1979 τῶν

106 1984 133 2008 “
158 1982 438 2047 σαββάτων,
488 1989 563 2038 καὶ
607 1994 703 2041 πᾶν
748 1992 887 2059 ἔργον
932 1998 986 2046 οὐ
1035 1999 1274 2064 ποιήσετε·
1335 2006 1566 2071 ἁγιάσατε
1611 2011 1698 2075 τὴν

103 2066 132 2090 “
157 2061 334 2130 ἡμέραν
366 2071 461 2118 τῶν
496 2071 763 2132 σαββάτων
797 2075 952 2132 καθὼς
990 2081 1291 2148 ἐνετειλάμην
1319 2092 1416 2142 τοῖς
1454 2092 1696 2158 πατράσιν

102 2148 130 2171 “
156 2144 330 2207 ὑμῶν.”
383 2152 458 2200 καὶ
497 2152 547 2202 τί
579 2151 632 2203 τὸ
672 2156 911 2220 ἐντεῦθεν;
963 2165 1024 2214 εἰς
1063 2163 1162 2232 ἕξιν
1197 2168 1316 2230 ἡμᾶς
1354 2175 1692 2235 προδιανιστάς

31 2243 79 2282 25
99 2223 185 2289 τὴν
230 2228 576 2296 φιλάγρυπνον,
623 2237 882 2304 φυλάττειν
927 2243 1159 2296 ἐπιτάττει
1209 2248 1295 2312 τὴν
1339 2252 1458 2303 ἰδίαν
1503 2258 1683 2324 ψυχήν·
1707 2283 1729 2309 e

99 2307 220 2358 οὕτω
251 2308 344 2376 γὰρ
379 2311 437 2363 ἂν
465 2315 671 2385 ὑπάρξαι
701 2320 872 2389 ῥᾳδίως
908 2325 984 2374 καὶ
1019 2325 1072 2377 τὸ
1108 2331 1203 2379 δεῖν
1230 2331 1481 2384 εἰσελάσαι
1516 2338 1687 2390 λοιπὸν

96 2391 160 2441 εἷς
197 2389 279 2440 τὸν
312 2393 361 2442 ἐν
395 2395 560 2447 ἐλπίσι
598 2404 959 2467 σαββατισμόν.
1023 2410 1328 2478 ἀναφανεῖται
1370 2415 1417 2465 δὲ
1456 2416 1550 2468 ὅσα
1590 2426 1686 2475 τοῖς

94 2474 227 2521 τοῦδε
253 2479 453 2541 τυχοῦσι
479 2477 537 2528 τὰ
564 2481 735 2545 ἀγαθὰ,
763 2485 978 2556 διεσάφει
1005 2495 1163 2545 καλῶς
1190 2493 1265 2543 διὰ
1289 2498 1371 2559 τῆς
1397 2502 1491 2549 τῶν
1516 2501 1684 2567 ἑτέρων

140 2626 174 2660 6.
200 2627 344 2663 δέδωκεν
367 2629 444 2674 ἡμῖν
462 2632 503 2667 Β.
526 2633 587 2680 [cf.
607 2635 684 2681 ἡμῖν
703 2639 812 2686 (25)],
836 2642 895 2676 sed
920 2644 962 2678 cf.
984 2644 1112 2690 Glaph.
1133 2647 1199 2681 288
1215 2649 1249 2689 d,
1268 2650 1329 2684 ubi
1347 2652 1470 2687 ἔδωκεν
1487 2655 1564 2698 ὑμῖν
1581 2658 1677 2692 exhi-

92 2672 177 2707 bent
194 2674 297 2709 codd.
316 2676 429 2711 bonae
446 2686 561 2715 notae.
856 2698 887 2734 7.
915 2690 1059 2725 δέδωκεν
1076 2693 1152 2735 ὑμῖν
1170 2703 1249 2739 post
1267 2696 1398 2742 ἡμερῶν
1415 2704 1616 2746 transponit
1637 2705 1676 2740 B.

91 2719 126 2754 8.
150 2720 283 2766 μηδεὶς]
308 2727 344 2763 -Ι-
366 2723 424 2758 οῦν
444 2725 485 2759 Β.
661 2743 694 2776 9.
721 2733 844 2779 τόπου]
865 2735 958 2771 οἵκου
978 2738 1019 2772 B.
1038 2739 1171 2783 (Alex.)
1357 2756 1409 2779 10.
1436 2747 1543 2794 ὅπως]
1563 2749 1614 2784 ὅτι
1636 2751 1676 2786 Β.

95 2774 149 2808 15.
176 2767 261 2810 ἡμᾶς
278 2769 333 2803 διὰ
352 2770 490 2817 τούτου]
511 2773 565 2808 διὰ
582 2776 708 2812 τούτων
725 2779 810 2823 ἡμᾶς
829 2782 870 2816 Β.
996 2796 1048 2829 19.
1075 2786 1109 2819 ἐν
1126 2799 1197 2821 om.
1220 2788 1260 2823 B.
1383 2803 1438 2826 20.
1465 2797 1537 2830 ταῖς
1553 2796 1676 2834 πύλαις

91 2811 139 2847 D.
160 2813 227 2848 Ed.
245 2818 312 2850 τῶν
328 2819 445 2852 πυλῶν
464 2819 497 2853 D
517 2832 558 2854 ex
577 2834 666 2858 corr.
685 2828 708 2842 “
722 2827 793 2860 al.'’
814 2827 879 2862 Ed.
900 2842 971 2875 mg.
990 2833 1048 2874 τῆς
1065 2834 1175 2875 πυλῆς
1193 2834 1235 2869 Β.
1377 2840 1430 2872 καὶ
1451 2850 1674 2888 assumptum

89 2869 131 2892 ex
151 2859 193 2895 Β.
366 2875 421 2898 22.
448 2868 650 2915 σαββάτων]
675 2876 711 2911 -†-
733 2873 792 2907 οὐκ
810 2875 1039 2918 ἐξελεύσεσθε
1057 2878 1201 2915 ἕκαστος
1218 2882 1253 2915 ἐκ
1272 2885 1330 2917 τοῦ
1348 2887 1454 2921 τόπου
1472 2887 1562 2931 ὑμῶν
1580 2891 1674 2926 Aub.

34 2903 38 2910 “
88 2905 180 2940 inter
196 2919 308 2942 uncos
326 2910 438 2945 invito
457 2912 499 2946 Β.
564 2917 744 2964 ποιήσετε]
770 2925 805 2960 -ξ-
827 2921 880 2956 καὶ
900 2923 965 2956 Ed.
986 2925 1045 2962 (22
1064 2926 1124 2968 al.)
1144 2927 1253 2962 invito
1275 2929 1315 2964 B.
1453 2945 1507 2976 24.
1534 2938 1671 2980 προδιω-

89 2954 206 2989 νιστὰς
226 2954 266 2989 Β.
284 2956 458 2993 διανιστὰς
479 2959 544 2995 Ed.
690 2966 744 3000 28.
771 2971 836 3001 τῶν
854 2977 1075 3015 assumptum
1095 2984 1136 3006 ex
1157 2973 1198 3008 B.

145 3021 235 3049 VOL.
262 3023 290 3050 1.
849 3037 876 3074 4
900 3036 921 3062 L

1792 530 1896 563 Exod.

1791 575 1857 605 xvi.
1880 577 1928 614 28,

1793 627 1841 658 29.

1766 1687 1860 1718 Hier.

1764 1732 1842 1762 xvii.
1867 1742 1914 1768 21,

1767 1784 1781 1804 2
1790 1784 1816 1806 2.
