2084 3317
103 187 129 227 i.
154 201 216 239 14.
352 187 425 227 IN
468 185 510 226 S.
545 185 881 226 JOANNEM.
943 186 1067 227 LIB.
1100 188 1136 229 I.
1199 189 1334 229 CAP.
1368 190 1446 230 IX.
1614 191 1693 230 141

104 299 324 361 σκηνῶσαι
374 298 422 350 δὲ
468 302 660 361 μᾶλλον
704 299 752 348 ἐν
794 298 952 364 σαρκὶ,
996 300 1059 351 ὡς
1110 299 1210 368 ἰδίῳ
1261 300 1697 366 προσχρησάμενον

104 383 305 445 σώματι,
337 384 403 449 τῷ
441 380 491 430 ἐκ
529 382 612 443 τῆς
651 380 789 444 ἁγίας
827 378 1062 445 παρθένου
1102 384 1214 449 ναῷ.
1273 382 1404 431 “’Ev
1438 381 1565 449 αὐτῷ
1603 380 1696 445 γὰρ
1758 393 1919 432 Col.1i.9.

1517 467 1536 476 Α
1581 461 1605 479 ’9
1652 465 1662 478 e

105 471 131 493 “
158 462 402 532 κατῴκησε
426 467 524 514 πᾶν
549 460 602 512 τὸ
638 460 878 526 πλήρωμα
912 464 994 525 τῆς
1028 462 1246 527 θεότητος
1283 485 1579 526 σωματικως,
1635 486 1697 515 ως·

104 547 129 597 ὃ
178 544 373 598 Παῦλός
423 548 589 613 φησιν·
658 543 950 603 ἐσκηνωκέναι
1002 542 1149 609 γεμὴν
1195 543 1277 594 τὸν
1316 544 1477 610 Λόγον
1520 546 1557 596 ἐν
1602 547 1697 612 ἡμῖν

63 628 350 695 5χρησίμως
393 625 734 693 διισχυρίζεται,
775 623 901 685 βαθῦ
949 628 1024 676 καὶ
1070 632 1208 676 τοῦτο
1254 627 1364 677 λίαν
1403 627 1514 691 ἡμῖν
1555 628 1694 678 ἐκκα-

106 709 298 760 λύπτων
324 708 378 759 τὸ
413 707 691 774 μυστήριον·
736 706 907 761 πάντες
942 706 1036 774 γὰρ
1073 706 1188 772 ἦμεν
1215 711 1263 759 ἐν
1288 712 1504 779 Χριστῷ,
1532 711 1606 760 καὶ
1642 707 1743 760 τὸᾶ

106 790 260 842 κοινὸν
287 793 367 855 τῆς
404 791 765 856 ἀνθρωπότητος·
801 793 862 842 εἷς
894 788 946 840 τὸ
973 791 1116 840 αὑτοῦ
1148 792 1387 848 ἀναβαίνει
1414 791 1695 858 πρόσωπον,

106 875 201 924 ε’πεὶ
240 875 315 924 καὶ
353 872 555 940 ἔσχατος
589 870 746 935 Ἀδὰμ
785 871 860 922 διὰ
905 878 1044 923 τοῦτο
1084 872 1463 936 κατωνόμασται,
1502 878 1560 942 τῇ
1605 897 1698 925 κοι-
1763 877 1873 960 Ξὲοζό

107 954 264 1018 νότητι
315 957 396 1017 τῆς
442 953 632 1023 φύσεως·
678 952 835 1004 πάντα
880 959 1102 1005 πλουτῶν
1147 954 1204 1005 τὰ
1254 959 1315 1008 εἷς
1361 956 1582 1018 εὐθυμίαν
1626 957 1701 1006 καὶ
1811 945 1816 951 ’
1880 945 1886 951 ·

39 1059 87 1083 10
107 1037 264 1105 δόξαν,
293 1035 456 1103 ὥσπερ
495 1037 576 1086 οῦν
613 1037 689 1086 καὶ
729 1036 753 1085 ὃ
792 1040 980 1101 πρῶτος
1009 1035 1166 1099 Ἀδὰμ
1207 1036 1266 1088 τὰ
1305 1041 1367 1091 εἷς
1407 1037 1594 1107 φθορὰν
1626 1041 1700 1089 καὶ

107 1118 378 1187 κατήφειαν.
432 1120 469 1170 ἐν
494 1123 616 1170 πᾶσι
649 1123 900 1184 τοιγαροῦν
928 1119 952 1168 ὁ
976 1118 1134 1184 Λόγος
1164 1120 1376 1179 ἐσκήνωσε
1404 1119 1458 1170 δι’
1488 1120 1603 1183 ἑνὸς,
1627 1121 1702 1171 ἵνα

368 1203 434 1230 ιε’

107 1207 190 1252 τοῦ
228 1200 328 1255 ἑνὸς
416 1201 686 1267 ορισθέντος
728 1204 826 1251 υἱοῦ
866 1204 991 1251 Θεοῦ
1036 1202 1084 1251 ἐν
1123 1201 1312 1265 δυνάμει
1354 1202 1474 1253 κατὰ
1517 1209 1702 1267 πνεῦμα
1765 1219 1928 1259 Rom.i.4.

109 1290 135 1312 ‘⁶
164 1282 472 1349 ἁγιωσύνης,”
494 1287 557 1336 εἰς
583 1282 701 1347 ὅλην
727 1282 919 1349 ἔρχηται
944 1281 1029 1347 τὴν
1056 1284 1399 1349 ἀνθρωπότητα
1426 1284 1479 1335 τὸ
1502 1285 1701 1354 ἀξίωμα,

1488 1366 1498 1383 Ι

109 1367 230 1416 οὕτω
257 1387 306 1415 τε
344 1364 513 1433 φθασῃ
549 1388 625 1416 και
652 1365 724 1433 εφ’
752 1366 874 1429 ἡμᾶς
901 1367 999 1415 δι’
982 1389 1062 1415 ενα
1088 1371 1183 1416 τῶν
1209 1366 1313 1435 ἐξ
1288 1372 1420 1431 ημῶν
1447 1391 1499 1418 το
1526 1375 1554 1397 “
1572 1367 1702 1433 Ἐγὼ
1722 1392 1742 1417 e
1764 1371 1927 1445 {mxx-xi.

43 1455 138 1501 15⁶⁶
164 1444 271 1498 εἶπα
317 1448 433 1498 Θεοί
474 1470 581 1498 εστε
626 1471 702 1497 και
753 1449 839 1498 υἱοὶ
894 1449 1103 1516 ὑψίστου
1153 1447 1353 1503 mures?
1445 1452 1611 1501 οὐκοῦν
1656 1452 1703 1500 ἐν
1789 1439 1796 1446 0

111 1533 312 1598 Χριστῷ
338 1528 423 1592 μὲν
449 1531 684 1593 ἀληθινῶς
711 1531 1034 1595 ἐλευθεροῦται
1059 1529 1113 1581 τὸ
1147 1533 1334 1593 δοῦλον,
1360 1533 1616 1593 ἀναβαῖνον
1643 1537 1704 1586 εἰς

110 1612 305 1676 ἑνότητα
331 1611 415 1675 τὴν
439 1611 672 1675 μυστικὴν
699 1615 764 1680 τῷ
792 1612 1051 1680 φορέσαντι
1077 1612 1163 1676 τὴν
1190 1619 1272 1663 τοῦ
1299 1614 1472 1664 δούλου
1498 1615 1702 1681 μορφὴν,

108 1695 156 1744 ἐν
195 1694 303 1756 ἡμῖν
342 1694 390 1744 δὲ
428 1692 547 1744 κατὰ
585 1693 786 1757 μίμησιν
824 1693 910 1758 τὴν
948 1693 1067 1760 πρὸς
1105 1694 1188 1745 τὸν
1227 1695 1307 1745 ἕνα
1347 1695 1422 1745 διὰ
1460 1695 1545 1760 τὴν
1586 1695 1704 1746 κατὰ

110 1774 268 1842 σάρκα
312 1776 606 1841 συγγένειαν.
677 1778 773 1827 ἐπεὶ
819 1776 894 1827 διὰ
934 1778 1075 1828 ποίαν
1116 1778 1268 1827 αἰτίαν
1311 1784 1338 1807 “
1359 1800 1442 1828 ουκ
1483 1778 1704 1843 ἀγγελων
1766 1776 1905 1860 ᾖθῦἐῗ·

45 1864 138 1909 20“
164 1858 549 1920 ἐπιλαμβάνεται,
596 1857 728 1908 ἀλλὰ
771 1858 1045 1924 σπέρματος
1090 1859 1331 1925 εΑβρααμ,
1377 1859 1484 1910 ὅθεν
1530 1857 1704 1928 ὠφειλε
1811 1846 1819 1861 '

110 1947 138 1970 “
164 1939 282 1991 κατὰ
308 1940 464 1991 πάντα
490 1944 584 1994 τοῖς
611 1942 838 2009 ἀδελφοῖς
864 1940 1188 2004 ὁμοιωθῆναι,”
1219 1944 1293 1992 καὶ
1326 1942 1548 2007 γενέσθαι
1584 1941 1704 1993 κατὰ

110 2021 336 2086 ἀλήθειαν
375 2022 651 2089 ἅνθρωποςς
711 2021 781 2089 ἆρ’
824 2024 927 2091 οὐχὶ
971 2026 1121 2074 πᾶσίν
1160 2026 1262 2075 ε’στι
1309 2023 1593 2092 καταφανὲς,
1636 2024 1707 2075 ὅτι

111 2104 432 2170 καταβέβηκεν
466 2110 528 2158 εἷς
566 2104 620 2156 τὸ
661 2109 847 2167 δοῦλον,
884 2105 1021 2159 αὐτὸς
1057 2107 1144 2174 οὐχ
1182 2107 1331 2175 ἑαυτῷ
1372 2105 1510 2157 τοῦτό
1549 2130 1592 2158 τι
1633 2104 1748 2158 διάει
1806 2121 1861 2155 97
1880 2119 1934 2154 Α.

111 2186 279 2238 τούτου
316 2187 572 2256 προξενῶν,
606 2189 716 2238 ἀλλ’
747 2187 856 2251 ἡμῖν
892 2187 1057 2239 ἑαυτὸν
1091 2189 1394 2256 χαριζόμενος
1423 2196 1448 2218 “
1469 2189 1544 2240 ἵνα
1579 2190 1708 2254 ἡμεῖς
1773 2203 1879 2253 anjor-

48 2276 124 2332 25‘
128 2272 223 2337 ίτῇ
263 2270 404 2320 αὐτοῦ
444 2273 653 2339 πτωχεία
698 2271 1090 2335 πλουτήσωμεν,”
1133 2271 1463 2338 ἀνατρέχοντες
1508 2271 1584 2322 διὰ
1627 2273 1710 2334 τῆς
1772 2256 1885 2286 mu.9.

112 2374 230 2417 προς
281 2351 422 2402 αὐτὸν
469 2351 740 2417 ὁμοιότητος
791 2357 853 2406 εἷς
899 2353 953 2403 τὸ
1002 2354 1118 2404 [διον
1164 2354 1306 2404 αὐτοῦ
1353 2357 1429 2404 καὶ
1475 2353 1712 2422 ἐξαίρετον

114 2432 308 2497 ἀγαθον,
334 2435 434 2484 θεοί
456 2457 504 2485 τε
537 2458 611 2485 και
640 2438 765 2485 Θεοῦ
802 2459 939 2486 τεκνα
972 2434 1048 2486 δια
1083 2438 1164 2499 τῆς
1200 2458 1407 2489 πιστεως
1434 2434 1708 2502 ἀναφαινώ-

115 2520 264 2577 μεθα,
320 2517 531 2576 ἐσκήνωσε
569 2516 662 2583 γὰρ
701 2518 738 2567 ἐν
772 2520 868 2585 ἡμῖν
904 2519 928 2568 ὁ
969 2517 1088 2568 κατὰ
1128 2517 1277 2586 φύσιν
1303 2517 1418 2571 Υἱὸς
1457 2519 1531 2568 καὶ
1569 2516 1708 2570 Θεός·

169 2684 199 2707 1.
224 2675 537 2718 προσχρησάμενος
557 2675 598 2710 Β.
765 2685 798 2720 5.
827 2690 879 2709 και
898 2674 1015 2721 τοῦτο]
1037 2675 1097 2709 κάν
1113 2675 1221 2722 τούτῳ
1240 2675 1380 2720 conjicit
1400 2675 1446 2708 D.
1614 2673 1647 2708 6.
1674 2675 1713 2708 τὸ

119 2720 216 2764 prius
235 2727 456 2765 assumptum
476 2734 516 2755 ex
537 2722 578 2756 B
645 2722 759 2768 Κυρίῳ
778 2735 841 2767 pro
860 2725 998 2768 Χριστῶ
1021 2723 1063 2756 Β.
1084 2723 1191 2755 invito
1203 2711 1318 2755 Cord.
1541 2729 1572 2765 7.
1597 2724 1636 2754 τὸ
1653 2722 1712 2755 αὗ-

118 2768 179 2800 τοῦ
198 2766 303 2800 Cord.
322 2768 424 2801 αὐτὸν
442 2768 507 2802 Ed.
568 2738 716 2803 Statimp
712 2770 884 2810 ἀναβαίνει
907 2770 946 2803 Β.
966 2769 1073 2803 Cord.
1091 2769 1225 2805 ἀναβιοῖ
1244 2768 1311 2801 Ed.
1367 2767 1443 2801 Has
1464 2767 1534 2801 duo
1555 2767 1714 2802 Corderll

118 2813 285 2846 lectiones
319 2820 416 2847 notat
449 2815 628 2849 Aubertus
663 2828 803 2862 quoque
836 2817 926 2850 inter
956 2817 1067 2850 varias
1101 2816 1267 2849 lectiones
1300 2815 1335 2848 in
1371 2815 1481 2859 capite
1511 2815 1712 2849 voluminis.

122 2871 155 2904 9.
175 2861 333 2893 πλουτῶν
352 2860 393 2894 B.
414 2860 520 2894 Cord.
538 2863 729 2905 πλουτίζων
748 2863 814 2897 Ed.
1102 2873 1155 2896 10.
1182 2863 1223 2896 τὰ
1241 2867 1465 2905 assumptum
1483 2873 1524 2894 ex
1544 2861 1586 2896 B.
1606 2861 1714 2896 Cord.

126 2917 178 2950 13.
204 2906 251 2942 εἷς
267 2918 337 2940 orn.
360 2907 401 2940 Β.
419 2907 525 2942 habet
543 2908 650 2943 Cord.
778 2923 831 2951 14.
857 2909 939 2955 τῶν]
960 2910 1018 2944 τὸν
1037 2909 1081 2942 D.
1088 2909 1126 2942 E.
1257 2907 1310 2942 16.
1335 2907 1501 2951 ἀληθινῶς
1521 2908 1562 2942 Β.
1580 2909 1715 2951 ἀληθῶς

124 2953 190 2987 Ed.
354 2955 406 2988 IS.
432 2954 492 2998 τὴν
509 2956 590 2988 κατὰ
607 2955 748 2999 μίμησιν
765 2957 824 3000 τὴν
847 2957 885 2990 Β.
1046 2966 1101 2989 20.
1126 2954 1218 2988 ἀλλὰ
1236 2966 1306 2988 om.
1329 2954 1370 2988 Β.
1531 2966 1586 3000 23.
1613 2957 1714 2990 τοῦτό

123 3006 343 3045 assumptum
363 3012 403 3034 ex
427 3001 465 3035 Β.
588 3013 642 3046 27.
668 3003 928 3048 ἀναφαινώμεθα
950 3003 1035 3037 Β.Ε.
1057 3002 1191 3046 Migne.
1211 3001 1465 3046 ἀναφαινόμεθα
1485 3001 1530 3036 D.
1552 3001 1618 3036 Ed.
