2021 3296
132 141 157 182 i.
179 156 217 198 3.
391 143 464 184 IN
507 144 549 184 S.
583 143 921 184 JOANNEM.
987 142 1110 182 LIB.
1145 142 1180 182 I.
1243 142 1375 182 CAP.
1410 142 1462 181 V.
1666 143 1718 181 67

131 249 384 316 γεννήματι
419 252 590 316 λέγων·
641 252 716 303 ἵνα
743 251 864 305 Θεὸς
890 253 939 302 ἐκ
966 255 1091 301 Θεοῦ
1126 252 1286 313 νοῆται
1320 248 1440 299 κατὰ
1476 248 1717 312 ἀλήθειαν,

132 332 186 382 οὑ
223 331 432 400 καθάπερ
468 333 598 397 ἡμεῖς
633 336 880 398 ἐπίκτητον
906 333 1027 401 ἔχων
1051 330 1138 396 τὴν
1162 330 1505 398 προσηγορίαν,
1532 332 1607 381 καὶ
1644 329 1720 380 διὰ

1781 417 1837 447 Ps.

130 412 277 478 μόνης
301 415 410 479 ἡμῖν
428 415 815 482 προσγενομένην
835 414 1039 483 χάριτος,
1062 415 1183 467 κατὰ
1209 414 1263 467 τό
1285 422 1311 446 “
1326 413 1457 480 Ἐγὼ
1482 411 1588 464 εἶπα
1605 413 1724 463 Θεοί
1739 432 1760 458 e
1781 460 1872 491 luxi
1900 459 1919 490 6

132 501 159 524 ‘⁶
185 497 294 546 ε’στε
327 498 404 547 καὶ
443 499 529 548 υἱοὶ
569 499 781 567 ὑψίστου
818 496 1030 551 πάντες.”
1097 501 1135 548 εἰ
1173 497 1266 564 γὰρ
1306 496 1459 548 πάντα,
1499 492 1550 546 δι’
1590 496 1720 545 αὐτοῦ

90 595 111 633 5
133 575 306 642 ἐγένετο,
333 578 488 645 ἕτερος
520 578 579 630 ἂν
606 579 674 644 εἰἠ
700 584 794 630 τῶν
819 579 1012 631 πάντων
1037 579 1192 634 αὐτός·
1244 581 1292 630 ἐν
1318 577 1411 646 γὰρ
1447 582 1513 646 τῷ
1547 576 1717 639 πάντα,

131 658 263 709 οὐδέν
296 661 427 711 ἐστιν
459 660 484 712 ὃ
518 660 584 726 μὴ
619 664 668 713 ἐν
701 667 796 716 τοῖς
831 666 982 713 πᾶσιν
1015 662 1191 728 ὁρᾶται.
1248 660 1412 728 ὥσπερ
1446 661 1527 711 οὖν
1559 659 1720 722 ἀμέλει

130 743 206 792 καὶ
238 743 262 792 ὁ
294 742 520 809 μακάριος
549 747 744 798 Παῦλος
779 745 902 795 οὕτω
935 742 990 795 τὸ
1019 744 1189 795 Πάντα
1224 743 1402 808 νοήσας
1437 743 1716 809 εὑρίσκεται·

130 823 284 888 ἐπειδὴ
312 823 403 892 γὰρ
430 827 478 876 ἐν
503 829 587 894 μιᾷ
613 849 705 877 που
732 831 826 878 τῶν
851 828 1136 889 ἐπιστολῶν,
1156 825 1239 877 τὸν
1258 828 1362 893 περὶ
1388 831 1471 876 τοῦ
1501 827 1721 889 Σωτῆρος

130 906 262 970 ἡμῶν
299 908 497 958 ἐποιεῖτο
536 906 701 974 λόγον,
741 907 898 960 πάντα
935 931 986 960 τε
1024 909 1236 977 ἔφασκεν
1274 906 1588 974 ὑποτετάχθαι
1631 905 1721 957 ὑπὸ

64 1017 111 1042 10
130 987 237 1042 τοὺς
274 988 423 1043 πόδας
462 991 618 1052 αὑτοῦ,
647 995 804 1045 καλῶς
844 1014 898 1056 γε
937 989 1132 1059 σφόδρα
1168 994 1316 1042 ποιῶν
1349 990 1556 1059 ἐπιφέρει
1589 989 1722 1039 “Ἐν
1784 997 1921 1073 {hb-ii·

131 1070 279 1136 “γάρ
304 1075 370 1121 τῶ
396 1076 537 1124 εἰπεῖν
562 1071 621 1123 τὰ
646 1072 818 1136 πάντα,
839 1072 972 1124 οὐδεν
998 1075 1180 1141 ἀφῆκεν
1205 1074 1332 1143 αὐτῷ
1357 1070 1694 1123 ἀνυπότακτον.
1695 1069 1720 1086 ”
1808 1065 1815 1073 ’

130 1153 297 1204 οὐκοῦν
322 1153 569 1221 ἐπειδήπερ
599 1154 658 1206 τὰ
688 1154 844 1207 πάντα
871 1158 1158 1221 γεγενησθαι
1184 1156 1238 1206 δι’
1267 1158 1385 1206 Υἱοῦ
1418 1153 1719 1217 πιστεύομεν,
1742 1177 1763 1202 a
1818 1168 1874 1201 45
1891 1167 1944 1201 A.

131 1235 214 1285 οὐκ
242 1233 298 1286 ἂν
325 1234 467 1287 αὐτὸν
492 1235 574 1288 ἕνα
601 1242 694 1288 τῶν
718 1237 911 1289 πάντων
938 1235 1052 1288 εἶναι
1079 1236 1347 1302 νοήσαιμεν,
1375 1236 1487 1287 αλλ’
1516 1235 1607 1305 ἔξω
1639 1258 1723 1299 μεν

131 1321 314 1369 κεῖσθαι
347 1316 539 1370 πάντων
570 1320 870 1386 λογιούμεθα,
906 1323 989 1383 τῆς
1028 1318 1075 1370 δε
1113 1325 1207 1371 τῶν
1238 1323 1448 1386 γενητῶν
1478 1318 1719 1383 ἀποδιορί-

65 1424 111 1462 15
132 1398 284 1466 §mres
316 1400 508 1469 φύσεώς
539 1424 589 1452 τε
624 1402 700 1452 καὶ
733 1401 976 1464 ὃμοειδίας,
1005 1401 1136 1452 οὐδὲν
1160 1400 1318 1467 ἕτερον
1343 1398 1457 1451 εἶναι
1484 1397 1666 1462 λοιπὸν,
1692 1397 1722 1464 ἢ

133 1481 258 1533 Θεὸν
296 1484 346 1533 ἐκ
382 1487 508 1534 Θεοῦ
546 1482 666 1534 κατὰ
705 1483 855 1552 φύσιν
894 1483 1273 1548 ὁμολογήσομεν.
1343 1483 1392 1533 τί
1425 1484 1519 1548 γὰρ
1557 1482 1615 1532 ἄν
1654 1504 1721 1536 τις

132 1566 234 1630 δοίη
266 1563 320 1616 τὸ
355 1564 534 1634 μεταξὺ
561 1569 687 1616 Θεοῦ
722 1568 798 1616 καὶ
834 1567 1046 1629 κτίσεως,
1073 1567 1147 1615 καὶ
1184 1566 1237 1616 οὐ
1272 1563 1391 1616 κατὰ
1427 1564 1575 1630 λόγον
1602 1566 1724 1633 φημὶ

132 1645 216 1697 τὸν
243 1650 324 1710 τῆς
361 1648 540 1701 οὐσίας·
594 1646 722 1699 πολὺ
756 1647 850 1714 γὰρ
883 1646 937 1698 τὸ
972 1647 1169 1716 μεταξύ·
1226 1646 1345 1698 κατὰ
1379 1646 1528 1710 μόνην
1557 1646 1604 1697 δὲ
1639 1646 1726 1710 τὴν

131 1729 288 1794 ἑτέρου
321 1727 446 1783 τινὸς
481 1734 575 1780 τῶν
611 1729 772 1792 ὄντων,
807 1732 869 1783 ὡς
903 1730 952 1780 ἐν
978 1728 1153 1793 νοήσει,
1182 1729 1349 1791 θέσιν,
1400 1727 1430 1793 ἢ
1466 1733 1604 1780 ποῖον
1632 1728 1726 1798 ἕξει

64 1841 112 1866 20
131 1809 278 1862 τόπον
315 1810 472 1877 ἕτερον
511 1813 536 1862 ὁ
577 1811 704 1874 Υἱὸς,
744 1810 830 1875 τὴν
867 1816 962 1863 τῶν
1002 1809 1279 1875 ποιημάτων
1319 1810 1470 1880 φύσιν
1509 1811 1722 1877 ὑπερκεί-

129 1916 282 1958 μενος,
319 1898 512 1958 μᾶλλον
550 1894 599 1946 δὲ
637 1893 776 1948 αὐτὸς
815 1892 1042 1962 ὑπάρχων
1081 1895 1106 1944 ὁ
1144 1891 1375 1958 ποιητής;
1433 1892 1596 1959 γέγονε
1640 1892 1725 1956 μὲν
1742 1903 1769 1944 b

129 1975 223 2042 γὰρ
262 1974 322 2027 τὰ
358 1976 516 2028 πάντα
554 1976 610 2027 δι’
640 1977 796 2040 αὑτοῦ,
829 1977 891 2030 ὡς
930 1975 1005 2027 διὰ
1045 1974 1298 2039 δυνάμεως,
1333 1977 1396 2029 ὡς
1434 1974 1510 2025 διὰ
1548 1975 1726 2043 σοφίας

130 2065 214 2110 τοῦ
253 2062 379 2111 Θεοῦ
417 2062 495 2110 καὶ
535 2057 742 2126 Πατρὸς,
784 2059 867 2109 οὐκ
905 2059 954 2108 ἐν
992 2061 1050 2126 τῇ
1094 2057 1240 2126 φύσει
1279 2062 1363 2108 τοῦ
1404 2056 1726 2123 γεννήσαντος

134 2142 470 2208 κρυπτομένης,
510 2141 677 2208 ὥσπερ
717 2141 800 2192 οῦν
839 2140 919 2192 καί
952 2142 1056 2192 ἐστι
1096 2164 1173 2192 και
1210 2141 1259 2191 ἐν
1298 2139 1534 2209 ἀνθρώπω
1578 2162 1726 2207 τυχον

64 2223 160 2287 25ἡ
204 2223 538 2291 ἐνυπάρχουσα
583 2225 709 2293 αὐτῷ
752 2223 906 2292 σοφία
948 2225 1025 2274 καὶ
1070 2223 1277 2287 δυναμις,
1322 2221 1434 2273 ἀλλ’
1478 2222 1602 2276 ιδίως
1639 2244 1726 2286 μεν

132 2330 208 2358 και
252 2308 360 2358 καθ’
408 2304 578 2370 ἑαυτὴν
623 2306 924 2375 ὑφεστώσης,
966 2305 1337 2373 προκυπτούσης
1383 2304 1428 2355 δ’
1475 2304 1558 2355 οῦν
1599 2326 1725 2367 ομως

131 2388 252 2440 κατὰ
282 2387 364 2441 τὸν
390 2390 594 2457 ἄῤῥητον
619 2391 702 2454 τῆς
735 2388 1000 2455 γεννήσεως
1035 2387 1214 2455 τρόπον
1239 2389 1290 2438 ἐκ
1318 2384 1523 2452 Πατρὸς,
1547 2385 1623 2436 ἵνα
1648 2388 1725 2436 καὶ

132 2475 294 2536 νοῆται
320 2471 440 2523 κατὰ
465 2473 691 2537 ἀλήθειαν
718 2469 943 2539 ὑπάρχων
969 2470 1084 2526 Υἱὸς
1110 2471 1138 2535 ἡ
1169 2470 1324 2539 σοφία
1357 2470 1433 2520 καὶ
1469 2468 1496 2532 ἡ
1530 2467 1725 2531 δύναμις

130 2560 214 2605 τοῦ
243 2552 448 2621 Πατρός.

65 2656 115 2692 30
205 2637 348 2687 Ἀλλ’
371 2640 408 2687 εἰ
434 2638 511 2687 καὶ
537 2635 690 2688 πάντα
717 2632 767 2687 δι’
797 2637 928 2687 αὐτοῦ
955 2633 1244 2701 γεγενῆσθαί
1267 2636 1420 2702 φησιν
1445 2632 1470 2682 ὁ
1496 2628 1722 2697 μακάριος
1740 2654 1762 2681 e

133 2716 514 2784 Εὐαγγελιστὴς,
540 2717 673 2769 οὐδὲν
699 2716 826 2782 οἶμαι
859 2715 914 2768 τὸ
948 2714 1138 2780 βλάβος
1172 2719 1268 2768 τοῖς
1297 2715 1404 2780 περὶ
1429 2713 1572 2764 αὐτοῦ
1597 2734 1720 2779 προ-

179 2875 213 2912 5.
237 2865 364 2912 πάντα]
383 2867 424 2901 τὰ
441 2867 550 2901 πάντα
568 2866 609 2901 Β.
785 2867 818 2901 8.
843 2881 909 2901 που
927 2866 961 2900 ἐν
977 2867 1035 2910 μιᾷ
1054 2865 1193 2899 inverso
1210 2862 1332 2897 Ordine
1352 2862 1394 2898 Β.
1568 2873 1624 2907 13.
1648 2860 1724 2905 νοή-

133 2929 255 2958 σαιμεν
274 2914 316 2949 Β.
333 2913 509 2957 νοήσωμεν
527 2913 593 2947 Ed.
726 2925 782 2957 24.
808 2914 861 2948 καὶ
880 2913 976 2958 prius
994 2915 1218 2955 assumptum
1236 2922 1278 2944 ex
1299 2910 1340 2945 B.
1470 2917 1525 2955 25.
1553 2908 1571 2953 ἡ
1590 2921 1660 2943 om.
1681 2909 1722 2942 B.

134 2962 190 2996 28
218 2961 235 3005 ἡ
253 2962 311 2996 alt.
330 2966 553 3006 assumptum
571 2972 612 2994 ex
634 2961 674 2995 Β.

896 3028 922 3055 Κ
949 3028 969 3054 Z
