2084 3317
122 177 176 216 vi.
202 192 235 218 1.
346 179 419 219 IN
464 179 505 218 S.
540 177 875 219 JOANNEM.
939 177 1061 216 LIB.
1098 176 1181 216 III.
1245 177 1377 217 CAP,
1415 178 1489 217 IV.
1628 180 1712 220 399

122 283 381 348 θάλασσαν,
418 285 519 349 ἤτοι
559 288 733 350 λίμνην
772 287 893 336 οὕτω
933 284 1228 349 καλουμένην
1267 288 1314 335 ἐν
1353 289 1410 353 τῇ
1448 286 1581 354 χώρᾳ
1619 291 1713 336 τῶν

120 365 374 417 Ἰουδαίων.
418 366 573 431 ἐπειδὴ
603 367 651 419 δὲ
677 367 730 418 τὸ
759 366 816 431 δὴ
842 366 1058 429 μάλιστα
1085 369 1435 430 κατασοβῆσαν
1460 367 1616 429 αὐτὸν,
1639 370 1714 418 καὶ

118 453 406 515 μεταχωρεῖν
432 449 739 503 ἀναπεπεικὸς
773 452 834 502 εἰς
870 448 1053 515 ἑτέρους
1089 471 1138 499 τε
1174 448 1389 516 οἴχεσθαι
1426 448 1599 503 τόπους
1638 451 1752 501 naza
1785 467 1870 502 270
1885 467 1934 502 A.

116 534 346 580 τοσοῦτον
380 533 463 593 τῆς
487 530 804 597 Ἰερουσαλὴμ
843 529 1308 597 ἀπεσχοινισμένους,
1337 531 1480 581 ἐκεῖνο
1521 530 1577 594 δὴ
1614 530 1707 594 μά-

76 617 265 660 5λιστα
303 611 528 679 ὑπάρχειν
559 614 726 679 ἀρτίως
762 611 1018 677 εἰρήκαμεν,
1045 611 1098 662 τὸ
1130 611 1270 677 ἐγγὺς
1305 610 1418 663 εἶναι
1454 611 1507 662 τὸ
1543 611 1714 680 πάσχα

116 695 211 741 τῶν
250 692 503 744 Ἰουδαίων
549 694 777 745 δεικνύναι
821 693 1015 759 πρέπειν
1059 692 1400 757 ὑπολαμβάνω,
1451 699 1609 747 καλῶς
1656 693 1713 758 δὴ

117 774 225 823 λίαν
250 773 305 825 τὸ
330 775 376 825 ἐν
401 781 495 829 τοῖς
520 775 871 842 Ἱεροσολύμοις
903 775 1205 841 εὑρίσκεσθαι
1238 774 1338 826 κατ’
1367 777 1512 827 ἐκεῖνο
1550 781 1713 842 καιροῦ

116 855 532 920 παραιτησάμενον
559 858 641 908 τὸν
666 859 872 920 Ἰησοῦν.

193 938 381 988 Οὐκοῦν
407 937 548 1000 νόμος
576 940 600 989 ὁ
627 938 703 989 διὰ
732 938 976 992 Μωυσέως
1004 937 1098 989 ἀπὸ
1124 937 1286 1002 πάσης
1319 941 1401 1002 τῆς
1434 939 1713 1004 περιοικίδος

51 1041 99 1066 10
117 1019 387 1087 ἀνατρέχειν
432 1023 495 1074 εἰς
539 1020 853 1085 Ἱεροσόλυμα
899 1019 1006 1073 τοὺς
1053 1021 1308 1074 Ἰουδαίους
1354 1019 1578 1083 ἐκέλευεν,
1626 1022 1719 1071 ἐκεῖ

116 1100 202 1164 τὴν
246 1103 294 1151 ἐν
333 1101 465 1171 τύπῳ
507 1105 588 1166 τῆς
633 1102 960 1168 σκηνοπηγίας
1004 1103 1365 1155 ἐπιτελέσοντας
1407 1101 1587 1168 ἑορτήν.
1638 1105 1759 1153 καὶῖ)

117 1182 277 1246 νοήσει
315 1183 399 1245 μὲν
431 1187 638 1235 ἐντεῦθεν
673 1187 698 1236 ὁ
733 1185 1042 1248 πνευματικὸς
1079 1184 1164 1249 τὴν
1197 1186 1420 1236 ἁπάντων
1445 1189 1540 1236 τῶν
1567 1187 1715 1251 ἁγίων

116 1267 479 1334 ἐπισυναγωγὴν
529 1272 592 1321 εἷς
637 1269 866 1335 Χριστὸν,
912 1269 988 1320 ὅτε
1040 1268 1095 1328 δὴ
1150 1271 1226 1319 καὶ
1277 1267 1372 1320 ἀπὸ
1422 1267 1583 1331 πάσης
1633 1271 1715 1331 τῆς

117 1349 386 1412 οἰκουμένης
428 1350 546 1413 μετὰ
590 1349 675 1412 τὴν
713 1355 808 1401 τῶν
850 1355 1026 1417 νεκρῶν
1065 1351 1331 1412 ἀναβίωσιν
1377 1354 1440 1403 εἷς
1486 1349 1572 1413 τὴν
1618 1349 1714 1401 ἅνω

52 1448 97 1485 15
118 1431 546 1497 συνενεχθήσονται
577 1431 720 1482 πόλιν
751 1432 836 1496 τὴν
868 1430 1143 1497 ἐπουράνιον
1169 1431 1504 1498 Ἰερουσαλὴμ,
1531 1433 1709 1496 ἀναθή-

117 1534 283 1565 σοντες
317 1514 465 1563 ἐκεῖσε
502 1511 560 1563 τά
595 1513 881 1580 χαριστήρια
913 1517 993 1578 τῆς
1026 1514 1354 1579 σκηνοπηγίας
1385 1516 1467 1577 τῆς
1493 1516 1714 1578 ἀληθοῦς,

117 1593 333 1645 τουτέστι
377 1597 459 1659 τῆς
505 1600 598 1646 τῶν
637 1595 876 1659 σωμάτων
915 1596 1204 1665 συμπήξεώς
1250 1619 1298 1647 τε
1347 1598 1422 1647 καὶ
1470 1599 1711 1660 διαμονῆς,

117 1676 375 1741 λελυμένης
412 1677 631 1741 δηλονότι
669 1681 750 1742 τῆς
788 1683 984 1745 φθορᾶς,
1011 1681 1087 1729 καὶ
1125 1684 1208 1729 τοῦ
1240 1678 1443 1729 θανάτου
1482 1677 1716 1732 πεσόντος

118 1762 179 1811 εἷς
226 1757 445 1809 θάνατον.
514 1759 568 1810 τὸ
613 1759 661 1810 δὲ
707 1760 824 1810 ὅσον
869 1765 1010 1811 εἰπεῖν
1055 1764 1116 1814 εἷς
1167 1758 1220 1811 τὸ
1266 1761 1316 1811 ἐκ
1367 1763 1450 1823 τῆς
1503 1760 1714 1826 ἱστορίας

49 1863 99 1887 20
118 1841 339 1907 γενέσθαι
376 1840 598 1909 πεφυκὸς,
627 1842 826 1907 ἀριθμὸν
866 1844 947 1893 οὐκ
987 1841 1085 1910 ᾔδει
1123 1847 1218 1893 τῶν
1256 1841 1611 1902 ἀναβαινόντων
1649 1845 1712 1895 εἷς
1734 1870 1755 1896 0

117 1923 435 1989 Ἰερουσαλὴμ
462 1925 489 1987 ἡ
516 1923 716 1988 πληθὺς,
744 1927 818 1975 καὶ
846 1923 903 1987 ἧν
929 1924 985 1988 δὴ
1011 1924 1227 1988 μάλιστα
1254 1925 1352 1974 κατ’
1382 1926 1525 1975 ἐκεῖνο
1554 1930 1716 1991 καιροῦ

117 2005 282 2056 πολλὰ
328 2004 560 2056 δύνασθαι
608 2005 716 2060 τοὺς
760 2008 1049 2072 Φαρισαίους
1094 2007 1229 2065 εἰκὸς,
1273 2007 1607 2072 συναγορεύειν
1651 2003 1718 2077 τῷ

119 2086 248 2156 νόμῳ
288 2089 741 2152 προσποιουμένους,
782 2089 858 2138 καὶ
901 2090 963 2142 ὡς
1004 2090 1052 2139 ἐν
1092 2087 1265 2152 πλήθει
1303 2088 1519 2158 τοσούτῳ
1567 2112 1712 2140 κατα-

117 2174 332 2229 βοῶντας
376 2176 459 2220 τοῦ
505 2172 898 2235 παραβαίνοντος,
933 2169 962 2234 ἦ
1005 2173 1080 2221 καὶ
1126 2170 1437 2237 παραβαίνειν
1483 2172 1718 2235 οἰηθέντος

50 2271 98 2309 25
119 2252 288 2305 αὐτοῖς.
353 2250 487 2302 οὐδὲν
529 2251 621 2317 γὰρ
661 2251 786 2306 ὅλως
828 2251 882 2302 τὸ
925 2251 1152 2320 χαλεπὸν,
1194 2251 1278 2303 τὸν
1319 2252 1580 2318 ἀμέτρητον
1623 2258 1718 2304 τῶν

120 2334 358 2398 ἀγελαίων
410 2333 722 2400 ἀναῤῥιπίζειν
771 2333 936 2397 ἑσμὸν,
990 2334 1103 2385 ὅταν
1153 2357 1221 2388 τις
1273 2334 1414 2386 αὐτὸν
1465 2335 1718 2399 ἠδικῆσθαι

120 2414 238 2483 λέγῃ
282 2418 358 2466 καὶ
405 2416 714 2482 παροτρύνειν
760 2418 967 2484 ἐπιχειρῇ
1018 2419 1094 2467 καὶ
1135 2416 1256 2468 κατὰ
1300 2421 1395 2468 τῶν
1439 2417 1718 2468 λυπούντων

120 2498 267 2548 οὐδέν·
310 2499 477 2551 ὕδατος
503 2496 596 2564 γὰρ
623 2498 766 2561 δίκην,
793 2497 821 2563 ἦ
850 2501 924 2550 καὶ
954 2498 1101 2565 πυρὸς
1134 2501 1413 2564 ἀδιακρίτοις
1450 2501 1525 2549 καὶ
1562 2500 1712 2565 ἀπρο-
1737 2506 1763 2546 d

119 2579 394 2643 βουλεύτοις
428 2581 591 2644 ὁρμαῖς
625 2582 958 2647 διαρριπτεῖται
997 2583 1230 2648 πανταχῆ,
1259 2583 1333 2630 καὶ
1372 2580 1491 2646 πρὸς
1529 2580 1716 2631 ἅπαντα

172 2732 202 2756 1.
230 2721 265 2754 ἐν
281 2723 320 2764 τῇ
338 2719 448 2766 χώρᾳ]
470 2721 504 2754 ἐκ
523 2722 581 2764 τῆς
597 2722 710 2766 χώρας
730 2721 762 2754 D
783 2733 854 2766 mg.
874 2727 907 2755 et
926 2729 965 2755 ut
983 2734 1015 2756 v.
1034 2723 1056 2755 l.
1078 2721 1144 2756 Ed.
1164 2733 1235 2767 mg.
1367 2731 1399 2755 2.
1427 2720 1466 2763 δὴ
1487 2719 1580 2755 B.D.
1597 2721 1630 2754 τί
1650 2720 1717 2755 Ed.

122 2802 155 2836 3.
183 2777 472 2833 ἕτέρουςοιξεσθαι
493 2789 534 2823 Β.
775 2801 808 2834 9.
836 2789 925 2833 ὅμως
942 2802 1006 2834 pro
1024 2792 1124 2833 νόμος
1145 2789 1186 2824 Β.
1428 2800 1480 2823 11.
1508 2792 1566 2833 τῆς
1584 2802 1654 2824 om.
1676 2790 1717 2823 B.

126 2837 178 2871 16.
205 2834 429 2882 χαριστήρια]
451 2835 696 2881 καθαριστήρια
713 2836 755 2871 Β.
807 2836 933 2870 Statim
951 2838 1009 2879 τῆς
1026 2837 1173 2880 ἀληθοῦς
1191 2836 1420 2880 σκηνοπηγίας
1440 2836 1481 2870 Β.
1580 2848 1635 2871 20.
1661 2852 1718 2880 γε-

122 2884 241 2918 νέσθαι
263 2883 303 2918 Β.
320 2882 476 2927 γίνεσθαι
498 2881 564 2916 Ed.
710 2894 765 2917 21.
791 2882 1019 2927 Ἱεροσόλυμα
1040 2883 1081 2917 Β.
1219 2893 1274 2927 27.
1301 2883 1414 2927 λέγειν
1435 2882 1475 2916 B.
1618 2884 1674 2917 28.
1700 2882 1718 2927 ἢ

123 2942 193 2988 οξΠ.
212 2930 252 2964 Β.
298 2928 600 3010 ΙΞΞίπροβουλειίτοις
616 2929 661 2963 D.
679 2929 996 2974 ἀπροσβουλεύτοις
1012 2929 1052 2963 Β.
1073 2928 1386 2973 ἀπροαβουλεύτοις
1401 2929 1468 2963 Ed.
1567 2941 1622 2974 29.
1649 2931 1720 2964 δια-

122 2991 275 3021 ριπτεται
331 3004 338 3010 .
