2084 3317
114 1038 146 1068 S.
150 1033 273 1066 Matth.

114 1079 229 1111 xxviii.
246 1086 274 1117 7.

115 1202 203 1238 207
220 1201 271 1236 A.

317 188 400 228 306
721 179 770 219 B.
805 173 1077 217 CYRILLI
1121 165 1501 212 ALEXANDR.
1750 157 1906 208 v.6,7.

321 287 730 361 μετασκευαστέον
762 285 808 337 δὲ
846 282 995 335 πάλιν
1028 284 1089 334 εἰς
1129 278 1326 343 θεωρίαν
1356 268 1673 336 πνευματικὴν
1705 266 1787 318 τὸν
1817 261 1911 315 ἀπὸ

285 401 307 428 e
324 383 407 429 τοῦ
433 374 710 442 γράμματος
736 368 898 419 τύπον.
946 364 999 414 τὸ
1026 361 1110 426 μὲν
1135 384 1217 424 της
1242 353 1559 425 Ιερουσαλὴμ
1587 346 1915 412 λελυπημένον

325 458 683 510 ἀπανίστασθαι
710 450 791 502 τὸν
817 448 1009 511 Ἰησοῦν
1036 466 1153 506 μετα
1187 440 1272 505 τὴν
1299 445 1381 490 τοῦ
1416 434 1662 535 προβάτου
1697 426 1913 499 σφαγήν

328 538 640 605 Σαμαρείταις
677 531 725 584 δὲ
762 553 836 582 και
863 526 1140 579 Γαλιλαίοις
1177 524 1437 589 ἐπιφοιτᾶν,
1465 541 1540 569 και
1572 515 1653 566 τὸν
1683 510 1920 576 σωτήριον

327 621 436 688 παρ’
486 618 673 670 ἐκείνοις
720 611 959 678 κηρύττειν
1006 606 1169 672 λόγον,
1213 605 1262 654 τί
1304 601 1361 653 ἂν
1404 599 1628 662 βούλοιτο
1675 593 1964 689 σημαίνειν5

329 704 500 768 ἕτερον,
526 698 554 763 ἢ
582 698 667 760 τὴν
693 692 946 761 γενομένην
973 691 1021 740 ἐκ
1047 692 1142 739 τῶν
1167 684 1406 736 Ἰουδαίων
1434 679 1739 747 ἀναχώρησιν
1765 675 1922 734 αὐτοῦ,

330 783 447 847 μετὰ
474 804 559 845 την
584 781 631 830 ἐν
658 782 752 830 τοῖς
771 771 1125 841 Ιεροσολύμοις
1151 770 1225 820 ἐπι
1250 768 1316 836 τῷ
1343 765 1480 833 τιμίω
1504 763 1698 829 σταυρῶ
1724 756 1925 825 σφαγήν

331 889 380 917 τε
412 888 487 916 και
515 863 732 922 θάνατον,
760 880 836 909 οτε
862 855 918 919 δὴ
945 858 1020 905 καὶ
1045 856 1140 905 τοῖς
1167 850 1223 919 ἐξ
1246 818 1392 900 ἐθνῶν
1418 867 1467 897 τε
1505 867 1579 894 και
1612 837 1927 906 ἀλλογενεσιν

334 945 499 999 ἑαυτὸν
534 942 782 1012 ἐχαρίζετο,
819 939 1086 1003 δηλοῦσθαι
1125 931 1326 984 κελευων
1360 933 1457 982 τοῖς
1495 928 1660 978 ἑαυτοῦ
1698 923 1930 987 μαθηταῖς

337 1028 455 1094 μετὰ
491 1027 575 1091 τὴν
601 1027 650 1076 ἐκ
687 1026 861 1089 νεκρῶν
888 1017 1208 1079 ἀναβίωσιν,
1194 1014 1264 1065 ότι
1303 1009 1502 1078 προάγει
1539 1005 1719 1059 πάντας
1755 1007 1814 1056 εἰς
1846 1000 1932 1065 τὴν
1957 1022 2003 1046 10

340 1110 645 1169 Γαλιλαίαν;
704 1104 758 1155 τὸ
805 1102 852 1153 δε
899 1103 972 1152 επὶ
1021 1097 1146 1149 τέλει
1198 1099 1293 1146 τῶν
1338 1091 1616 1154 ἑβδομάδων
1662 1089 1744 1149 τῆς
1797 1083 1935 1148 ἁγιας

302 1192 681 1256 ἃΠεντηκοστῆς
719 1186 1059 1249 παλινδρομεῖν
1095 1178 1237 1230 αὐτὸν
1272 1199 1333 1229 εις
1365 1172 1697 1239 Ιεροσόλυμα,
1724 1165 1935 1230 καθάπερ

341 1277 390 1326 ἐν
416 1276 580 1326 τύποις
617 1293 692 1321 και
728 1268 1003 1332 αἰνίγμασιν
1032 1260 1280 1330 ὑποφαίνει
1315 1257 1463 1308 πάλιν
1493 1252 1579 1316 τὴν
1612 1270 1842 1312 εσομενην
1874 1250 1937 1299 εἰς

341 1356 596 1408 Ἰουδαίους
637 1354 719 1416 τῆς
758 1354 841 1401 τοῦ
881 1348 1101 1411 Σωτῆρος
1143 1343 1275 1406 ἡμῶν
1314 1340 1363 1389 ἐκ
1408 1331 1770 1405 φιλανθρωπίας
1817 1330 1933 1380 ὑπο-

342 1435 564 1505 στροφὴν
609 1436 657 1485 ἐν
702 1429 923 1498 ἐσχάτοις
966 1432 1050 1478 τοῦ
1093 1422 1327 1488 παρόντος
1381 1423 1546 1470 αἰῶνος
1596 1417 1785 1480 καιροῖς,
1831 1411 1936 1462 καθ’
1964 1427 2010 1464 15

343 1520 486 1585 ὅνπερ
513 1521 554 1569 οἱ
583 1515 658 1568 διὰ
694 1516 776 1577 τῆς
810 1516 872 1566 εἰς
911 1508 1051 1561 αὐτὸν
1079 1502 1475 1565 ἀνασεσωσμενοι
1509 1499 1714 1550 πίστεως
1750 1493 1833 1547 τὰς
1869 1493 1942 1543 ἐπι

345 1606 412 1672 τῶ
452 1599 673 1667 σωτηρίω
712 1595 849 1647 πάθει
888 1611 1189 1652 πανσεμνους
1228 1588 1531 1647 ἐπιτελοῦμεν
1563 1578 1741 1645 ἑορτάς.
1801 1574 1856 1649 τὸ
1896 1573 1944 1624 δὲ

348 1683 691 1751 θεραπεύεσθαι
733 1676 815 1729 τὸν
855 1673 1134 1740 παράλυτον
1174 1668 1267 1735 πρὸ
1309 1670 1471 1732 καιροῦ
1512 1668 1595 1714 τοῦ
1638 1682 1758 1711 κατα
1802 1655 1946 1719 νόμον

351 1767 547 1826 τελείου,
586 1760 808 1826 σημαίνει
846 1755 996 1809 πάλιν
1035 1756 1096 1807 ὡς
1136 1751 1212 1802 δια
1251 1750 1401 1801 τύπου
1438 1751 1521 1798 τοῦ
1563 1737 1944 1807 συμβεβηκότος,

308 1849 425 1900 Ι)ότι
465 1848 717 1905 δυσσεβῶς
757 1836 1109 1906 ἐμπαροινήσας
1149 1835 1174 1884 6
1208 1830 1413 1898 Ισραὴλ
1452 1832 1518 1898 τῶ
1559 1827 1760 1892 Χριστῷ
1798 1823 1943 1872 ἀσθε-
1971 1841 2019 1865 20

356 1931 491 1996 νήσει
525 1927 608 1992 μὲν
642 1948 718 1977 και
756 1918 1152 1989 παραλυθησεται
1194 1938 1268 1965 και
1307 1934 1514 2006 μάκρους
1550 1910 1597 1959 ἐν
1629 1906 1771 1974 ἀργία
1810 1925 1951 1955 κατα-

355 2014 515 2081 τρίψει
551 2007 764 2077 χρόνους,
791 2004 845 2055 οὐ
880 2002 974 2066 μὴν
1000 2004 1062 2054 εἷς
1097 1998 1281 2049 τελειαν
1314 1993 1558 2061 οιχήσεται
1594 1988 1812 2048 κόλασιν,
1839 1982 1948 2036 ἀλλ’

358 2096 494 2147 ἐσται
528 2114 598 2145 τις
634 2090 760 2157 αὐτῷ
796 2083 926 2152 παρὰ
961 2087 1045 2133 τοῦ
1074 2081 1294 2145 Σωτῆρος
1328 2072 1577 2136 ἐπισκοπὴ,
1606 2094 1680 2122 και
1714 2068 1950 2134 ὑγιασθή-

361 2198 496 2228 σεται
523 2177 599 2224 καὶ
625 2169 764 2223 αὐτὸς
790 2169 864 2219 ἐπι
890 2170 948 2234 τῇ
975 2160 1289 2228 κολυμβήθρα
1316 2159 1369 2209 δι’
1399 2157 1604 2218 ὑπακοῆς
1633 2175 1707 2203 και
1733 2149 1952 2202 πίστεως

364 2260 435 2311 ὅτι
474 2257 521 2308 δὲ
556 2253 733 2306 τέλειος
769 2248 888 2302 κατὰ
923 2246 1067 2311 νόμον
1099 2243 1182 2295 τὸν
1214 2241 1338 2293 θεῖόν
1370 2242 1502 2291 ἐστιν
1534 2239 1558 2287 ὁ
1593 2232 1957 2299 τεσσαράκοντα
1979 2250 2027 2289 25

365 2339 576 2408 ἀριθμος,
604 2333 862 2398 οὐδαμόθεν
887 2328 944 2381 ἂν
976 2328 1158 2395 γε’νοιτο
1193 2321 1406 2391 χαλεπὸν
1433 2322 1666 2384 ἐκμαθεῖν,
1693 2319 1788 2368 τοῖς
1825 2311 1961 2381 ἅπαξ

329 2428 468 2509 Οταῖς
495 2420 636 2473 θείαις
663 2418 887 2481 ὁμιλοῦσι
912 2414 1135 2478 γραφαῖς.

331 2553 348 2591 7
389 2552 505 2597 Mem
544 2546 662 2599 αὐτῷ
699 2543 722 2587 ὁ
753 2542 922 2583 ἸΗσοῦο
961 2537 1113 2580 Θέλεις
1151 2533 1269 2581 ὑΓιέιε
1309 2532 1529 2581 Γενεσθαι;
1579 2525 1789 2583 ἀπεκρίΘΗ
1829 2523 1946 2576 αὐτῷ

1035 2621 1057 2662 ὁ
1097 2617 1304 2660 ἀσθενῶν,

448 2719 718 2789 Ἀπόδειξις
758 2712 956 2781 ἐναργὴς
991 2714 1074 2776 τῆς
1107 2714 1168 2763 εἰς
1200 2709 1343 2775 ἄκρον
1371 2703 1661 2772 ἀγαθότητος
1694 2705 1778 2751 τοῦ
1803 2701 1964 2764 Χρισ-
1988 2714 2039 2750 30
2083 2729 2084 2747 2

2082 2694 2084 2717 ι

2082 2748 2084 2772 Ι

428 2864 458 2887 2.
484 2851 680 2897 γράμματος
700 2847 742 2881 Β.
760 2845 960 2900 πράγματος
979 2840 1046 2875 Ed.
1111 2837 1188 2883 μέν]
1213 2841 1247 2878 -1-
1270 2836 1335 2881 ’γὰρ
1355 2834 1421 2869 Ed.
1440 2845 1499 2868 lm
1502 2839 1550 2866 lto
1570 2831 1611 2866 B.
1713 2840 1747 2873 3.
1772 2824 1968 2867 ἁπαναστὴ-
2082 2812 2084 2830 ¹

380 2900 506 2934 σεσθαι
527 2898 568 2932 B.
749 2902 783 2937 5.
809 2888 887 2934 παρ’
906 2893 1130 2932 assumptum
1148 2897 1187 2918 ex
1210 2884 1251 2917 B.
1430 2892 1463 2926 9.
1489 2879 1607 2914 ἑαυτὸν
1625 2880 1848 2936 ass‘umptum
1865 2884 1906 2906 ex
1926 2871 1968 2905 B.
2081 2879 2084 2919 Ι

2081 2974 2084 2990 ι

385 2959 396 2980 1
409 2959 437 2980 1.
464 2946 502 2979 τὸ
521 2945 555 2978 δὲ
574 2943 629 2977 ἐπι
646 2940 736 2976 τέλει
753 2941 820 2973 τῶν
838 2935 1036 2980 ἑβδομάδων
1053 2945 1124 2967 orn.
1145 2931 1187 2965 Β.
1347 2939 1403 2971 25.
1429 2927 1510 2961 κατὰ
1530 2923 1648 2970 νόμον]
1669 2925 1686 2956 ὁ
1705 2921 1787 2956 κατὰ
1805 2921 1906 2963 νόμον
1925 2917 1967 2952 Β.

384 3003 438 3037 27.
465 2990 553 3036 ταῖς]
573 2991 631 3033 τῆς
650 2987 744 3022 Aub.
