2084 3317
158 167 280 213 v.23.
369 162 442 203 IN
484 166 526 207 S.
561 167 897 215 JOANNEM.
961 177 1086 220 LIB.
1121 181 1181 226 11„
1245 184 1378 227 CAP.
1406 188 1533 231 VIII.
1663 196 1745 237 337

154 264 247 332 γὰρ
273 269 469 325 ἐποιεῖτο
497 280 691 346 Πατέρα
717 281 798 334 τὸν
824 285 966 337 Θεόν·
1007 295 1464 352 προκατασκευάσας
1496 299 1545 351 δὲ
1579 301 1742 363 πάλιν,

151 346 222 399 ὅτι
261 354 336 403 καὶ
375 355 498 411 Θεὸς
530 365 834 431 Δημιουργὸς
874 370 949 420 καὶ
988 369 1080 437 ζωὴ
1119 375 1218 425 κατ’
1255 377 1482 440 ἀλήθειάν
1517 383 1635 447 ἐστι,
1667 389 1743 440 καὶ

148 429 286 496 ὅλως,
314 435 368 486 ἵν’
397 440 544 495 οὕτως
581 444 709 509 εἴπω,
736 453 833 502 τοῖς
866 456 950 501 τοῦ
976 455 1101 504 Θεοῦ
1127 459 1204 507 καὶ
1232 459 1425 524 Πατρὸς
1451 464 1736 532 ἐπαγλαϊᾷί-

145 536 286 576 μενον
321 520 544 585 ἱδιώμασι
578 532 966 597 προεισενεγκὼν,
992 536 1214 604 εὐκαίρως
1250 541 1414 608 ἐπάγει
1450 546 1621 598 λοιπόν
1643 548 1740 605 Ἵνα,

102 607 124 645 5
146 595 310 654 πάντες
337 603 499 669 τιμῶσι
528 608 594 659 τὶν
619 610 711 662 Τὶὃν
741 612 886 669 καθῶς
916 616 1078 685 τιμῶσι
1115 622 1190 671 καὶ
1225 623 1293 674 τὶν
1322 627 1518 697 Πατέρα.
1571 628 1669 682 εἶτα
1695 635 1744 684 τί

143 677 198 728 τὸ
236 683 552 739 ἀντιστατοῦν
586 693 892 762 ἀναφανεῖται
931 700 1114 764 λοιπὸν,
1149 704 1198 754 τί
1233 704 1282 756 δὲ
1318 707 1372 758 τὸ
1412 711 1598 762 κωλύον
1633 715 1735 765 ἐστὶ

142 760 239 820 τὸν,
281 762 408 833 ᾧπερ
459 771 700 828 οὐσιωδῶς
751 777 999 847 ἐνυπάρχει
1044 783 1104 833 τὰ
1148 791 1231 837 τοῦ
1275 789 1593 855 γεννήσαντος
1642 796 1733 851 ’ίδια
1753 816 1774 844 0

141 846 215 893 καὶ
255 845 482 914 ἐξαίρετα,
521 853 639 919 πρὸς
684 855 738 907 τὸ
777 858 884 910 ἰ’σον
922 865 1005 926 τῆς
1043 869 1178 930 τιμῆς
1219 870 1489 930 ἀναβαίνειν
1525 877 1727 943 μέτρον;

138 925 283 990 αὐτὴν
311 929 402 995 γὰρ
439 932 527 998 ἤδη
562 942 786 999 τιμῶντες
819 940 906 1004 τὴν
932 949 1015 994 τοῦ
1042 949 1166 999 Θεοῦ
1198 953 1272 1001 καὶ
1304 954 1497 1020 Πατρὸς
1533 959 1728 1012 ἁλωσό-

68 1025 116 1052 10
135 1011 255 1067 μεθα
295 1011 458 1077 φύσιν,
495 1022 652 1073 καλῶς
691 1022 739 1071 ἐν
767 1026 867 1093 Υἱῷ
903 1027 1289 1091 διαλάμπουσαν·
1344 1035 1420 1086 διὰ
1458 1038 1553 1106 γὰρ
1591 1045 1730 1095 τοῦτό

135 1093 286 1157 φησιν
317 1095 490 1165 ἐφεξῆς
515 1099 573 1151 eO
605 1100 665 1167 μὴ
705 1105 840 1171 τιμῶν
871 1107 937 1158 τὶν
968 1115 1061 1162 ’Υἱέν
1102 1117 1144 1163 οὐ
1184 1122 1301 1188 τιμᾷ
1339 1117 1405 1170 τον
1442 1123 1622 1192 Πατέρα
1661 1126 1729 1178 τὶν

133 1171 401 1242 πέμψαντα
452 1184 591 1233 αὐτόν.
667 1187 960 1252 ἀναβήσεται
1010 1193 1105 1260 γὰρ
1156 1198 1239 1248 οὐκ
1290 1201 1361 1269 ἐφ’
1415 1203 1571 1270 ἕτερόν
1622 1230 1726 1259 τινα

131 1258 322 1314 μᾶλλον
349 1263 431 1324 τῆς
457 1266 521 1317 εἰς
547 1264 665 1317 Υὶὸν
689 1270 875 1330 ἀτιμίας
900 1271 954 1323 τὸ
980 1274 1210 1342 ἔγκλημα,
1238 1284 1312 1333 καὶ
1340 1286 1422 1347 τῆς
1449 1289 1725 1357 δυσφημίας

131 1335 159 1399 ἦ
199 1337 404 1405 δύναμις,
442 1344 469 1409 ἢ
511 1351 575 1401 εἷς
613 1350 756 1401 αὐτὸν
792 1355 1113 1424 ἀληθέστερον
1150 1361 1232 1412 τὸν
1269 1367 1476 1431 Πατέρα,
1511 1371 1722 1439 καθάπερ

61 1434 107 1472 15
132 1418 223 1471 ἀπὸ
267 1428 423 1490 πηγῆς
467 1431 549 1491 τῆς
596 1434 764 1487 οἰκείας
809 1436 1002 1503 φύσεως
1047 1442 1214 1494 ἀνέντα
1259 1445 1342 1498 τὸν
1383 1448 1514 1513 Υἱὸν,
1560 1457 1596 1503 εἰ
1645 1458 1720 1506 καὶ

126 1505 447 1575 συνυπάρχων
497 1513 654 1567 ἀϊδίως
705 1517 832 1586 αὐτῷ
884 1520 959 1570 διὰ
1009 1523 1171 1589 πάσης
1223 1529 1385 1594 ὁρᾶται
1442 1535 1525 1597 τῆς
1582 1537 1719 1602 ἁγίας
1737 1548 1764 1589 d

124 1591 326 1654 γραφῆς.

198 1670 361 1722 Ἀλλὰ
406 1677 492 1738 ναὶ,
541 1682 692 1745 φησὶν
737 1683 762 1733 ὁ
811 1685 865 1734 δι’
909 1687 1132 1752 ἐναντίας,
1179 1692 1325 1755 ἡκέτω
1368 1699 1450 1760 τῆς
1495 1703 1557 1753 εἱς
1599 1699 1717 1752 Υἱὸν

124 1750 308 1812 ἀτιμίας
346 1754 400 1806 τὸ
439 1758 656 1825 ἔγκλημα
694 1763 812 1830 πρός
852 1766 968 1834 ὅπερ
1008 1768 1065 1821 ἂν
1099 1774 1309 1839 βούλοιο,
1343 1783 1534 1840 μᾶλλον
1566 1781 1615 1832 δὲ
1652 1787 1715 1837 εἷς

53 1850 102 1876 20
123 1831 264 1884 αὐτὸν
301 1837 590 1905 ἀφικνείσθω
628 1842 712 1896 τὸν
739 1846 865 1899 Θεὸν
894 1852 970 1901 καὶ
1005 1855 1211 1922 Πατέρα.
1263 1860 1581 1927 ἀγανακτήσει
1620 1866 1714 1931 γὰρ

120 1913 177 1977 δὴ
228 1919 304 1968 καὶ
349 1919 483 1982 μάλα
527 1926 728 1991 εἰκότως,
774 1932 884 1982 ἀλλ’
932 1935 1035 2002 οὐχὶ
1079 1937 1282 2004 πάντως,
1327 1945 1389 1997 ὡς
1439 1948 1522 2009 τῆς
1570 1948 1713 2000 αὐτοῦ

119 1996 311 2063 φύσεως
351 2003 637 2071 ὑβρισμένης
677 2012 726 2061 ἐν
764 2015 879 2083 Υἱῲ,
918 2017 1039 2068 κατὰ
1077 2019 1160 2070 τὸν
1199 2024 1367 2089 ἀρτίως
1412 2026 1522 2091 ἡμῖν
1562 2034 1705 2097 φιλο-

115 2083 400 2147 τεχνηθε’ντα
450 2086 612 2154 λόγον,
669 2094 779 2144 ἀλλ’
833 2098 1021 2165 ἐπείπερ
1074 2104 1205 2154 ἐστὶν
1256 2107 1391 2158 εἰκὼν
1443 2111 1584 2162 αὐτοῦ
1633 2115 1708 2164 καὶ

113 2164 372 2232 χαρακτὴρ,
401 2170 462 2222 ὡς
499 2170 619 2237 πρὸς
656 2174 742 2239 τὴν
778 2180 906 2230 θείαν
937 2204 986 2232 τε
1026 2186 1101 2234 καὶ
1141 2185 1344 2254 ὀίρῥήτον
1377 2192 1519 2243 αὐτοῦ
1558 2195 1708 2261 φύσιν

43 2263 92 2301 25
113 2242 287 2310 ἄριστα
325 2255 708 2321 μεμορφωμένος,
743 2267 1019 2327 χαλεπαίνει
1057 2265 1143 2329 μὲν
1177 2270 1401 2338 εὐλόγως,
1439 2276 1618 2326 ἀνοίσει
1657 2278 1745 2328 δέθ

110 2324 300 2383 πάντως
340 2335 402 2385 εἰς
447 2335 612 2388 ἑαυτὸν
655 2339 709 2391 τὸ
760 2344 976 2408 ἀδίκημα,
1047 2352 1123 2401 καὶ
1168 2351 1263 2419 γὰρ
1309 2353 1366 2419 ἦν
1412 2356 1558 2411 ὅντως
1609 2363 1704 2409 τῶν

108 2408 440 2478 ἀτοπωτάτων,
477 2417 560 2469 τὸν
595 2427 692 2477 τοῖς
730 2424 867 2480 θείοις
906 2435 1232 2499 χαρακτῆρσιν
1266 2437 1698 2504 ἐμπαροινήσαντα,

106 2488 173 2555 μὴ
215 2493 318 2562 οὐχὶ
359 2496 548 2555 πάντως
593 2507 674 2568 τῆς
719 2510 781 2561 εὶς
823 2510 1088 2578 ἀρχέτυπον
1128 2517 1358 2584 ἁμαρτίας
1400 2523 1699 2575 ἀποτιννύναι

106 2574 249 2628 δίκας.
315 2577 478 2648 ὥσπερ
523 2585 604 2637 οὖν
642 2587 819 2653 ἀμέλει,
859 2595 935 2644 καὶ
975 2596 1000 2646 ὃ
1039 2603 1138 2652 ταῖς·
1177 2601 1324 2653 εἰκόσι
1364 2607 1459 2653 τῶν
1497 2606 1570 2655 ἐπὶ
1610 2609 1699 2670 γῆς

35 2678 86 2714 30
104 2658 350 2712 βασιλέων
382 2664 748 2735 ἐμπαροινήσας,
783 2675 847 2727 ὡς
881 2678 943 2730 εἷς
978 2678 1121 2730 αὐτὸν
1155 2682 1243 2746 ἤδη
1279 2688 1696 2750 πεπλημμεληκὼς

102 2735 186 2789 τὸν
224 2749 487 2807 κρατοῦντα
526 2750 788 2818 κολάζεται·
843 2759 1107 2823 ὡρισμένον
1146 2763 1201 2814 δέ
1231 2787 1276 2815 τι
1315 2773 1527 2819 τοιοῦτον
1565 2771 1695 2837 παρὰ

148 2895 180 2919 2.
208 2886 273 2931 ζωὴ
294 2887 336 2923 Β.
356 2890 421 2932 ζῶν
439 2891 505 2927 Ed.
680 2910 713 2944 3.
739 2900 839 2944 ὅλως,
858 2904 896 2939 ἶν’
915 2905 1037 2952 οὕτως]
1059 2908 1152 2944 ὅλοις
1169 2909 1274 2946 οὕτως
1294 2911 1334 2946 Β.
1505 2926 1536 2962 5.
1565 2919 1618 2952 καὶ
1637 2932 1690 2954 as-

99 2939 284 2977 sumptum
302 2947 343 2970 ex
364 2937 405 2972 B.
601 2955 653 2979 11.
680 2947 757 2991 ἑξῆς
777 2949 818 2984 Β.
1024 2966 1077 2999 13.
1102 2957 1237 2999 μᾶλλον
1254 2965 1335 2993 ante
1352 2960 1412 2994 οὐκ
1429 2967 1628 3010 transponit
1648 2968 1689 3003 Β,

99 2988 156 3013 21.
182 2980 286 3015 αὐτοῦ
306 2982 346 3017 Β.
366 2985 466 3028 αὐτῆς
485 2987 550 3023 Ed.

155 3046 247 3076 VOL.
272 3050 301 3078 1.
867 3065 893 3092 X
916 3069 941 3093 X
