2084 3317
363 153 446 193 704
764 153 813 194 Β.
849 152 1123 194 CYRILLI
1164 153 1548 195 ALEXANDR.
1795 152 1865 194 vii.
1882 160 1952 205 47.

975 264 995 274 Α
1038 261 1062 278 '5

360 258 667 327 “ῥευ’σουσιν
700 261 867 316 ὕδατος
905 261 1035 328 ζωης.
1110 267 1258 312 ταῦτα
1290 261 1339 312 δὲ
1375 267 1638 315 λαλοῦντος
1668 261 1952 325 ἠκούσαμεν,

359 340 417 405 ἧν
468 343 550 393 οὐν
595 343 687 409 ἆρα
739 342 883 411 φύσει
930 343 1053 397 Θεὸς
1105 344 1130 394 ὁ
1180 349 1276 398 τοῖς
1324 343 1440 410 ὑπὲρ
1491 344 1742 408 ἄνθρωπον
1790 341 1953 408 λόγοις

359 424 613 479 ἀκινδύνως
650 425 1113 492 μεγαλαυχούμενος·
1155 425 1210 475 τὸ
1250 424 1299 476 δὲ
1339 428 1489 491 θηρᾶν
1521 427 1765 492 ἐπιχειρεῖν
1801 427 1862 478 ὡς
1900 424 1958 492 ἐξ

134 520 227 557 480
241 520 293 558 A.
320 505 569 572 ειάνάγκης
607 509 683 557 καὶ
721 507 829 568 βίας
868 506 951 557 τὸν
990 505 1106 573 ὑπὲρ
1145 505 1230 571 τὴν
1270 507 1440 569 κτίσιν,
1480 511 1581 560 πῶς
1623 507 1707 558 οὐκ
1751 509 1846 572 ἐρεῖ
1883 529 1952 561 τις

359 588 814 657 ἐπισφαλέστατον;
865 587 894 653 ὴ
936 592 1036 642 πῶς
1079 586 1136 639 ἂν
1174 588 1278 652 ἥλω
1316 588 1437 656 πρὸς
1475 589 1608 653 ἡμῶν
1646 589 1732 656 οὐχ
1772 587 1889 639 ἑκὼν
1926 590 1996 643 65

357 676 589 721 τοσοῦτον
628 670 742 736 ὑπὲρ
787 671 922 734 ἡμᾶς,
963 671 1082 721 ὅσον
1121 671 1375 737 ἀνθρώπου
1415 671 1570 733 Θεός5
1630 671 1797 721 οὐκοῦν
1835 669 1954 721 ἀπό-

358 752 502 820 δειξιν
539 753 712 818 ἐναργῆ
757 758 840 803 τοῦ
884 752 1004 803 κατὰ
1051 752 1202 820 φύσιν
1239 751 1353 803 εἶναι
1394 752 1520 804 Θεὸν
1562 752 1645 803 τὸν
1688 751 1866 818 Κύριον
1911 755 1953 803 οἱ

359 833 581 901 ὑπηρέται
615 834 917 900 προτείνουσι
954 834 1008 885 τό
1039 831 1269 886 Οὐδέποτε
1307 834 1525 896 ἐλάλησεν
1551 833 1770 900 ἄνθρωπος
1804 834 1949 889 οὕτως.

357 915 617 980 πλήττεται
651 915 699 967 δὲ
737 916 1037 984 πανταχόθεν
1076 917 1101 967 ὁ
1137 915 1383 984 θεομάχος,
1413 919 1488 968 καὶ
1525 918 1579 968 δι’
1608 914 1674 967 ὧν
1709 915 1766 967 ἂν
1793 918 1954 980 νοῆται
2078 983 2079 986 ¹

357 1002 619 1065 κατορθοῦν
669 997 723 1049 τὸ
774 999 1086 1063 ποθούμενον,
1131 998 1208 1050 διὰ
1255 999 1435 1051 τούτων
1485 1000 1640 1051 αὐτῶν
1689 999 1773 1050 οὐκ
1822 998 1952 1053 εἰδὼς
1976 1020 2025 1046 10
2077 994 2080 1043 ⁴⁴

358 1080 718 1150 ἐπισφάττεται.

288 1220 336 1259 47
368 1217 685 1277 ἈΠεκρίθΗσαν
724 1216 869 1261 αὐτοῖς
907 1216 945 1260 οἷ
983 1217 1212 1277 Φαρισαῖοι
1247 1218 1320 1259 M&
1361 1218 1430 1259 καὶ
1467 1213 1585 1267 ὑμεῖς
1623 1216 1929 1271 ΠεπλάνΗσθε;

312 1279 339 1319 b
450 1330 460 1346 9
644 1329 657 1345 Ι
845 1327 856 1344 ¹
1007 1328 1026 1346 J·
1228 1326 1241 1343 Χ
1337 1329 1348 1342 C
1467 1327 1480 1344 Ι
1639 1330 1648 1344 )
1695 1326 1704 1339 Ῑ
1934 1325 1946 1343 Ν

466 1333 798 1396 Εντονωτερον
863 1328 1112 1395 Ιουδαιζειν
1164 1351 1272 1381 τους
1326 1350 1559 1394 υπηρετας
1613 1349 1732 1380 εικος
1787 1349 1842 1392 γε
1895 1329 1952 1391 δη

355 1411 564 1480 σφόδρα,
607 1413 684 1462 καὶ
725 1410 1134 1477 προσεδρεύοντας
1180 1408 1263 1476 μὲν
1306 1414 1402 1463 τοῖς
1447 1412 1705 1477 Φοιρισ-οιίοις
1749 1411 1834 1468 ἀεὶ,
1877 1411 1952 1460 καὶ

355 1497 510 1557 κοινῆς
544 1495 700 1548 αὐτοῖς
737 1493 1068 1562 μετασχόντας
1103 1492 1308 1560 γνώμης,
1334 1490 1443 1545 τοὺς
1479 1490 1528 1542 δὲ
1561 1495 1656 1541 τῶν
1682 1490 1953 1557 ἡγουμένων
1976 1510 2022 1547 15
2079 1507 2081 1509 ’

355 1577 425 1626 ἀεὶ
474 1577 926 1642 περιαντλουμένους
977 1574 1165 1641 λόγους,
1216 1580 1366 1625 ταῦτα
1422 1572 1471 1624 δὲ
1522 1577 1715 1641 φρονεῖν
1766 1574 1828 1627 ὡς
1884 1574 1953 1624 ἀεὶ

356 1658 590 1711 συνόντας
640 1657 1088 1722 ἀναπεπεισμένους.
1160 1656 1317 1720 ἐπειδὴ
1370 1655 1418 1706 δὲ
1467 1655 1583 1720 ἧκον
1628 1655 1824 1720 ἄγοντες
1869 1654 1955 1718 μὲν

356 1740 572 1801 οὐδαμῶς
606 1739 689 1791 τὸν
720 1740 910 1806 Κύριον,
946 1738 1398 1804 καταπεπληγμένοι
1434 1736 1482 1788 δὲ
1517 1737 1626 1804 παρ’
1658 1738 1843 1800 ἐλπίδα,
1877 1739 1954 1788 καὶ

357 1820 411 1872 ὃν
438 1823 520 1873 οὐκ
546 1822 635 1873 ἔδει
661 1827 818 1887 μισεῖν
841 1824 889 1874 ἐν
916 1824 1096 1890 ἀρχαῖς,
1125 1820 1218 1890 ὀψὲ
1251 1823 1324 1871 καὶ
1353 1819 1494 1883 μόλις
1521 1818 1850 1886 θαυμάζοντες,
1877 1820 1954 1870 καὶ

316 1926 339 1953 c
357 1903 464 1957 τοὺς
491 1904 671 1958 ἄλλους
697 1904 912 1958 ἅπαντας
936 1902 1056 1970 πρὸς
1083 1904 1237 1954 αὐτῶν
1264 1902 1603 1953 ἀναπείθεσθαι
1635 1901 1948 1968 λογιζόμενοι,
1972 1927 2024 1953 20
2072 1911 2074 1914 ’

355 1985 476 2050 μετὰ
509 1989 698 2051 πολλῆς
733 2010 857 2041 τινος
892 1989 975 2050 τῆς
1008 1986 1212 2051 ἀγωνίας
1239 1984 1368 2053 φασί
1392 1982 1465 2044 Μὴ
1496 1987 1575 2035 καὶ
1604 1987 1728 2052 ὑμεῖς
1753 1982 1950 2035 πεπλά-

357 2067 501 2129 νησθε,
543 2068 683 2122 σύνες
708 2068 802 2135 γὰρ
829 2068 954 2121 ὅπως
987 2067 1265 2134 ἀπόγνωσίν
1290 2089 1394 2117 τινα
1429 2069 1512 2130 τῆς
1547 2068 1622 2117 ἐπὶ
1656 2070 1753 2119 τοῖς
1788 2066 1953 2130 δήμοις

355 2151 545 2204 ἐλπίδος
573 2150 725 2201 ὠδίνει
758 2149 812 2202 τὸ
848 2149 1102 2217 εἰρημένον.
1158 2152 1221 2203 ὡς
1245 2147 1339 2215 γὰρ
1364 2149 1453 2214 ἠδη
1479 2148 1843 2212 πεπλανημένης
1868 2150 1952 2211 τῆς

355 2232 514 2297 ἄλλης
550 2232 779 2333 πληθύος,
819 2255 1016 2299 οσοιπερ
1055 2231 1182 2296 ἦσαν
1221 2232 1304 2282 οὐκ
1343 2230 1717 2299 ἀσφαλέστεροι,
1755 2230 1839 2281 τὸν
1876 2232 1951 2282 ἐπὶ

355 2319 452 2369 τοῖς
498 2315 747 2381 ὑπηρέταις
790 2315 1106 2383 προΐσχονται
1151 2313 1324 2382 φόβον.
1397 2312 1483 2377 τὴν
1517 2336 1603 2373 μεν
1640 2312 1735 2379 γὰρ
1772 2312 1948 2378 αλλην,
1971 2336 2021 2376 25
2066 2368 2067 2371 ,

357 2399 495 2466 φησὶ,
528 2401 622 2448 τῶν
661 2398 898 2463 ἀγελαίων
935 2395 1125 2462 πληθὺν
1163 2401 1259 2450 τοῖς
1299 2399 1435 2462 ἱεροῖς
1475 2396 1558 2446 οὐκ
1596 2395 1952 2462 ἐντετριμμένην

309 2499 337 2540 d
357 2477 650 2544 γράμμασιν,
679 2478 791 2530 ἀλλ’
820 2478 925 2531 οὐδὲ
949 2482 1009 2547 τῇ
1035 2478 1322 2546 προσεδρείᾳ
1357 2481 1414 2545 τῇ
1450 2475 1570 2543 πρὸς
1606 2477 1726 2541 ἡμᾶς
1752 2479 1946 2545 ὠχυρω-
2056 2479 2067 2549 ’ζὶ

355 2561 513 2625 μένην,
563 2560 771 2613 διδόσθω
820 2561 966 2630 τυχὸν
1016 2558 1405 2627 ἀπεριεργάστοις
1454 2560 1581 2629 αὐτῷ
1629 2563 1952 2625 προστεθῆναι
2052 2548 2067 2574 '³

408 2704 439 2727 Ι.
466 2693 550 2737 ζωῆς
568 2692 610 2726 Β
615 2705 645 2728 a.
665 2694 788 2736 ζῶντος
807 2693 925 2728 Holst.
945 2692 1012 2727 Ed.
1277 2690 1310 2725 6.
1336 2690 1514 2735 ἀνθρώπου
1534 2690 1576 2724 Β.
1594 2690 1780 2735 ἀνθρώπων
1798 2690 1862 2726 Ht.
1881 2690 1950 2726 Ed.

357 2740 392 2774 8.
418 2738 523 2775 οὕτως
540 2739 739 2784 ἅνθρωπος
733 2753 792 2774 mv
795 2752 872 2774 erso
890 2740 1013 2775 ordine
1031 2751 1061 2773 a.
1278 2749 1312 2782 9.
1339 2737 1378 2771 ἂν
1395 2744 1619 2782 assumptum
1637 2749 1676 2770 ex
1698 2737 1741 2772 Β.
1823 2737 1950 2772 Statim

356 2788 471 2829 νοῆται
491 2786 532 2820 Β.
551 2789 675 2821 νοεῖται
694 2787 762 2821 Ed.
1030 2797 1083 2831 13.
1107 2784 1353 2828 Ἐντονώτερον
1372 2784 1414 2818 Β.
1417 2796 1447 2817 a.
1452 2795 1482 2818 c.
1502 2783 1609 2818 Cord.
1629 2784 1862 2830 Εὐτονώτερον
1880 2783 1949 2819 Ed.

361 2844 415 2875 15.
440 2833 646 2877 μετέχοντας
663 2846 693 2868 a.
699 2845 728 2867 c.
749 2833 857 2867 Cord.
943 2835 1014 2869 τοῖς
1031 2844 1094 2878 pro
1112 2831 1190 2867 τοὺς
1209 2831 1251 2865 Β.
1399 2830 1451 2864 16.
1477 2830 1582 2865 ταύτὰ
1600 2831 1639 2875 δὴ
1658 2831 1798 2875 conjicit
1817 2831 1947 2876 Heyse.

361 2888 413 2923 17.
441 2879 742 2936 ἀναπεπεισμενοις
762 2880 803 2914 Β.
825 2880 888 2914 Ht.
1119 2889 1175 2912 20.
1199 2878 1266 2922 πρὸ
1284 2878 1386 2911 αὐτὸν
1406 2878 1448 2911 Β.
1686 2888 1742 2920 24.
1747 2892 1866 2958 6οιπερ
1883 2889 1913 2912 a.
1918 2889 1947 2912 c.

357 2935 414 2967 25.
438 2925 647 2971 προΐσχοντε
667 2930 720 2970 (=
737 2926 981 2972 προισχονται)
1003 2926 1044 2961 Β.
1062 2923 1289 2970 προΐσχοντες
1310 2924 1373 2958 ht.
1393 2924 1461 2958 Ed.
1747 2923 1780 2959 6.
1806 2924 1897 2970 φασὶ
1915 2936 1947 2959 a.

358 2981 414 3017 27.
440 2973 664 3018 ὦχυρωμενην
680 2986 711 3009 a.
730 2974 948 3020 ὀχυρωμενην
966 2972 1032 3008 Ed.
1099 2972 1225 3008 Statim
1243 2971 1398 3006 δεδόσθω
1416 2982 1447 3005 a.
