2084 3317
0 160 2 197 ὲ
116 132 187 172 vii.
206 146 273 188 30.
375 134 446 175 IN
493 137 535 177 S.
570 138 907 182 JOANNEM.
972 142 1095 184 LIB.
1121 144 1172 184 V.
1236 145 1368 187 CAP.
1403 147 1437 188 I.
1619 150 1700 189 663

0 222 2 256 ⁵
114 244 176 296 εὶς
213 244 384 296 θυσίαν
421 251 487 316 τῷ
528 252 654 318 Θεῷ.
709 250 779 301 ὅτι
819 252 867 302 δὲ
905 255 1183 323 πλεονεξίας
1223 256 1416 320 ἁπάσης
1454 261 1536 321 τῆς
1570 259 1702 324 παρά

111 344 252 375 τινων
277 299 524 395 ἐλευθεριαν
550 301 731 399 ἐδέχετο
755 333 841 398 τὴν
868 334 983 401 ὑπερ
1010 336 1232 388 ἁπάντων
1259 338 1472 406 σφαγὴν,
1502 341 1593 389 δια
1581 363 1700 405 γνω-

111 404 295 468 σόμεθα
338 409 486 461 πάλιν
529 412 643 464 ὅταν
684 417 732 465 ἐν
773 419 990 484 ψαλμοῖς
1032 418 1274 483 ἀκούωμεν
1315 422 1540 486 λεγοντος
1580 421 1698 488 πρὸς

111 485 236 538 Θεον
268 492 343 541 καὶ
382 493 574 560 Πατερα
601 502 628 524 “
650 499 839 548 Θυσίαν
869 522 943 550 και
982 500 1274 569 προσφορὰν
1310 503 1393 553 οὐκ
1432 502 1692 568 ἠθελησας,
1714 539 1735 565 0
1757 505 1871 580 fgix·

66 580 89 618 5
112 576 138 599 ‘⁶
162 593 307 635 σωμα
333 572 383 624 δε
410 577 680 642 κατηρτίσω
706 597 798 641 μ·οι
833 581 1206 646 ὁλοκαυτωματα
1233 608 1307 635 και
1332 608 1438 650 περι
1465 586 1696 652 ἁμαρτιας
1759 600 1798 631 7-
1800 602 1830 633 9·

125 654 244 704 6οὐκ
269 655 550 721 ηὐδόκησας,
579 659 683 711 τότε
710 658 841 712 εἶπον
867 662 1046 714 Ἰδου
1023 688 1138 729 ηκω,
1168 668 1215 716 ἐν
1242 667 1463 736 κεφαλίδι
1499 669 1696 730 βιβλίου

108 735 425 802 6ζ’γεγραπτοιι
448 763 552 806 περι
577 743 702 804 ἐμοῦ,
724 749 806 794 τοῦ
832 767 1028 809 ποιησαι
1055 746 1109 797 τὸ
1137 746 1326 847 θέλημά
1351 772 1443 800 σου
1468 748 1506 800 ὠ
1532 750 1694 804 3⁶69?

105 817 219 886 ὁρᾷς
246 842 372 874 οπως
399 821 662 884 αὐτόμολος
689 828 752 879 εἰς
779 824 832 877 τὸ
861 827 976 894 ὑπερ
1002 852 1194 880 παντων
1220 832 1332 881 ἀνίει
1365 830 1550 886 πάθος·
1539 873 1551 895 ,
1597 832 1694 884 ἱδου

103 897 196 966 γὰρ
223 901 332 965 ἥκω,
361 905 525 971 φησὶν,
553 906 636 956 οὐκ
663 906 720 975 ἐξ
742 906 951 974 ἀνάγκης
977 913 1060 974 τῆς
1086 913 1195 977 παρ’
1225 914 1384 979 ἐτέρου
1413 913 1688 981 τεθήραμαι.

34 1001 84 1028 10
104 982 420 1049 διαδιδράσκει
458 986 612 1038 τοίνυν
650 994 743 1039 τῶν
781 990 1053 1055 ἡγουμένων
1091 991 1145 1044 τὸ
1183 996 1449 1060 παραυτίκα
1488 995 1687 1062 θράσος,

214 575 235 584 Α

101 1068 247 1134 καιρῷ
284 1070 350 1135 τῷ
388 1068 615 1134 πρέποντι
655 1069 708 1121 τὸ
747 1077 915 1124 παθεῖν
946 1074 1288 1138 ταμιευόμενος,
1324 1080 1398 1128 καὶ
1438 1082 1691 1145 θεοπρεπε-

100 1145 283 1211 στάτην
307 1150 380 1217 ἐφ
408 1148 590 1201 ἅπασιν
616 1154 899 1217 ἐπιτηδεύων
925 1155 1012 1221 τὴν
1034 1159 1322 1225 παρῥησίαν.

174 1228 392 1295 ΗΑρκεσει
430 1256 515 1295 μεν
551 1235 632 1285 οῦν
665 1235 784 1302 πρὸς
822 1237 908 1302 τὴν
945 1244 1038 1290 τῶν
1075 1264 1392 1306 προκειμενων
1422 1241 1733 1312 σαφήνειανά

99 1307 226 1372 οἶμαι
253 1314 328 1363 καὶ
355 1320 516 1365 ταῦτα·
560 1318 671 1367 ἀλλ’
701 1319 887 1385 ἐπείπερ
915 1321 1033 1375 εἰκός
1059 1345 1188 1377 τινας
1213 1328 1307 1374 τῶν
1332 1347 1681 1391 μυσταγωγοῦ-

29 1407 76 1445 15
97 1416 250 1454 μενων
294 1395 548 1451 ἀκούοντας
594 1421 669 1449 και
719 1400 773 1451 τό
819 1401 964 1453 Ούπω
1010 1404 1202 1465 ἐληλύθει
1250 1432 1271 1466 η
1315 1405 1404 1476 ὧροι
1449 1409 1594 1469 αὐτου,
1637 1409 1688 1458 ἐκ

96 1477 286 1539 πολλῆς
320 1477 442 1541 ἄγαν
474 1481 556 1543 τῆς
590 1483 823 1550 ἐλαφρίας
857 1484 975 1550 πρὸς
1002 1487 1292 1551 Ἑλληνικὰς
1331 1491 1405 1539 καὶ
1443 1489 1686 1553 μανιώδεις

96 1558 403 1626 ὑπενεχθῆναι
430 1566 758 1627 κακοβουλίας,
786 1568 847 1620 ὡς
875 1569 1067 1630 νομίσαι
1100 1569 1406 1636 παραλόγως,
1435 1571 1574 1638 ὥραις
1611 1575 1685 1623 καὶ

93 1638 282 1706 ἡμέραις
332 1644 407 1692 καὶ
451 1651 626 1710 καιροῖς
678 1649 955 1701 ὑποκεῖσθαι
1005 1651 1064 1701 τὰ
1115 1653 1404 1718 ἀνθρώπινα,
1453 1652 1579 1717 οἶμαι
1629 1653 1685 1718 δὴ

92 1720 240 1772 πάλιν
275 1724 532 1790 ἀναγκαῖον
563 1751 787 1796 υπαρχειν
823 1732 966 1798 ὀλίγα
1006 1732 1124 1784 ἄττα
1163 1758 1269 1801 περι
1307 1735 1489 1787 τούτων
1523 1740 1681 1799 εἰπεῖν,

22 1824 74 1849 20
92 1802 220 1871 εἴπερ
255 1805 364 1868 ἡμῖν
398 1809 422 1858 6
460 1808 644 1863 σκοπὸς
679 1811 755 1862 διὰ
792 1837 953 1879 πασης
992 1817 1169 1870 ἐννοιας
1207 1822 1303 1871 τοῖς
1342 1818 1684 1887 ἐντευξομενοις

90 1885 144 1936 τὸ
201 1896 488 1940 λυσιτελοῦν
539 1892 801 1959 ἐμπορίζειν
850 1897 1099 1963 ἐπεί.γεται
1177 1904 1274 1953 τοῖς
1331 1923 1418 1963 μεν
1469 1901 1550 1951 οὖν
1601 1903 1724 1965 τῆςθ

88 1968 383 2034 ΗΕκκλησιας
426 1995 614 2038 τεκνοις,
660 1972 691 2025 ἂ
734 2000 810 2028 και
855 1984 951 2033 τοῖς
997 1983 1134 2046 ἱεροῖς
1177 1982 1484 2048 ἐντέθραπται
1530 1982 1682 2049 γράμ-

87 2073 250 2114 μασιν,
285 2054 503 2120 ἀρκέσειν
544 2057 870 2121 ὑπολαμβάνω
908 2060 1028 2128 πρὸς
1066 2062 1266 2131 ’ἔλεγχον
1304 2067 1387 2128 τῆς
1426 2063 1682 2130 εΕλλήνων

87 2134 282 2198 ἀπάτης,
310 2137 386 2186 καὶ
411 2137 529 2203 πρὸς
564 2137 618 2190 τὸ
654 2141 887 2193 δύνασθαι
923 2149 1081 2199 καλῶς
1108 2145 1195 2209 τὴν
1220 2148 1431 2198 ἐντεῦθεν
1457 2149 1676 2215 ἀποφορ-

19 2236 67 2274 25
87 2215 316 2267 τίσασθαι
366 2220 679 2281 δυσβουλίαν,
727 2222 780 2274 τὸ
833 2227 895 2279 ὡς
945 2228 992 2276 ἐν
1035 2228 1196 2297 τρόπῳ
1249 2229 1531 2295 κατηγορίας
1579 2231 1682 2294 ἤτοι

85 2302 247 2367 σοφῆς
280 2300 578 2370 ἐπιπλήξεως
613 2305 851 2371 εἷρημενον
876 2308 1008 2374 παρὰ
1042 2315 1125 2360 τοῦ
1161 2311 1362 2361 Παύλου
1397 2311 1515 2378 πρός
1551 2335 1679 2366 τινας

84 2384 179 2431 τῶν
216 2385 327 2448 τῇδε
366 2385 665 2448 διακειμενων
705 2394 733 2416 “
757 2389 969 2456 Ημερας
1009 2397 1360 2489 παρατηρεῖσθε
1406 2397 1481 2444 καὶ
1527 2397 1678 2458 μῆνας
1740 2403 1877 2484 ξξῑῙ-Πὶν·

101 2463 213 2513 (και
252 2486 439 2529 καιρους
479 2468 555 2515 καὶ
594 2469 843 2524 ἐνιαυτούς·
893 2476 1136 2540 φοβοῦμαι
1177 2476 1312 2538 ὑμᾶς,
1354 2475 1537 2539 μήποτε
1576 2480 1676 2544 εἰκῇ

84 2550 111 2572 “
135 2547 388 2597 κεκοπίακα
415 2551 477 2601 εἷς
513 2548 672 2612 ὑμᾶς.”
721 2554 795 2602 καὶ
831 2552 924 2620 γὰρ
961 2553 1017 2618 δὴ
1055 2558 1129 2605 καὶ
1166 2555 1312 2610 ὅντως
1347 2559 1675 2624 εὑρεσιλογιάς

16 2647 65 2683 30
83 2625 274 2691 ἁπάσης
302 2630 604 2696 ἀνῃρημένης,
632 2633 656 2682 6
683 2637 741 2701 τῇ
768 2635 960 2704 τοιαύτῃ
997 2639 1365 2702 κατειλημμένος
1400 2642 1552 2709 μωρίᾳ
1588 2641 1713 2707 rhua
1746 2658 1832 2694 453
1846 2657 1900 2695 A.

129 2760 163 2795 8.
189 2760 413 2804 αυτομόλος
398 2779 453 2807 [ε
473 2764 670 2807 αυτομόλως
681 2766 744 2813 (?)]
767 2768 808 2803 B.
915 2781 968 2804 12.
995 2770 1050 2816 ἐφ’
1069 2770 1198 2807 ἅπασιν
1215 2772 1360 2808 adnotat
1377 2786 1413 2808 Se
1431 2775 1673 2812 emendavisse

82 2817 145 2850 pro
163 2806 218 2852 ἐφ’
236 2808 373 2842 ἅπασαν
390 2810 481 2844 Aub.
498 2817 531 2844 et
548 2812 595 2846 ita
612 2824 642 2847 c.
664 2813 770 2850 C01·.d
909 2828 962 2860 19.
990 2817 1090 2863 ἅττα]
1109 2834 1183 2853 τινα
1200 2832 1231 2854 a.
1369 2832 1424 2864 24.
1450 2824 1487 2856 τὸ
1506 2822 1672 2858 δύνασθαι

82 2854 193 2888 καλῶς
209 2856 255 2899 τῷ
274 2854 438 2890 δύνασθαι
457 2857 538 2901 (Sic)
559 2859 600 2893 B.
885 2863 940 2897 26.
966 2865 1057 2909 παρὰ
1074 2868 1135 2900 τοῦ
1156 2866 1182 2899 Β
1188 2878 1228 2901 ..a
1246 2866 1325 2912 παρ’
1342 2868 1446 2902 αὐτοῦ
1468 2869 1584 2904 Holst.
1603 2871 1671 2906 Ed.

83 2900 138 2933 28.
164 2901 218 2934 καὶ
235 2901 333 2946 prius
351 2914 421 2937 om.
443 2903 485 2938 B.
504 2904 609 2940 habet
627 2918 657 2940 a.
737 2908 883 2954 μήποτε]
903 2910 1020 2954 μήπως
1036 2923 1067 2946 a.
1291 2925 1348 2959 30.
1375 2916 1392 2948 ὁ
1411 2918 1448 2959 τῇ
1469 2915 1561 2951 edidi
1580 2929 1622 2952 ex
1640 2930 1671 2954 a.

81 2945 133 2980 ὅτι
151 2946 219 2982 Ed.
