2084 3317
350 167 436 206 400
754 166 802 206 B.
838 165 1114 206 CYRILLI
1156 161 1535 204 ALEXANDR.
1822 160 1876 201 vi.
1900 173 1934 200 1.

351 279 496 343 χωρεῖ
527 273 586 326 τὰ
623 279 789 326 παθεῖν
815 275 1083 342 ἀνεχόμενα.
1136 278 1282 324 ταῦτα
1321 272 1475 322 τοίνυν
1511 271 1593 322 οὐκ
1632 268 1874 335 ἀγνοήσας
1911 270 1937 320 ὁ

356 357 529 423 Κύριος
556 357 860 408 ὑπεκκλέπτει
891 354 973 419 μὲν
997 359 1080 419 τῆς
1102 351 1418 420 Ἰερουσαλὴμ
1452 351 1550 417 ἅμα
1582 357 1676 406 τοῖς
1708 356 1938 416 μαθηταῖς

353 438 530 501 ἑαυτὸν,
557 440 815 507 ἀφικνεῖται
848 437 896 488 δὲ
931 437 1006 497 τῆς
1038 437 1273 496 θαλάσσης
1301 436 1432 504 πέραν
1456 434 1528 495 τῆς
1556 430 1827 504 Τιβεριάδος·
1868 433 1939 484 ὅτι

355 521 404 572 δὲ
449 525 694 587 φονῶντας
736 524 1028 586 παραιτεῖται
1072 517 1178 571 τοὺς
1204 518 1470 580 Ἰουδαίους,
1504 520 1662 570 καλῶς
1706 514 1762 580 δὴ
1804 515 1939 578 μάλα

354 606 514 664 ποιῶν,
541 601 763 664 εἰσόμεθα
800 600 948 652 πάλιν
974 601 1049 650 καὶ
1089 598 1163 650 διὰ
1201 598 1396 649 τούτων.
1451 598 1579 664 λέγει
1617 597 1711 664 γὰρ
1745 596 1883 650 αὐτὸς
1913 597 1938 647 ὁ
1959 620 1981 658 5

132 695 227 746 ngfra
355 683 580 749 μακάριος
631 681 995 749 Εὐαγγελιστής
1037 688 1065 710 “
1092 682 1185 732 Καὶ
1235 679 1354 744 μετὰ
1403 685 1551 731 ταῦτα
1597 679 1863 746 περιεπάτει
1914 680 1939 729 ὁ

135 749 230 771 VU‘I'
317 772 384 821 3⁴⁶
409 766 598 830 Ἰησοῦς
633 766 682 816 ἐν
716 769 774 833 τῇ
807 764 1060 833 Γαλιλαία·
1105 764 1159 814 οὐ
1198 762 1292 829 γὰρ
1336 763 1505 828 ἤθελεν
1549 763 1598 812 ἐν
1640 765 1699 828 τῇ
1738 761 1941 830 Ἰουδαίᾳ

356 855 383 876 “
409 852 693 913 περιπατεῖν,
727 847 797 898 ὅτι
836 846 1022 913 ἐζήτουν
1054 844 1196 896 αὐτὸν
1224 849 1266 896 οἱ
1297 846 1514 896 Ἰουδαῖοι
1553 844 1864 895 ἀποκτεῖναι.”

421 928 538 980 ’Ότι
567 929 651 993 μὲν
677 930 759 980 οὖν
783 932 1074 995 παραιτεῖται
1100 927 1154 978 τὸ
1181 929 1228 978 ἐν
1253 929 1311 996 τῇ
1336 927 1539 996 Ἰουδαίᾳ
1562 931 1845 993 περιπατεῖν,
1865 926 1941 977 ἵνα

353 1010 418 1074 μὴ
456 1009 674 1077 πρόωρον
712 1011 935 1078 ὑπομείνῃ
974 1008 1057 1060 τὸν
1095 1008 1312 1072 θάνατον,
1351 1007 1739 1074 συγκατανεύσω,
1774 1010 1939 1075 φησὶν,
1964 1037 2012 1061 10

354 1094 450 1159 ε’ρεῖ
481 1115 550 1146 τις
588 1092 750 1160 τυχὸν,
785 1093 896 1143 ἀλλ’
935 1096 971 1143 εἰ
1009 1094 1084 1143 καὶ
1124 1091 1285 1159 φεύγει
1323 1090 1409 1155 τὴν
1447 1089 1623 1156 ἑορτὴν,
1656 1091 1785 1141 οὕπω
1823 1114 1941 1152 μαν-

356 1174 498 1226 θάνω.
549 1175 715 1226 οὐκοῦν
742 1178 782 1225 οἱ
808 1174 891 1237 μὲν
919 1173 1217 1236 νομισθέντες
1243 1174 1442 1241 ἀδελφοὶ
1468 1173 1700 1239 προσίασι
1723 1172 1941 1238 λέγοντες

133 1265 185 1297 Ib-
204 1275 233 1305 3·
357 1258 404 1307 ἐν
431 1260 488 1324 τῇ
517 1257 753 1325 Γαλιλαίᾳ
787 1261 854 1325 τῷ
884 1259 1084 1323 Χριστῷ
1112 1263 1138 1284 “
1158 1253 1394 1319 Ἀνάβηθι
1427 1255 1636 1304 ἐντεῦθεν
1673 1256 1749 1304 καὶ
1792 1255 1941 1321 ὕπαγε

358 1344 384 1366 “
411 1341 472 1392 εἰς
512 1336 596 1401 τὴν
636 1339 880 1400 Ἰουδαίαν,
920 1338 995 1388 ἵνα
1040 1340 1115 1387 καὶ
1159 1340 1201 1387 οὶ
1243 1336 1452 1399 μαθηταί
1489 1358 1580 1386 σου
1620 1335 1843 1395 βλέπωσι
1883 1337 1943 1388 τὰ

134 1436 212 1470 271
225 1434 274 1469 A.
319 1445 339 1468 a
359 1427 385 1450 ‘⁶
411 1425 585 1483 σημεῖα
619 1419 650 1470 ἂ
682 1419 872 1473 ποιεῖς.”
923 1418 1041 1485 πρὸς
1073 1416 1240 1472 αὐτοὺς
1265 1418 1313 1469 δὲ
1340 1420 1364 1469 ὃ
1393 1418 1565 1485 Κύριος
1591 1426 1618 1447 “
1637 1420 1796 1481 Ὑμεῖς
1822 1419 1936 1470 ἀνά·
1966 1440 2011 1479 15

134 1485 232 1517 Ib'g‘
359 1509 386 1532 “
411 1507 527 1566 βητε
565 1505 627 1556 εἷς
665 1501 750 1565 τὴν
788 1500 965 1567 ἑορτὴν,
1005 1501 1097 1566 ἐγὼ
1142 1502 1224 1551 οὐκ
1267 1501 1506 1561 ἀναβαίνω
1552 1505 1614 1555 εἰς
1657 1500 1742 1565 τὴν
1779 1498 1943 1568 ἑορτὴν

356 1592 384 1614 “
410 1585 600 1648 ταύτην,
631 1583 702 1635 ὅτι
728 1586 752 1635 ὁ
777 1586 884 1647 ἐμὸς
912 1582 1068 1650 καιρὸς
1096 1585 1226 1635 οὔπω
1251 1582 1605 1649 πεπλήρωται.”

433 1666 691 1733 Πρόδηλον
735 1667 816 1717 οὖν
861 1666 953 1733 ἄρα
1003 1667 1078 1716 καὶ
1127 1665 1296 1733 σαφὲς,
1342 1665 1412 1716 ὅτι
1458 1670 1552 1715 τῶν
1595 1664 1944 1731 Ἱεροσολύμων

357 1748 670 1816 ἐκκεχωρηκεν
709 1750 732 1799 ὁ
771 1748 954 1814 Σωτὴρ,
994 1749 1075 1799 οὐκ
1122 1748 1395 1813 αὐθαίρετον
1436 1744 1522 1810 τὴν
1569 1749 1631 1801 ὡς
1675 1747 1731 1816 ἐξ
1774 1749 1945 1799 ἐκεῖθεν

358 1831 623 1896 ἀποδημίαν
673 1829 994 1893 στειλάμενος,
1044 1829 1176 1880 ἀλλά
1226 1833 1302 1880 καὶ
1352 1829 1436 1884 τὰς
1485 1833 1580 1880 τῶν
1629 1829 1944 1880 ἀπειθούντων
1966 1856 2016 1881 20

357 1914 608 1978 βδελυρίας
633 1913 1051 1975 ἐκμυσαττόμενος,
1072 1913 1147 1963 καὶ
1172 1916 1267 1962 τῶν
1291 1910 1554 1962 διωκόντων
1577 1910 1664 1976 τὴν
1689 1910 1946 1977 ἀγριότητα

358 1997 441 2058 τῆς
472 1994 719 2062 εὐστοχίας
753 1999 1070 2060 περιπλανῶν,
1098 1996 1172 2044 καὶ
1207 1993 1348 2062 τέχνῃ
1383 1999 1466 2044 τοῦ
1498 1994 1679 2061 φθόνου
1712 1993 1765 2044 τὸ
1800 1994 1946 2054 βέλος

359 2074 747 2142 ἀποκρουόμενος.
816 2076 1045 2126 ὑπεκνεύει
1084 2075 1132 2126 δὲ
1170 2074 1331 2137 πάλιν,
1370 2076 1519 2126 καίτοι
1561 2080 1726 2126 παθεῖν
1766 2076 1946 2143 ἰσχύων

314 2166 342 2207 b
361 2157 508 2221 οὐδὲν,
533 2157 575 2208 εἴ
606 2181 658 2223 γε
694 2158 770 2208 καὶ
803 2160 971 2222 παρῆν,
998 2157 1073 2208 ἵνα
1099 2157 1246 2207 τύπον
1270 2158 1380 2220 ἡμῖν
1405 2157 1664 2225 ἀναγράψῃ
1692 2156 1860 2219 καλὸν,
1892 2159 1946 2208 οὑ

361 2241 536 2294 δειλίας
575 2244 782 2303 μᾶλλον,
828 2240 938 2290 ἀλλ’
986 2239 1232 2300 εὐλαβείας
1279 2241 1353 2290 καὶ
1398 2239 1585 2304 ἀγάπης
1629 2242 1712 2303 τῆς
1757 2243 1819 2293 εἷς
1863 2239 1945 2290 τὸν
1968 2260 2015 2299 25

358 2321 524 2376 πέλας.
584 2321 808 2386 εἰσόμεθα
848 2320 956 2387 γὰρ,
995 2323 1057 2375 ὡς
1098 2323 1148 2372 ἐκ
1189 2320 1338 2373 τύπου
1377 2321 1496 2388 πρὸς
1534 2321 1793 2387 ἐπίγνωσιν
1831 2345 1946 2389 χρη-

359 2405 506 2469 σίμου
540 2403 964 2472 χειραγωγούμενοι
1000 2402 1292 2470 πράγματος,
1319 2403 1388 2454 ὅτι
1420 2403 1681 2455 διωκόντων
1708 2404 1828 2467 ἡμᾶς
1852 2409 1947 2455 τῶν

359 2488 555 2554 ἐχθρῶν,
595 2488 672 2537 καὶ
717 2490 755 2537 εὶ
799 2485 944 2550 μηδὲν
982 2486 1132 2555 ὁρῷτο
1171 2490 1416 2539 παντελῶς
1454 2488 1502 2536 ἐν
1540 2489 1606 2555 τῷ
1643 2490 1856 2552 παρεῖναι
1891 2484 1946 2537 τὸ

359 2567 562 2631 βλάβος,
596 2568 705 2619 ἀλλ’
735 2567 1037 2637 ἐξιστάμενοί
1068 2591 1181 2630 πως,
1215 2570 1289 2618 καὶ
1329 2567 1404 2619 διὰ
1440 2567 1608 2619 τούτου
1646 2567 1947 2635 σοφιζόμενοι

360 2651 444 2705 τὰς
493 2655 588 2702 τῶν
633 2649 817 2719 ἐφόδων
861 2649 1026 2714 ἀκμὰς,
1071 2649 1428 2717 ὑπεκτρέχοντές
1479 2673 1528 2701 τε
1577 2648 1631 2701 τὸ
1682 2651 1946 2716 παραυτίκα
1967 2672 2018 2708 3ο

361 2731 547 2799 θερμὸν,
591 2732 779 2802 ἐξήβοις
827 2731 916 2797 ἤδη
966 2731 1334 2801 περιτευξόμεθα
1378 2736 1479 2786 ταῖς
1526 2735 1622 2783 τῶν
1665 2731 1947 2783 ἀδικούντων

407 2924 439 2953 4.
466 2913 600 2955 μᾶλλον
620 2911 662 2947 Β.
759 2921 792 2956 5.
819 2912 919 2947 αὐτὸς
937 2923 1007 2946 orn.
1030 2911 1070 2947 B.
1183 2912 1215 2945 8.
1243 2912 1274 2945 οἱ
1292 2923 1361 2946 om.
1383 2911 1425 2946 B.
1526 2911 1579 2946 18.
1603 2910 1884 2956 Ἱεροσολυμιτῶν
1905 2910 1945 2945 Β.

363 2968 417 3000 24.
445 2958 521 3002 ἡμῖν
540 2960 585 2993 D.
612 2958 704 3002 ἡμεῖς
724 2959 790 2993 Ed.
936 2959 990 2993 26.
1016 2957 1118 3003 πρὸς]
1143 2963 1178 2999 -Ι-
1200 2959 1259 3002 τὴν
1279 2958 1320 2993 Β.
