2084 3317
151 152 205 194 iv.
226 166 292 208 34.
400 153 473 194 IN
516 153 558 194 S.
593 152 931 195 JOANNEM.
993 153 1118 195 LIB.
1151 153 1213 196 II.
1274 155 1410 196 CAP.
1434 155 1487 196 V.
1658 155 1741 195 293

151 264 369 330 δευτέραν
407 263 550 331 ἀξίως
590 263 793 330 ἐχούσης
839 262 915 314 διὰ
956 269 1094 315 τοῦτο
1139 263 1226 328 τὴν
1266 266 1510 334 φροντίδα.
1575 263 1742 332 βρῶμα

151 343 244 410 γὰρ
280 342 392 395 εἶναι
428 344 583 411 λέγων
610 346 759 414 ἑαυτῷ
795 345 1153 411 θυμηρέστατον
1179 345 1233 397 τὸ
1271 345 1452 405 πσιῆσαι
1487 348 1533 397 τὶ
1570 344 1788 414 θέλημαὶ)

150 427 222 476 τοῧ
255 422 531 495 πέμψαντος
565 425 708 478 αὐτὸν
744 433 821 478 καὶ
857 426 1092 479 τελειῶσαι
1127 430 1260 479 αὐτοῦ
1296 428 1342 479 τὶ
1381 428 1509 496 ἔργον,
1543 430 1626 491 τῆς
1658 426 1744 490 μὲν

149 508 474 571 ἀποστολικῆς
510 510 806 575 λειτουργίας
843 508 1095 578 διαγράφει
1129 508 1183 561 τὸ
1217 508 1512 573 ἐπιτήδευμα,
1539 511 1744 560 ποταποὶ

108 605 130 643 5
151 588 200 639 δὲ
233 587 320 652 τὴν
343 589 440 659 ἕξιν
467 589 693 658 ὑπάρχειν
725 592 976 660 ὀφείλουσι
1011 590 1292 655 καταμηνύει
1327 595 1514 660 σαφῶς.
1567 613 1741 642 συντε-

149 670 326 722 τάσθαι
357 671 451 738 γὰρ
486 672 543 737 δὴ
580 672 699 724 κατὰ
733 671 786 724 τὸ
826 672 946 727 εἰκὸς
981 675 1238 739 ἀναγκαῖον
1272 672 1440 727 αὐτοὺς
1476 674 1551 724 ἐπὶ
1586 671 1745 736 μόνοις

150 757 247 807 τοῖς
273 755 626 808 διδασκαλικοΐς
652 755 997 823 φροντίσμασι,
1026 757 1119 805 δεῖν
1146 754 1194 805 δὲ
1219 760 1452 805 τοσοῦτον
1478 756 1745 824 ἀποφοιτᾶν

149 837 233 899 τῆς
271 839 334 889 εἷς
368 834 527 903 σάρκα
561 839 758 905 τρυφῆς,
790 838 852 889 ὡς
886 835 998 902 μηδ’
1027 834 1174 900 αὐτὴν
1210 838 1317 887 ἐσθ’
1347 836 1423 887 ὅτε
1458 836 1746 902 προσίεσθαι

149 915 235 980 τὴν
261 918 323 970 ὡς
359 917 416 986 ἐξ
447 916 656 983 ἀνάγκης
691 919 955 985 θεραπείαν,
985 917 1060 968 διὰ
1092 916 1242 983 μόνην
1273 918 1636 983 ἐπιτελουμένην
1660 918 1747 983 τὴν

82 1019 131 1046 10
149 1004 232 1050 τοῦ
257 996 474 1049 τεθνάναι
499 1000 802 1066 παραίτησιν.

227 1082 321 1131 Καὶ
347 1086 494 1132 ταῦτα
521 1080 606 1144 μὲν
631 1082 741 1145 ἡμῖν
767 1081 974 1149 εἰρήσθω
999 1081 1117 1149 πρὸς
1145 1082 1199 1133 τὸ
1225 1081 1392 1148 παρὸν,
1421 1084 1482 1136 ὡς
1508 1085 1571 1136 εἷς
1596 1081 1744 1133 τύπον
1763 1106 1786 1132 o

150 1163 227 1213 καὶ
265 1161 581 1229 ὑπογραμμὸν
612 1166 939 1228 ἀποστολικῆς
977 1164 1281 1215 συντείνοντα
1319 1164 1577 1218 πολιτείας·
1621 1168 1658 1215 εἰ
1696 1163 1746 1214 δὲ

150 1243 242 1312 χρὴ
292 1250 389 1299 τοῖς
442 1245 695 1312 εἰρημένοις
749 1248 824 1297 καὶ
882 1246 1288 1313 δογματικώτερον
1335 1246 1746 1313 προσβάλλοντας

151 1330 306 1389 εἰπεῖν,
339 1326 641 1379 ἀπεστάλθαι
679 1330 817 1397 φησὶ,
854 1330 1001 1392 δῆλον
1032 1327 1080 1379 δὲ
1121 1328 1192 1379 ὅτι
1229 1327 1360 1395 παρὰ
1395 1334 1478 1379 τοῦ
1512 1332 1636 1379 Θεοῦ
1669 1330 1746 1380 καὶ

85 1425 131 1463 15
154 1408 358 1475 Πατρὸς,
398 1408 426 1475 ἢ
467 1409 586 1461 κατὰ
626 1409 708 1461 τὸν
747 1413 830 1475 τῆς
869 1409 1269 1477 ε’νανθρωπήσεως
1313 1408 1504 1477 τρόπον,
1543 1410 1651 1461 καθ’
1694 1410 1747 1462 ὃν

150 1491 402 1559 ἐπέλαμψε
441 1495 508 1561 τῷ
547 1492 716 1562 κόσμῳ
754 1491 871 1556 μετὰ
910 1492 1104 1559 σαρκὸς,
1140 1492 1324 1561 εὐδοκία
1363 1495 1439 1543 καὶ
1478 1492 1748 1544 συναινέσει

150 1580 233 1625 τοῦ
262 1572 469 1641 Πατρὸς,
495 1573 524 1639 ἢ
553 1576 615 1628 ὡς
636 1574 795 1641 Λόγος
821 1577 870 1626 ἐκ
896 1581 979 1626 τοῦ
1005 1573 1325 1641 γεννήσαντος
1352 1581 1433 1626 νοῦ
1459 1575 1747 1642 προκόπτων

149 1654 326 1723 τρόπον
358 1656 463 1708 τινὰ
499 1659 574 1708 καὶ
607 1656 908 1721 πεμπόμενος
944 1659 1019 1708 καὶ
1053 1655 1107 1708 τὸ
1143 1655 1289 1725 δόξαν
1323 1659 1632 1723 ἀποπληρῶν,
1659 1659 1747 1725 οὐχ

151 1738 213 1789 ὡς
240 1736 509 1803 ἀλλοτρίων
535 1734 818 1800 θελημάτων
843 1739 1177 1804 παραληφθεὶς
1204 1736 1454 1802 ὑπουργὸς,
1474 1737 1583 1787 ἀλλ’
1606 1737 1746 1791 αὐτὸς
1766 1749 1793 1790 (1

85 1837 134 1862 20
151 1817 376 1885 ὑπάρχων
415 1820 532 1882 ὁμοῦ
573 1820 649 1869 καὶ
689 1817 846 1884 Λόγος
888 1819 912 1869 6
954 1818 1043 1884 ζῶν
1082 1820 1157 1868 καὶ
1201 1816 1388 1882 θέλημα
1429 1823 1512 1869 τοῦ
1552 1818 1746 1885 Πατρὸς

150 1901 512 1967 ἐναργέστατον,
540 1899 784 1966 διασώζων
810 1899 1003 1961 ἑτοίμως
1030 1898 1136 1954 τοὺς
1164 1898 1495 1955 ἀπολωλότας.
1550 1899 1626 1951 διὰ
1652 1900 1747 1968 γάρ

149 2005 220 2033 τοι
258 1988 411 2045 τοῦτο,
442 1985 518 2033 καὶ
559 1988 641 2033 τοῦ
678 1981 990 2051 πεπομφότος
1027 1980 1171 2032 αὑτὸν
1201 1980 1316 2033 εἶναι
1355 1985 1400 2034 τὸ
1443 1982 1559 2051 ἔργον
1591 1982 1746 2046 εἰπὼν,

149 2063 288 2119 αὐτὸς
323 2066 486 2131 ὁρᾶται
523 2063 788 2128 τελειωτής·
837 2063 995 2115 πάντα
1028 2063 1121 2130 γὰρ
1156 2063 1287 2130 παρὰ
1316 2062 1509 2131 Πατρὸς
1545 2066 1601 2116 δι’
1630 2069 1749 2116 Υἱοῦ

150 2147 198 2196 ἐν
226 2146 484 2211 Πνεύματι.
540 2146 611 2197 ὅτι
636 2145 731 2213 γὰρ
757 2148 833 2197 καὶ
860 2145 1017 2212 Λόγος
1046 2148 1121 2196 καὶ
1147 2145 1305 2210 βουλὴ
1338 2147 1414 2198 καὶ
1449 2145 1636 2211 θέλημα
1672 2149 1748 2198 καὶ

85 2243 133 2282 25
151 2227 343 2293 δύναμις
380 2234 464 2280 τοῦ
497 2227 687 2294 Πατρός
727 2230 857 2279 ἐστιν
891 2229 916 2279 6
950 2227 1080 2291 Υἱὸς,
1111 2226 1222 2279 εἶναι
1263 2226 1347 2292 μὲν
1383 2226 1538 2280 ἅπασι
1577 2228 1747 2295 νομίζω

150 2311 432 2378 καταφανές’
474 2315 618 2362 λυπεῖ
638 2309 687 2361 δὲ
719 2309 850 2361 οὐδὲν
876 2311 953 2361 καὶ
988 2309 1083 2361 ἀπὸ
1120 2313 1203 2374 τῆς
1239 2309 1364 2364 θείας
1398 2311 1748 2362 πιστώσασθαι

151 2396 356 2461 γραφῆς.
424 2393 591 2443 ουκοῦν
634 2392 788 2459 ὁράτω
830 2416 916 2456 μεν
955 2415 1025 2447 τις
1071 2391 1345 2460 ὑπάρχοντα
1386 2392 1550 2458 Λόγον
1590 2395 1638 2444 ἐν
1680 2396 1788 2462 τῶθ

151 2482 178 2504 “
203 2475 289 2526 Ἐν
323 2476 446 2542 ἀρχῇ
483 2472 541 2537 ἧν
575 2475 599 2524 ὁ
627 2475 786 2539 Λόγος
820 2497 896 2525 και
931 2475 956 2525 6
984 2473 1200 2540 Λόγος
1174 2482 1231 2539 ἠν
1255 2474 1374 2541 πρὸς
1411 2473 1494 2526 τὸν
1521 2473 1646 2526 Θεὸν
1671 2476 1748 2525 καὶ
1810 2477 1921 2552 iSqura

153 2563 179 2586 ‘⁶
206 2555 327 2610 Θεὸς
362 2554 420 2620 ἧν
446 2557 471 2606 6
499 2555 705 2622 Λόγος.”
758 2556 913 2623 ὁράτω
948 2556 1132 2620 βουλὴν
1157 2558 1205 2607 ἐν
1231 2560 1298 2626 τῷ
1332 2556 1503 2622 λέγειν,
1531 2558 1592 2610 ὡς
1628 2555 1749 2622 πρὸς

81 2655 132 2691 30
151 2638 276 2690 Θεὸν
313 2640 389 2689 καὶ
430 2638 637 2705 Πατερα,
669 2638 752 2690 τὸν
785 2637 1003 2709 μελωδόν
1031 2646 1057 2669 “
1080 2640 1166 2690 Ἐν
1202 2642 1261 2707 τῇ
1299 2641 1456 2706 βουλῇ
1495 2660 1589 2688 σου
1628 2636 1749 2703 ὡδή-
1811 2639 1865 2721 ξί·
1880 2638 1974 2669 lxxu.

202 2784 231 2807 1.
250 2772 352 2816 ἀξίως
369 2779 592 2818 assumptum
610 2785 651 2807 ex
672 2773 714 2807 Β.
764 2773 824 2817 τὴν
840 2771 1026 2819 φροντίδα]
1047 2774 1104 2817 τῆς
1117 2773 1238 2829 χρείας
1254 2772 1313 2815 τὴν
1331 2771 1500 2828 φροντίδα
1520 2771 1562 2805 Β.
1616 2772 1649 2806 8.
1667 2785 1747 2817 τρο-

151 2821 221 2865 φῆς
240 2819 281 2853 B.
334 2819 407 2853 ἐσθ
427 2819 482 2853 ὅτε
500 2826 724 2864 assumptum
741 2832 783 2854 ex
803 2821 845 2855 Β
897 2821 1023 2855 Statim
1041 2818 1223 2864 προΐεσθαι
1242 2818 1285 2852 Β.
1387 2829 1440 2853 ΙΙ.
1459 2817 1536 2862 ἡμῖν
1554 2830 1622 2852 ass.
1643 2830 1685 2852 ex
1705 2818 1747 2853 B.

158 2878 211 2911 13.
235 2867 525 2909 προσβάλλοντας
545 2867 586 2900 Β.
605 2869 872 2911 προσβαλόντας
891 2867 956 2901 Ed.
1164 2874 1217 2908 15.
1242 2867 1315 2909 ἢτοι
1334 2876 1363 2899 a.
1429 2864 1571 2910 τρόπον]
1593 2866 1700 2911 λόγον
1716 2877 1747 2900 a.

158 2914 212 2947 18.
239 2914 293 2946 καὶ
309 2913 520 2956 πεμπόμενος
537 2920 759 2958 assumptum
779 2926 820 2948 ex
840 2914 916 2949 B.a.
936 2912 1043 2948 Cord.
1063 2913 1120 2947 Cr.
1220 2923 1274 2946 20.
1301 2913 1385 2956 ὁμοῦ
1403 2918 1626 2957 assumptum
1645 2924 1686 2947 ex
1707 2911 1748 2947 B.

157 2971 212 2994 21.
239 2960 413 3002 διασώζων
431 2960 569 3003 ἑτοίμως
586 2959 652 2994 hoc
671 2959 791 2994 ordine
811 2960 852 2995 B.
996 2970 1053 3005 30.
1080 2974 1145 2994 σου
1165 2959 1259 2994 B.D.
1277 2973 1342 3003 μου
1362 2958 1429 2992 Ed.
