2084 3317
343 171 430 211 464
747 171 796 212 B.
832 171 1104 212 CYRILLI
1147 172 1529 213 ALEXANDR.
1706 173 1757 213 vi.
1778 185 1846 227 32,
1865 184 1931 227 33.

344 278 648 343 κοσμημένην
683 281 732 329 ἐν
767 280 876 342 ἡμῖν
911 279 986 329 διὰ
1024 285 1107 330 τοῦ
1146 279 1292 342 νόμου
1330 285 1525 345 γνῶσιν,
1563 281 1617 330 οὐ
1653 279 1748 343 μὴν
1781 282 1843 333 ὡς
1881 278 1938 347 ἐξ

344 358 552 424 ἀνάγκης
596 360 662 410 ε”τι
703 360 1040 425 συλλέγοντες,
1084 361 1418 426 λαμπροτέρας
1461 360 1550 424 ἤδη
1593 360 1934 427 παρακειμένης

342 444 538 508 τροφῆς,
567 443 642 491 καί
668 440 750 491 τὸν
776 441 921 507 ἄρτον
947 441 1132 508 ἔχοντες
1157 439 1240 491 τὸν
1266 441 1323 510 ἐξ
1351 442 1566 507 οὐρανοῦ.
1622 444 1670 493 ἐν
1697 445 1853 511 διπλῷ
1885 440 1935 491 δὲ

296 528 324 569 d
344 525 410 591 τῳ
435 523 590 591 μέτρῳ
617 520 711 588 πρὸ
737 525 820 585 τῆς
847 522 985 587 ἁγίας
1011 520 1217 586 ἑβδόμης
1242 521 1296 573 τὸ
1321 521 1475 585 μάννα
1509 524 1814 588 συλλέγεται·
1858 523 1940 574 καί

342 626 422 665 μοι
459 602 607 654 πάλιν
647 602 832 667 νοήσεις
869 605 1091 666 ἐντεῦθεν,
1128 602 1198 654 ὅτι
1237 605 1630 667 κατακλειομένου
1667 609 1751 655 τοῦ
1790 603 1935 667 νόμου
1955 620 1977 657 5

340 682 458 749 πρὸς
494 683 547 735 τὸ
582 686 631 734 ἐν
665 689 732 754 τῷ
767 684 922 754 χρόνῳ
957 684 1109 748 τέλος,
1142 686 1218 736 καὶ
1251 686 1514 753 ἀρχομένης
1551 686 1640 750 ἤδη
1679 688 1759 749 τῆς
1798 686 1935 750 ἁγίας

341 764 563 829 ἑβδόμης,
593 765 810 816 τουτέστι
848 768 930 830 τῆς
966 766 1211 831 ἐπιδημίας
1237 770 1468 832 Χριστοῦ,
1496 768 1544 817 ἐν
1569 769 1725 835 διπλῷ
1757 765 1935 832 τρόπον

341 845 445 896 τινὰ
479 850 545 915 τῷ
579 846 734 917 μέτρῳ
770 847 1021 913 γενήσεται
1056 852 1151 898 τῶν
1184 848 1412 914 οὐρανίων
1444 850 1637 915 ἀγαθῶν
1667 848 1695 911 ἡ
1736 850 1933 914 εὕρεσις,

341 931 416 979 καὶ
444 927 574 993 διττή
605 951 674 983 τις
701 929 729 993 ἡ
756 927 904 996 χάρις,
930 928 1051 995 πρὸς
1075 934 1173 983 τοῖς
1199 930 1250 980 ἐκ
1277 930 1422 993 νόμου
1455 930 1708 997 χρησίμοις
1742 932 1819 980 καὶ
1850 928 1936 994 τὴν

343 1008 655 1075 εὐαγγελικὴν
680 1009 948 1076 εἰσάγουσα
973 1011 1235 1063 παίδευσιν.
1285 1010 1401 1077 ὅπερ
1428 1010 1487 1062 ἂν
1513 1014 1588 1062 καὶ
1615 1010 1754 1064 αὐτὸς
1782 1016 1935 1062 νοοῖτο

344 1090 582 1143 διδάσκων
614 1094 639 1143 ὁ
678 1092 867 1159 Κύριος,
900 1092 975 1143 ὅτε
1015 1094 1144 1161 φησί
1177 1116 1270 1144 που
1309 1091 1521 1159 καθάπερ
1559 1095 1607 1143 ἐν
1640 1093 1745 1143 ε’ίδει
1783 1115 1936 1159 παρα-

118 1163 279 1213 SQIatth.

118 1217 249 1246 X111.52.

303 1187 324 1213 θ
344 1176 497 1236 βολῆς
517 1181 544 1202 “
562 1172 658 1224 Διά
683 1180 823 1225 τοῦτο
848 1179 942 1228 πᾶς
967 1173 1271 1241 γραμματεὺς
1296 1177 1598 1239 μαθητευθεὶς
1624 1179 1682 1241 τῇ
1709 1179 1936 1243 βασιλείᾳ

342 1261 369 1283 “
396 1258 492 1304 τῶν
530 1256 741 1321 οὐρανῶν
780 1254 937 1319 ὅμοιός
975 1257 1107 1307 ἐστιν
1146 1256 1381 1325 ἀνθρώπῳ
1419 1256 1655 1325 πλουσίῳ,
1692 1256 1825 1310 ὅστις
1863 1258 1936 1307 ε’κ-

341 1343 368 1365 “
393 1335 570 1397 βάλλει
604 1338 653 1388 ἐκ
687 1343 771 1388 τοῦ
806 1342 1050 1404 θησαυροῦ
1086 1339 1228 1389 αὐτοῦ
1265 1338 1344 1388 νέα
1372 1341 1445 1388 καὶ
1473 1337 1700 1389 παλαιά·”
1752 1337 1935 1390 παλαιὰ

342 1416 428 1480 μὲν
453 1416 513 1467 τὰ
539 1419 588 1468 ἐκ
614 1423 697 1469 τοῦ
725 1417 882 1481 νόμου,
910 1419 989 1469 νέα
1015 1417 1065 1469 δὲ
1089 1419 1150 1470 τὰ
1176 1417 1252 1470 διὰ
1277 1423 1508 1486 Χριστοῦ.

118 1501 225 1575 {330}-
253 1552 268 1584 7
417 1506 445 1528 ‘⁶
475 1502 569 1550 Καὶ
603 1497 701 1550 εἶπε
733 1503 951 1564 Μωυσῆς
984 1502 1061 1551 καὶ
1085 1499 1275 1567 Ἀαρὼν
1300 1499 1419 1566 πρὸς
1455 1505 1622 1552 πᾶσαν
1647 1500 1935 1568 συναγωγὴν

119 1588 149 1618 8·
342 1587 369 1610 “
397 1584 508 1631 υἱῶν
544 1581 749 1648 Ἰσραήλ
785 1582 1029 1648 Ἑσπέρας
1073 1582 1325 1649 γνώσεσθε
1372 1582 1443 1633 ὅτι
1486 1582 1661 1650 Κύριος
1701 1582 1936 1652 ἐξήγαγεν

342 1671 370 1693 “
398 1665 516 1727 ὑμᾶς
548 1663 605 1732 ἐξ
627 1664 888 1729 Αἰγύπτου,
913 1662 968 1716 τὸ
1003 1664 1128 1731 πρωῒ
1160 1665 1346 1734 ὄψεσθε
1382 1664 1467 1728 τὴν
1500 1665 1647 1734 δόξαν
1676 1667 1936 1732 Κυρίουέν

343 1753 370 1775 “
396 1749 463 1814 τῷ
498 1745 676 1796 διδόναι
711 1746 889 1813 Κύριον
921 1747 1029 1809 ὑμῖν
1059 1747 1263 1813 ἑσπέρας
1303 1745 1414 1811 κρέα
1452 1751 1624 1816 φαγεῖν
1657 1748 1732 1797 καὶ
1765 1746 1936 1813 ἄρτους

345 1835 371 1857 “
399 1826 452 1878 τὸ
478 1827 603 1893 πρωῒ
628 1831 689 1881 εἰς
713 1829 1044 1892 πλησμονήν.”
1098 1828 1447 1894 ἐπαγγέλλεται
1474 1833 1570 1882 τοῖς
1596 1828 1652 1897 ἐξ
1679 1827 1882 1895 Ἰσραὴλ
1909 1829 1934 1879 ὁ

119 1924 196 1959 317
213 1923 259 1957 Α.
303 1933 325 1957 a
346 1911 564 1972 Μωυσῆς
590 1909 1016 1976 χορηγηθήσεσθαι
1040 1909 1124 1973 μὲν
1150 1909 1281 1976 παρὰ
1307 1914 1432 1960 Θεοῦ
1464 1909 1550 1973 τὴν
1576 1910 1936 1975 ὀρτυγομήτραν

343 1989 398 2041 τὸ
424 1988 544 2057 πρὸς
570 1990 790 2057 ἑσπέραν,
818 1992 1170 2057 ἐπιγνώσεσθαι
1205 1991 1253 2042 δὲ
1290 1990 1622 2058 διισχυρίζεται
1657 1990 1734 2041 διὰ
1767 1990 1936 2042 τούτου

342 2077 531 2139 σαφῶς,
573 2071 645 2123 ὅτι
690 2073 864 2138 Κύριος
907 2072 1146 2138 ἀνήγαγεν
1189 2070 1356 2126 αὐτοὺς
1395 2073 1450 2141 ἐξ
1488 2071 1750 2138 Αἰγύπτου·
1812 2072 1936 2140 πρωῒ

342 2153 493 2220 γεμὴν
531 2153 784 2221 διαῤῥήδην
823 2154 1023 2222 ὄψεσθε,
1063 2155 1202 2222 φησί,
1240 2153 1326 2218 τὴν
1365 2154 1512 2223 δόξαν
1553 2155 1744 2220 Κυρίου,
1783 2155 1832 2204 ἐν
1870 2158 1937 2223 τῷ

342 2240 511 2297 λαβεῖν
554 2235 724 2302 ἄρτους
782 2238 846 2290 εἰς
895 2234 1199 2300 πλησμονήν.
1281 2236 1363 2286 καί
1408 2258 1487 2299 μοι
1537 2234 1685 2287 πάλιν
1729 2233 1815 2299 τὴν
1859 2237 1932 2303 ἐφ’

341 2315 529 2387 ἑκάστῳ
555 2322 649 2368 τῶν
675 2317 926 2384 εἰρημένων
952 2317 1096 2368 ἐννόει
1131 2316 1381 2385 διαφοράν·
1425 2317 1454 2381 ἡ
1490 2314 1574 2381 μὲν
1598 2316 1694 2383 γὰρ
1729 2318 1931 2384 ὀρτυγο-

340 2398 498 2465 μήτρα
537 2399 756 2463 σημαίνει
795 2423 896 2453 πως
934 2398 1017 2449 τὸν
1056 2398 1211 2461 νόμον·
1258 2397 1618 2466 χθαμαλοπετὲς
1656 2397 1751 2465 γὰρ
1789 2398 1935 2453 ὅντως

342 2484 411 2532 ἀεὶ
450 2482 526 2532 καὶ
563 2483 669 2548 περὶ
708 2484 800 2547 γῆν
827 2481 882 2532 τὸ
920 2480 1192 2547 στρουθίον·
1238 2481 1359 2531 οὕτω
1398 2481 1443 2531 δ’
1473 2478 1531 2531 ἂν
1564 2480 1678 2535 ’ίδοις
1715 2483 1790 2531 καὶ
1827 2478 1935 2534 τοὺς

296 2578 323 2618 b
344 2562 420 2615 διὰ
459 2562 604 2628 νόμου
642 2561 1114 2629 παιδαγωγουμένους
1152 2564 1213 2616 εἰς
1253 2561 1631 2629 χθαμαλωτέραν
1662 2561 1739 2614 διὰ
1774 2561 1935 2613 τύπων

394 2697 423 2721 1.
451 2686 486 2720 ἐν
502 2686 579 2731 ἡμῖν
599 2685 693 2731 [ἡμῖν
711 2692 744 2720 et
761 2687 798 2720 in
816 2684 990 2731 Nikeph]
1011 2690 1233 2730 assumptum
1254 2696 1295 2718 ex
1315 2684 1408 2719 B.D.
1529 2693 1562 2726 5.
1589 2684 1721 2729 νοήσεις
1736 2684 1935 2729 transponit

343 2739 424 2767 ante
440 2734 544 2767 πάλιν
563 2733 647 2767 Nik.
667 2740 748 2778 post
765 2733 918 2768 ἐντεῦθεν
937 2732 979 2766 Β.
1268 2731 1301 2765 6.
1327 2729 1457 2778 χρόνῳ]
1479 2732 1568 2777 νόμῳ
1587 2731 1629 2765 Β.
1648 2731 1758 2765 invito
1776 2730 1932 2776 Nikeph.

342 2779 526 2824 ἐρχομένης
544 2780 699 2824 Nikeph.
844 2791 897 2822 14.
923 2780 1052 2813 παλαιὰ
1071 2778 1124 2812 καὶ
1142 2777 1198 2811 νέα
1217 2778 1356 2811 inverso
1375 2778 1497 2811 ordine
1519 2777 1559 2811 Β.
1699 2788 1752 2820 15.
1778 2778 1818 2811 τὰ
1836 2778 1933 2822 prius

343 2838 413 2860 om.
434 2827 476 2860 B.
542 2829 602 2860 τοῦ
620 2832 845 2871 assumptum
862 2839 903 2860 ex
924 2826 966 2861 B.
1100 2826 1151 2858 18.
1178 2827 1216 2858 τὸ
1233 2830 1460 2869 assumptum
1478 2836 1519 2857 ex
1540 2824 1581 2858 B.
1711 2835 1839 2869 20—p.
1851 2824 1931 2868 465,

343 2883 397 2906 20.
428 2873 522 2907 Haec
540 2873 623 2907 citat
641 2873 798 2918 Nikeph.
815 2874 837 2908 i.
857 2882 935 2918 730,
955 2881 1033 2917 731.
1178 2882 1233 2905 21.
1259 2870 1496 2915 ὀρτυγομήτρα
1515 2871 1560 2904 D.
1704 2881 1759 2904 22.
1785 2871 1932 2915 ἑσπέρας

343 2919 496 2962 Nikeph.
569 2922 669 2953 τοῦτο
692 2920 729 2954 Β.
750 2920 860 2954 invito
880 2918 1034 2963 Nikeph.
1181 2928 1304 2961 23—25.
1329 2915 1668 2961 πρωῒ-πλησμονήν
1686 2929 1756 2951 om.
1777 2916 1930 2962 Nikeph.

343 2976 397 3009 25.
423 2965 616 3009 ἐφεκάστην
638 2966 676 3000 Β.
697 2966 807 3002 invito
826 2965 980 3011 Nikeph.
1126 2975 1180 3009 29.
1209 2963 1491 3006 διατυπουμένους
1510 2964 1590 3006 (sic)
1612 2963 1767 3008 Nikeph.

1959 1035 2006 1060 10

1957 1851 2006 1876 20
