2084 3317
122 379 133 400 1
148 369 246 401 Thes.

117 413 161 444 iv.
177 413 225 444 16.

117 462 173 494 Ps.
188 462 283 493 xcvii.

117 515 147 546 9.

339 172 422 210 348
743 172 792 212 Β.
827 172 1101 213 CYRILLI
1142 171 1523 212 ALEXANDR.
1715 185 1754 210 v.
1774 171 1841 220 28,
1862 183 1926 224 29.

342 279 514 347 καιρὸν,
556 280 646 344 ὅτε,
686 279 895 347 καθάπερ
935 281 1044 344 ἡμῖν
1086 282 1110 331 ὁ
1153 281 1407 334 θεσπέσιος
1449 280 1691 331 ἐπέστειλε
1732 282 1928 330 Παῦλος

343 369 370 392 “
398 362 552 417 Αὐτὸς
591 364 616 413 ὁ
654 363 826 429 Κύριος
866 364 913 413 ἐν
948 362 1250 424 κελεύσματι,
1277 364 1324 412 ἐν
1359 365 1494 429 φωνῇ
1530 359 1851 429 ἀρχαγγέλου,
1880 360 1929 410 ἐν

343 451 370 474 “
396 443 637 510 σάλπιγγι
677 447 804 495 Θεοῦ
844 442 1165 508 καταβήσεται
1212 443 1291 494 ἀπ’
1332 443 1567 509 οὐρανοῦ”
1608 447 1759 508 κρῖναι
1797 448 1825 470 “
1844 439 1930 506 τὴν

342 534 368 556 “
395 526 665 590 οἰκουμένην
709 527 756 576 ἐν
799 525 1119 593 δικαιοσύνῃ,”
1161 527 1237 576 καὶ
1276 525 1544 576 ἀποδώσειν
1584 523 1770 594 ἑκάστῳ
1811 522 1931 575 κατὰ

340 607 400 658 τὰ
450 608 565 674 ἔργα
615 607 774 658 αὐτοῦ·
844 611 1128 674 χειραγωγεῖ
1173 606 1218 657 δ’
1271 608 1353 658 οῦν
1404 606 1529 669 ὅμως
1580 605 1656 657 διὰ
1704 609 1787 669 τῆς
1836 608 1930 655 τῶν
1952 621 1974 660 5

295 698 321 738 b
341 691 494 753 αὐτῶν
533 687 880 757 ἐπαναλήψεως
919 687 1006 752 τὴν
1046 687 1380 753 ἀμαθεστάτην
1418 693 1513 739 τῶν
1546 687 1785 739 Ἰουδαίων
1823 685 1924 737 διά-

341 794 470 822 νοιαν
515 775 577 824 εἷς
618 768 673 821 τὸ
719 769 952 821 δύνασθαι
996 771 1203 821 συνιέναι
1245 774 1432 839 σαφῶς,
1475 769 1546 821 ὅτι
1590 772 1665 820 καὶ
1710 766 1930 834 μειζόνων

338 854 472 904 ἔσται
503 850 827 920 τερατουργὸς,
853 851 882 917 ἢ
909 854 957 904 ἐν
983 851 1048 906 οἷς
1082 854 1107 902 ὁ
1141 852 1415 920 παράλυτος
1448 852 1519 917 ἦν,
1545 854 1621 903 καὶ
1660 855 1742 916 τῆς
1781 854 1931 902 οἰκου-

337 935 478 1000 μένης
520 934 909 1002 ἀναδειχθήσεται
955 934 1129 1002 κριτής·
1174 937 1547 1002 ἀντιπαρατιθεὶς
1592 934 1641 986 δὲ
1684 934 1932 1002 χρησίμως

337 1022 396 1085 τῇ
429 1021 525 1068 τῶν
552 1021 726 1083 νεκρῶν
753 1015 1017 1068 ἀναστάσει
1053 1016 1139 1081 τὴν
1171 1016 1244 1085 ἐφ’
1272 1017 1335 1068 ἑνὶ
1370 1022 1465 1068 τῶν
1492 1016 1760 1069 νοσούντων
1787 1020 1925 1082 θερα-

337 1101 485 1163 πείαν,
513 1098 698 1166 μείζονά
729 1122 779 1150 τε
812 1100 888 1150 καὶ
914 1099 1297 1168 ἀξιολογωτέραν
1323 1099 1590 1151 ἐπιδεικνύει
1615 1099 1702 1163 τὴν
1728 1096 1933 1150 θανάτου

338 1181 533 1246 λυτικὴν
576 1182 823 1248 ἐνέργειαν,
870 1183 946 1231 καὶ
992 1185 1175 1250 φθορᾶς
1226 1184 1309 1245 τῆς
1361 1180 1583 1232 ἁπάντων
1626 1179 1931 1246 ἀναιρετικὴν,

338 1264 525 1317 εἰκότως
569 1286 620 1314 τε
663 1265 739 1314 καὶ
785 1264 1050 1328 ἀναγκαίως
1097 1265 1158 1317 ὡς
1202 1264 1270 1314 ἐπ’
1313 1262 1529 1314 ἐλάττονι
1572 1268 1638 1333 τῷ
1675 1260 1932 1332 παραδόξῳ

297 1347 468 1414 οφησί
490 1344 563 1406 Mu}
592 1344 841 1415 θαυμάζετε
872 1347 1009 1396 τοῦτο.
1068 1347 1143 1395 καὶ
1178 1346 1231 1395 οὐ
1267 1343 1418 1410 δήπου
1456 1343 1644 1399 πάντως
1684 1350 1932 1409 νομιοῦμεν

337 1427 479 1479 αὐτὸν
530 1430 612 1492 τῆς
664 1431 759 1479 τῶν
810 1428 988 1479 οἰκείων
1039 1427 1190 1494 ἔργων
1242 1427 1577 1494 λαμπρότητος
1629 1426 1704 1478 διὰ
1754 1426 1932 1478 τούτων

336 1515 626 1577 κατηγορεῖν,
666 1509 694 1575 ἢ
735 1511 811 1561 καὶ
849 1514 945 1564 τοῖς
991 1510 1301 1575 ἀκροωμένοις
1341 1509 1620 1573 ἐπιτάττειν,
1662 1509 1726 1575 μὴ
1765 1512 1934 1577 χρῆναι

336 1592 573 1656 θαύματος
620 1592 785 1661 ἀξιοῦν
826 1591 884 1642 τὰ
928 1592 999 1660 ἐφ’
1039 1591 1106 1645 οἷς
1151 1590 1209 1643 ἂν
1250 1591 1436 1645 εἰκότως
1482 1590 1773 1658 θαυμάζοιεν,
1820 1592 1930 1642 ἀλλ’

336 1674 500 1726 εἰδέναι
540 1698 591 1726 τε
631 1677 707 1725 καὶ
747 1673 987 1726 πιστεύειν
1018 1674 1244 1735 βούλεται
1285 1672 1393 1728 τοὺς
1435 1674 1503 1726 ἐπ’
1540 1676 1695 1744 ἐκείνῳ
1730 1667 1932 1725 καταπε-

335 1757 652 1822 πληγμένους,
680 1756 750 1807 ὅτι
781 1755 947 1823 μικρὸν
974 1756 1100 1826 αὐτῷ
1136 1755 1190 1808 τὸ
1225 1757 1362 1824 μέχρι
1397 1757 1563 1809 τούτου
1590 1754 1928 1822 θαυμάζεσθαι.

336 1840 500 1906 ἐγείρει
545 1837 638 1905 γὰρ
689 1838 821 1907 λόγῳ
874 1840 948 1889 καὶ
993 1839 1199 1907 ἐνεργείᾳ
1244 1843 1504 1905 θεοπρεπεῖ,
1550 1840 1637 1906 οὐχ
1707 1837 1834 1892 ὅπως
1883 1839 1933 1889 ἐκ

336 1925 514 1986 μικρῶν
560 1920 949 1987 ἀῤῥωστημάτων
994 1919 1101 1974 τοὺς
1145 1920 1422 1984 κάμνοντας,
1469 1920 1601 1972 ἀλλὰ
1645 1923 1720 1971 καὶ
1765 1918 1933 1974 αὐτοὺς

337 2001 427 2066 ἤδη
465 2001 572 2056 τοὺς
610 2005 677 2071 τῷ
718 2000 905 2071 θανάτῳ
945 2003 1372 2066 βεβαπτισμένους,
1406 2005 1481 2054 καὶ
1521 2002 1710 2072 ἀκράτῳ
1749 2025 1929 2066 νενικη-

294 2092 320 2133 (1
338 2085 503 2147 με’νους
542 2088 716 2154 φθορᾷ·
760 2087 836 2134 καὶ
872 2083 947 2135 διὰ
972 2085 1109 2135 τοῦτό
1144 2089 1283 2150 φησι,
1310 2083 1364 2136 τὸ
1391 2084 1544 2150 μεῖζον
1571 2083 1807 2155 εἰσφέρων
1823 2083 1932 2136 εΌτι

339 2167 512 2236 ἔρχεται
541 2166 630 2234 ὧροι
657 2168 693 2218 ἐν
718 2165 740 2241 ᾗ
767 2166 929 2222 πάντες
958 2173 991 2218 οἱ
1017 2167 1054 2217 ἐν
1076 2170 1162 2222 τοῖς
1190 2170 1409 2235 μνημείοις
1437 2166 1662 2218 ἀκούσωσι
1689 2166 1762 2227 τῆς
1790 2166 1931 2237 φωνῆς

339 2250 483 2300 αὐτοῦ.
559 2250 584 2300 ὁ
634 2248 728 2314 γὰρ
778 2248 910 2317 λόγῳ
965 2247 1024 2299 τὰ
1083 2249 1165 2299 οὐκ
1217 2247 1330 2299 ὅντα
1379 2248 1494 2300 ποτὲ
1543 2248 1662 2316 πρὸς
1713 2248 1767 2300 τὸ
1817 2246 1930 2300 εἶναι

337 2329 648 2397 παρενεγκὼν,
674 2335 776 2384 πῶς
801 2331 884 2381 οὐκ
915 2328 973 2381 ἂν
1000 2330 1199 2397 ἰσχύσαι
1226 2329 1279 2382 τὸ
1306 2330 1395 2395 ἤδη
1422 2331 1735 2396 πεποιημένον
1760 2338 1931 2383 παλιν-

339 2414 528 2477 δρομεῖν
572 2414 824 2464 ἀναπεῖσαι
875 2411 994 2479 πρὸς
1038 2411 1264 2478 γένεσιν,
1328 2411 1415 2464 εἷεν
1457 2413 1551 2480 γὰρ
1593 2412 1651 2464 ἂν
1690 2415 1812 2465 οὕτω
1849 2416 1931 2477 τῆς·

338 2495 480 2558 αὐτῆς
519 2495 746 2562 ἐνεργείας
787 2494 1000 2560 ἑκάτερα,
1040 2496 1115 2544 καὶ
1153 2499 1260 2558 μιᾶς
1299 2495 1517 2563 ἐξουσίας
1556 2495 1610 2546 τὸ
1649 2497 1717 2547 ἐπ’
1752 2497 1931 2565 ἀμφοῖν

386 2718 419 2748 4.
444 2706 636 2741 ἀποδώσειν
667 2707 771 2742 edidi.
802 2701 990 2742 ἀποδώσῗιΐν
1019 2707 1066 2742 D.
1095 2707 1286 2742 ἀποδώσων
1312 2706 1378 2741 Ed.
1409 2711 1431 2726 “
1446 2709 1489 2742 al.
1520 2707 1731 2743 ἀποδώσειν”
1761 2707 1828 2743 Ed.
1858 2721 1931 2754 mg.

339 2763 372 2794 5.
399 2752 439 2796 δὴ
458 2763 521 2797 pro
539 2752 568 2787 δ’
587 2753 633 2788 D.
787 2755 821 2789 8.
847 2754 866 2798 ἢ
885 2760 1109 2799 assumptum
1127 2766 1168 2788 ex
1189 2754 1282 2789 B.D.
1349 2753 1404 2800 ἧν]
1426 2755 1521 2790 ἐστὶν
1540 2755 1581 2790 Β.
1722 2766 1775 2798 14.
1800 2756 1933 2792 πάντως

342 2798 434 2833 B.D.
453 2806 486 2833 et
502 2799 550 2833 ita
568 2800 715 2845 conjecit
732 2801 825 2836 Aub.
843 2803 969 2837 πάντας
988 2800 1055 2835 Ed.
1212 2813 1265 2845 15.
1292 2801 1345 2835 διὰ
1363 2803 1464 2836 τοῦτο
1484 2801 1527 2836 Β.
1682 2801 1735 2836 16.
1761 2801 1780 2846 ἢ
1798 2813 1869 2837 om.
1887 2802 1931 2836 B.

343 2856 395 2889 19.
421 2847 539 2889 μικρὸν
555 2847 644 2893 αὐτῷ
663 2848 700 2881 τὸ
717 2849 819 2893 μεχρὶ
835 2847 973 2894 τούτου]
992 2848 1094 2893 μεχρὶ
1111 2848 1237 2882 τούτων
1253 2849 1292 2882 τὸ
1309 2849 1427 2893 μικρὸν
1444 2849 1533 2894 αὐτῷ
1553 2848 1594 2883 Β.
1796 2860 1851 2883 21.
1877 2863 1930 2893 μι·

1491 2904 1569 2921 Ονται

339 2928 426 2968 κρῶν
445 2925 486 2960 Β.
503 2929 639 2970 μακρῶν
657 2927 723 2961 Ed.
1028 2939 1084 2970 24.
1110 2927 1285 2962 ἀκούσωσι
1307 2928 1348 2962 Β.
1366 2928 1554 2964 ἀκούσουσι
1574 2929 1621 2964 D.
1638 2928 1842 2964 ἀκούσονται
1861 2928 1928 2964 Ed.

343 2970 395 3004 26.
422 2974 634 3017 παρενεγκὼν
654 2973 734 3008 RD
753 2987 824 3020 mg.
842 2976 1047 3020 παραγαγὼν
1066 2975 1112 3009 D.
1133 2974 1198 3009 Ed.

1957 1039 2003 1063 10

1956 1444 2002 1481 15

1956 1858 2003 1882 20

1955 2268 2003 2306 25
