2084 3317
149 139 203 183 iv,
221 143 288 198 38.
394 145 468 186 IN
509 148 550 188 S.
586 148 922 195 JOANNEM.
986 158 1112 201 LIB.
1145 161 1204 201 II.
1269 164 1404 207 CAP.
1429 168 1481 208 V.
1651 174 1735 215 297

145 248 271 319 νόμῳ
298 254 618 319 δουλεύοντας,
647 261 723 310 καὶ
747 260 877 331 μόνῳ
908 271 1330 333 προσκαθημένους
1364 278 1431 343 τῷ
1466 276 1727 343 γράμματι,

140 331 396 396 μεταθήσει
442 335 490 387 δὲ
531 338 664 404 δίκην
707 343 992 409 δραγμάτων
1033 353 1095 402 εἷς
1139 350 1239 420 ἕξιν
1276 376 1325 404 τε
1370 360 1445 407 καὶ
1489 363 1732 413 πολιτείαν

139 411 461 480 εὐαγγελικὴν,
495 421 717 488 ἀποκερεΐ
750 424 798 475 δὲ
839 427 1008 489 ὁμοίως
1041 433 1278 486 πολυθεόυ
1313 436 1398 499 μὲν
1427 440 1614 505 πλάνης
1647 442 1731 495 τὸν

135 497 229 543 τῶν
262 496 470 550 εἰδώλων
500 505 850 570 προσκυνητὴν,
876 511 1084 572 μετοίσει
1123 512 1170 564 δὲ
1204 516 1324 583 πρὸς
1358 520 1615 586 ἐπίγνωσιν
1646 532 1730 577 τοῦ

92 589 114 627 5
135 576 234 626 κατ’
263 578 490 642 ἀλήθειαν
524 582 658 639 ὄντος
693 590 833 651 Θεοῦ,
862 592 938 641 καὶ
971 592 1024 643 τὸ
1060 595 1259 658 σύμπαν
1287 602 1349 654 ὡς
1386 602 1451 653 ε”νι
1487 607 1562 656 καὶ
1596 615 1722 658 συλ-

133 657 321 723 λήβδην
347 665 505 727 εἰπεῖν,
530 665 637 721 τοὺς
665 673 958 736 φρονοῦντας
984 675 1049 726 ἔτι
1076 677 1135 727 τὰ
1160 680 1236 730 ἐπὶ
1261 684 1344 745 τῆς
1369 687 1456 749 γῆς
1490 686 1609 752 πρὸς
1640 689 1726 751 τὴν

132 742 228 789 τῶν
253 741 477 808 ἀγγέλων
500 749 792 814 μεταστήσει
817 753 937 819 ζωὴν
962 756 1036 807 διὰ
1063 760 1269 815 πίστεως
1295 767 1378 827 τῆς
1403 771 1464 820 εἷς
1492 772 1720 834 Χριστόν.

205 825 367 876 Ταῦτα
394 826 479 889 μὲν
505 829 576 893 δὴ,
604 835 768 899 φησὶν,
797 836 821 885 ὁ
846 841 940 887 τῶν
966 843 1199 905 θεριστῶν
1225 845 1531 913 ἐξεργάσεται
1558 853 1717 918 λόγος.
1738 866 1764 905 b

128 902 263 954 ἔσται
303 908 345 956 δ’
388 909 469 959 οὖν
508 910 633 972 ὅμως
678 915 761 965 οὐκ
808 918 1013 982 ἀμισθεὶ,
1054 924 1251 993 συνάξει
1294 928 1388 995 γὰρ
1435 931 1490 995 δὴ
1531 934 1720 990 πάντως

58 1002 106 1028 10
126 985 280 1040 αὐτοῖς
315 987 398 1040 τὸν
430 996 486 1047 εἰς
521 992 623 1063 {what
652 997 812 1048 αἰώνιον
846 1002 1179 1071 ἀποτρέφοντα
1217 1012 1398 1077 καρπόν·
1454 1016 1529 1064 καὶ
1568 1017 1622 1066 οὐ
1661 1017 1718 1082 δή

123 1088 216 1118 που
251 1069 482 1129 λαβόντες
515 1076 649 1137 μόνοι
685 1079 795 1130 καθ’
828 1082 1019 1137 ἑαυτοὺς
1055 1087 1478 1156 εὐφρανθήσονται,
1512 1098 1621 1147 ἀλλ’
1655 1102 1718 1153 ὡς

121 1152 219 1202 τοῖς
267 1156 362 1203 τῶν
412 1161 676 1225 προφητῶν
721 1162 1080 1229 ε’πικεκμηκότες
1128 1171 1304 1235 πόνοις,
1350 1179 1425 1225 καὶ
1476 1176 1559 1228 τὸν
1603 1184 1713 1248 παρ’

122 1230 306 1283 ἐκείνων
335 1240 758 1305 προγεωργηθέντα
793 1242 1045 1313 θερίσαντες
1079 1251 1276 1317 σπόρον,
1304 1256 1416 1317 μίαν
1443 1257 1535 1310 σῦν
1560 1263 1715 1318 αὐτοῖς

119 1312 448 1369 ἐπιτελέσουσι
491 1320 577 1385 τὴν
616 1323 894 1392 πανήγυριν.
964 1328 1092 1393 οἶμαι
1137 1334 1183 1382 δ’
1224 1335 1373 1403 ἔγωγε
1417 1338 1500 1392 τὸν
1538 1346 1708 1412 σοφώ-

52 1404 98 1442 Ι5
118 1415 262 1446 τατον
290 1401 504 1464 Παῦλον,
531 1402 639 1458 τοὺς
666 1407 739 1457 ε’πὶ
767 1412 863 1462 τοῖς
886 1410 1125 1472 μέλλουσι
1153 1417 1327 1472 τύπους
1357 1421 1712 1489 ἐκμεμαθηκότα

115 1481 303 1546 σαφῶς,
348 1483 559 1535 ἐντεῦθεν
603 1490 746 1538 εἰπεῖν
789 1493 900 1556 περί
945 1516 995 1543 τε
1041 1500 1135 1546 τῶν
1181 1499 1329 1564 ἁγίων
1375 1505 1589 1572 πατέρων
1634 1512 1710 1561 καὶ

113 1566 389 1629 προφητῶν,
435 1565 505 1617 ὅτι
552 1575 578 1597 “
602 1572 696 1622 Καὶ
749 1572 874 1623 οὗτοι
920 1575 1091 1631 πάντες
1143 1585 1461 1640 τελειωθέντες
1507 1589 1583 1640 διὰ
1626 1595 1747 1655 τῆςο
1769 1600 1917 1675 ΗΘΒ-(ξί-

114 1648 141 1671 “
166 1644 371 1700 πίστεως
412 1649 495 1700 οὐκ
533 1650 816 1714 ἐκομίσαντο
855 1655 941 1719 τὴν
976 1659 1280 1726 ἐπαγγελίαν,
1314 1672 1397 1717 τοῦ
1437 1672 1562 1721 Θεοῦ
1600 1677 1706 1739 περὶ
1767 1652 1890 1684 39’4’

112 1730 140 1752 “
165 1724 297 1788 ἡμῶν
341 1731 551 1794 κρεῖττόν
595 1755 638 1783 τι
682 1739 1100 1806 προβλεψαμένου,
1147 1744 1221 1794 ἵνα
1271 1745 1336 1810 μὴ
1385 1753 1528 1815 χωρὶς
1574 1755 1706 1817 ἡμῶν

44 1812 528 1863 20“τελειωθῶσιν.”
601 1815 718 1878 ὁμοῦ
770 1817 863 1884 γὰρ
913 1824 1082 1888 χρῆναι
1133 1830 1310 1896 χαίρειν
1356 1832 1633 1897 ἐδοκίμασεν
1679 1841 1703 1889 ὁ

112 1889 280 1956 Σωτὴρ
318 1896 385 1962 τῷ
421 1897 776 1964 προεσπαρκότι
815 1899 898 1952 τὸν
931 1905 1169 1971 θεριστήν.

100 2048 217 2097 ἘΓὼ
250 2051 484 2096 ἀπέστειλα
524 2058 633 2105 ὑμᾶς
671 2060 844 2118 θερίζειν
882 2064 904 2104 ὃ
945 2066 1018 2122 οὐχ
1059 2068 1174 2116 ὑμεῖς
1215 2077 1513 2118 κεκοπιάκατε·
1570 2080 1694 2123 ἄλλοι
1718 2087 1765 2132 38

171 2136 464 2189 κεκοπιάκασι,
498 2140 566 2180 καὶ
605 2140 722 2190 ὑμεῖς
759 2142 820 2186 eie
857 2147 930 2188 τὸν
963 2150 1095 2192 κόπον
1130 2153 1272 2195 αὐτῶν
1308 2155 1629 2204 εἰσελΗλύΘοιτε.

167 2239 302 2307 ”Ηδη
339 2244 391 2294 τὸ
427 2247 625 2309 σύμπαν
651 2251 808 2306 αὐτοῖς
843 2255 1168 2311 ἀποκαλύπτει
1199 2264 1476 2331 μυστήριον,
1505 2272 1579 2320 καὶ
1610 2271 1695 2335 τὴν

32 2335 81 2374 25
100 2325 420 2391 αἰνιγματώδη
446 2333 540 2379 τῶν
565 2329 725 2397 λόγων
747 2336 1031 2401 ἀποστήσας
1057 2344 1319 2409 περιβολὴν
1345 2349 1695 2417 ἐναργεστάτην

97 2409 181 2454 τοῦ
220 2410 567 2472 σημαινομένου
607 2416 874 2481 παρίστησι
913 2418 998 2482 τὴν
1038 2423 1258 2476 διάνοιαν.
1324 2432 1693 2499 φιλοπροφήτης

96 2484 146 2535 δὲ
183 2484 247 2536 ὧν
283 2489 308 2537 ὁ
342 2491 508 2556 Σωτὴρ
548 2496 623 2545 καὶ
663 2499 1044 2565 φιλαπόστολος,
1071 2506 1176 2556 οὕτε
1214 2507 1297 2558 τὸν
1330 2512 1514 2562 ἐκείνων
1544 2515 1691 2566 πόνον

95 2566 187 2635 ἔξω
215 2571 297 2633 τῆς
328 2575 422 2622 τῶν
448 2575 738 2629 ἀποστόλων
763 2581 924 2645 τίθησι
958 2583 1126 2651 χειρὸς,
1154 2590 1258 2640 οὔτε
1290 2590 1385 2655 μὴν
1412 2594 1688 2662 ὁλοκλήρως

93 2649 312 2713 ἀπονέμει
363 2659 458 2708 τοῖς
510 2657 659 2722 ἁγίοις
708 2662 999 2719 ἀποστόλοις
1048 2666 1102 2718 τὸ
1155 2671 1228 2720 ἐπὶ
1272 2677 1366 2726 τοῖς
1418 2673 1686 2736 μέλλουσιν

142 2810 171 2833 Ῑ.
197 2802 370 2846 πράγματι
389 2816 452 2848 prs)
469 2809 640 2851 γράμματι
661 2809 703 2845 Β.
883 2825 914 2849 2.
941 2818 1159 2862 μετατιθήσει
1181 2820 1221 2854 Β.
1397 2835 1430 2868 3.
1457 2825 1618 2872 (ἶποκείρῃ
1641 2830 1683 2865 D.

92 2846 124 2880 8.
151 2849 255 2881 ταῦτα
276 2849 315 2882 Β.
335 2850 457 2894 ταύτην
477 2853 541 2887 Ed.
607 2856 646 2899 δὴ
665 2868 734 2891 orn.
756 2858 796 2892 B.
918 2874 948 2906 9.
977 2863 1114 2907 ἀμισθεὶ
1136 2866 1176 2900 Β,
1196 2867 1343 2911 (ἷμισθὴς
1362 2869 1427 2903 Ed.
1494 2873 1533 2916 δὴ
1551 2886 1620 2909 om.
1645 2877 1683 2910 Β.

96 2904 147 2937 13.
174 2894 238 2928 σὺν
255 2903 477 2941 assumptum
497 2911 538 2933 ex
561 2900 600 2934 Β.
718 2916 769 2947 19.
795 2910 1098 2953 περιβλεψιιμένου
1118 2912 1160 2946 B.
1270 2926 1323 2959 23.
1351 2916 1442 2959 ὑμεῖς
1460 2928 1684 2966 assumptum

90 2950 131 2972 ex
152 2939 193 2973 B.
342 2954 395 2984 24.
421 2944 651 2981 ἀποκαλύπτει
672 2950 712 2983 Β.
733 2951 958 2988 (ἷνακολόπτει
980 2956 1044 2990 ΕιῙ,

148 3007 239 3035 VOL.
265 3009 294 3035 1.
861 3021 888 3058 Q
911 3024 935 3062 q

1547 3062 1587 3084 ‹V-
