2084 3317
131 170 216 211 viii.
240 185 303 229 19.
379 172 455 212 IN
497 172 538 213 S.
573 171 908 212 JOANNEM.
972 170 1097 211 LIB.
1121 170 1174 209 V.
1237 169 1370 209 CAP.
1406 168 1465 208 II.
1635 164 1714 207 725

135 281 307 347 Πατρί.
363 280 457 332 ὅσα
481 281 690 350 πέφυκεν
714 281 742 344 ἡ
769 285 851 330 τοῦ
879 278 1070 344 Πατρὸς
1096 278 1365 339 βούλεσθαί
1387 299 1436 326 τε
1468 278 1543 326 καὶ
1577 275 1713 339 λογί-

132 361 294 427 ζεσθαι
334 362 493 430 φύσις,
528 368 676 414 ταῦτα
715 362 771 426 δὴ
809 360 997 415 πάντως
1036 362 1138 411 ἐστὶ
1179 361 1256 410 καὶ
1294 360 1342 409 ἐν
1381 359 1494 420 ἐμοὶ,
1530 357 1717 421 ἐπείπερ

132 448 227 494 τῶν
251 444 423 495 ἐκείνου
448 444 642 496 κόλπων
667 443 937 513 ἐξὲλαμψα,
964 445 1038 494 καὶ
1065 443 1156 506 εἰμὶ
1180 439 1359 506 καρπὸς
1385 438 1608 503 ἀληθινὸς
1635 440 1718 501 τῆς

133 525 297 579 οὐσίας
323 527 480 579 αὐτοῦ.
533 529 737 594 δυσχερῆ
763 524 848 590 μὲν
873 526 954 576 οὖν
978 530 1128 576 ταῦτα
1149 521 1268 589 πρὸς
1295 521 1539 590 ἐξήγησιν,
1563 521 1638 570 καὶ
1665 519 1719 569 τὸ

91 627 113 665 5
134 609 473 673 ἐκτρανοῦσθαι
507 607 582 659 διὰ
613 608 850 674 γλώσσης
887 608 969 658 οὐκ
1007 603 1343 671 ἀταλαίπωρον
1367 602 1420 654 τὸ
1457 603 1532 653 καὶ
1559 602 1719 654 αὐταῖς

134 689 239 740 ἔσθ’
269 689 345 740 ὅτε
370 695 470 743 ταῖς
497 689 714 743 διανοίαις
741 690 825 740 οὐκ
851 687 1058 758 ἐφικτόν.
1112 691 1174 741 εἶς
1208 687 1383 749 εὐσεβῆ
1416 685 1459 735 δ’
1487 684 1568 735 οὖν
1594 682 1720 747 ὅμως

135 771 344 837 θεωρίαν,
377 775 439 825 εἷς
470 771 677 838 ὅσονπερ
715 771 908 836 ἄγοντες
947 770 1179 837 ἐνδέχεται
1218 767 1277 818 τὰ
1310 772 1516 828 τοιαῦτα,
1543 763 1760 827 μισθὸνεῑ
1786 775 1878 810 494
1891 774 1944 810 A·

135 854 313 906 ἑαυτοῖς
350 852 719 920 περιποιήσομεν
757 852 840 904 τὸν
879 852 1108 919 οὐράνιον,
1147 848 1358 918 ἄτρωτόν
1395 871 1444 899 τε
1484 849 1606 899 οὕτω
1645 848 1721 897 καὶ

135 934 398 999 ἀκλόνητον
423 940 524 989 ταῖς
552 939 613 989 εἷς
638 934 796 1001 ἕτερόν
821 958 866 986 τι
891 937 1219 1001 παρατροπαῖς
1245 931 1328 984 τὸν
1356 932 1533 982 ἑαυτῶν
1559 933 1718 993 διατη-

71 1043 118 1067 10
136 1015 346 1082 ρήσομεν
372 1022 497 1068 νοῦν.

212 1099 503 1163 Σημειωτὲον
541 1098 591 1150 δὲ
631 1098 702 1150 ὅτι
742 1100 968 1165 προσθεὶς
1014 1099 1039 1149 ὁ
1079 1096 1247 1162 Σωτὴρ
1292 1097 1368 1147 καὶ
1409 1094 1565 1160 λε’γων
1603 1091 1723 1158 πρὸς

135 1179 386 1235 Ἰουδαίους
416 1187 503 1233 Καὶ
539 1182 576 1233 ἐν
610 1187 671 1252 τῷ
705 1179 887 1252 ὑμετέρῳ
926 1178 971 1232 δὲ
1011 1181 1124 1251 νόμῳ
1162 1178 1445 1246 γέγραπται,
1472 1175 1723 1243 καταδέχε-

138 1268 253 1314 σθαι
288 1262 458 1315 λοιπὸν
485 1265 546 1318 ὡς
580 1264 636 1332 ἐξ
667 1263 874 1329 ἀνάγκης
909 1263 1146 1314 ἀναπείθει
1179 1260 1288 1314 τοὺς
1315 1260 1606 1327 Φαρισαίους
1638 1256 1724 1321 τὴν

137 1350 232 1396 τῶν
257 1346 530 1412 προσώπων
556 1345 718 1397 δυάδα.
773 1350 976 1416 μαρτυρῶ
1011 1342 1093 1408 μὲν
1123 1343 1217 1410 γὰρ
1253 1340 1341 1409 ἐγω
1377 1347 1472 1411 περὶ
1510 1341 1719 1409 ἐμαυτοῦ,

70 1448 117 1487 15
140 1431 309 1497 φησὶν,
341 1427 651 1492 συλλήψεται
678 1428 734 1479 δέ
753 1451 832 1491 μοι
858 1430 932 1478 καὶ
957 1427 1075 1494 πρὸς
1100 1431 1239 1477 τοῦτο
1271 1426 1346 1476 καὶ
1373 1430 1390 1476 ὁ
1422 1425 1588 1492 Πατήρ·
1632 1419 1724 1488 ἀρα

139 1510 221 1560 οὖν
259 1510 394 1561 ἔσται
437 1512 545 1578 παρ’
588 1512 695 1574 ὑμῖν
733 1508 869 1575 δεκτὴ
910 1510 938 1574 ἡ
977 1515 1072 1560 τῶν
1109 1507 1359 1576 μαρτύρων
1398 1505 1510 1560 δυὰς
1549 1511 1724 1573 νομικῷ

138 1592 452 1656 βεβαιουμένη
490 1592 745 1659 γράμματι,
772 1591 800 1658 ἦ
839 1591 987 1644 πάλιν
1016 1596 1079 1646 εἰς
1117 1590 1263 1655 μόνον
1297 1591 1495 1656 ὁρῶντες
1534 1587 1617 1638 τὸν
1651 1586 1720 1637 ἐπ’
1741 1600 1768 1641 b

138 1675 239 1738 ἐμοὶ
267 1673 459 1744 φθόνον,
487 1674 590 1726 οὐδὲ
615 1673 698 1726 τὸν
722 1676 828 1739 ὑμῖν
853 1673 1243 1738 τεθαυμασμένων
1269 1670 1501 1740 τηρήσετε
1528 1668 1672 1734 νόμον
1687 1689 1700 1731 3

375 1809 556 1855 Ἔλετον
593 1807 666 1852 οὖν
704 1810 822 1865 αὐτῷ
857 1811 945 1852 Ποῦ
982 1810 1096 1852 ἐστιν
1136 1810 1158 1853 ὁ
1195 1807 1345 1864 Πατήρ
1384 1821 1486 1859 σου;
1749 1819 1795 1855 19

71 1932 122 1958 20
216 1908 322 1957 Κάν
346 1906 497 1976 τούτῳ
524 1906 579 1971 δὴ
606 1907 822 1970 μάλιστα
847 1910 929 1971 τῆς
961 1912 1056 1958 τῶν
1080 1906 1318 1957 Ἰουδαίων
1344 1903 1602 1956 ἀσυνεσίας
1633 1906 1725 1954 πᾶς

139 2011 210 2043 τις
244 1990 337 2052 οὖν,
365 1987 505 2052 οἶμαι,
533 1991 608 2039 καὶ
643 1990 752 2040 λίαν
778 1989 963 2043 εἰκότως
999 1988 1309 2052 καταβοήσειε
1342 1985 1397 2037 τὸ
1430 1981 1727 2053 προφητικὸν

139 2072 284 2122 ἐκεῖνο
310 2071 465 2137 λέγων
492 2079 518 2101 “
539 2070 664 2123 Ἰδοὺ
691 2071 808 2126 λαὸς
833 2071 990 2138 μωρὸς
1017 2074 1092 2122 καὶ
1118 2069 1382 2136 ἀκάρδιος.”
1425 2072 1606 2133 μακροῦ
1632 2064 1726 2132 γὰρ
1745 2087 1767 2114 c
1786 2069 1881 2144 ἔξω·
1894 2079 1925 2099 v.

139 2151 377 2208 πολλάκις
402 2153 520 2220 πρὸς
547 2153 711 2208 αὐτοὺς
747 2153 997 2221 γεγονότος
1030 2159 1114 2205 τοῦ
1151 2153 1301 2218 λόγου
1339 2150 1468 2217 παρὰ
1504 2155 1587 2200 τοῦ
1614 2152 1723 2199 Σω-

141 2238 281 2301 τῆρος
306 2236 438 2300 ἡμῶν
464 2240 696 2301 Χριστοῦ,
722 2236 818 2287 ἄνω
850 2259 899 2287 τε
936 2238 1012 2287 καὶ
1049 2234 1175 2286 κάτω
1209 2234 1292 2285 τὸν
1318 2235 1366 2284 ἐν
1391 2237 1488 2286 τοῖς
1515 2233 1728 2298 οὐρανοῖς

75 2331 122 2369 25
145 2317 338 2383 Hoc-reba
376 2319 450 2368 καὶ
490 2317 614 2368 Θεὸν
652 2317 972 2384 ὀνομάζοντος,
1011 2317 1130 2384 πρὸς
1170 2315 1410 2379 τοσαύτην
1447 2317 1490 2365 οἱ
1534 2314 1728 2365 δειλαιοὶ

142 2399 590 2451 κατολισθαίνουσιν
628 2400 803 2464 ἄνοιαν,
832 2403 894 2454 ὡς
931 2401 1270 2463 ἀποτολμῆσαι
1309 2397 1466 2463 λέγειν
1494 2399 1585 2447 Ποῦ
1615 2397 1728 2447 ἐστιν

144 2487 162 2534 ὁ
190 2483 343 2550 Πατήρ
369 2506 473 2544 σου,
511 2482 777 2549 λογίζονται
803 2482 887 2546 μὲν
913 2482 1005 2549 γὰρ
1029 2484 1135 2548 περὶ
1160 2480 1246 2545 μὲν
1271 2486 1354 2531 τοῦ
1390 2478 1523 2533 ὄντος
1558 2481 1606 2530 ἐν
1632 2483 1728 2533 τοῖς

143 2564 354 2630 οὐρανοῖς
380 2568 504 2615 Θεοῦ
530 2563 583 2615 τὸ
609 2563 835 2630 παράπαν
861 2566 937 2615 καὶ
965 2562 1155 2629 Πατρὸς
1185 2561 1331 2624 οὐδὲν,
1356 2560 1726 2628 περιβλέπονται

144 2646 194 2698 δὲ
242 2652 431 2707 μᾶλλον
475 2649 551 2698 καὶ
602 2647 792 2714 ζητοῦσι
840 2646 923 2697 τὸν
959 2645 1160 2713 Ἰωσὴφ,
1202 2643 1344 2695 αὐτὸν
1389 2641 1504 2693 εῖναι
1547 2642 1729 2707 πατέρα

75 2749 126 2786 30
144 2734 375 2798 Χριστοῦ,
402 2731 478 2780 καὶ
512 2730 599 2796 οὐχ
632 2730 796 2795 ἑτέρως
831 2729 951 2797 ἔχειν
982 2751 1030 2778 τε
1064 2724 1439 2779 πεπιστευκότες.
1497 2725 1610 2792 ὁρᾷς
1646 2724 1728 2774 οὖν

192 2855 224 2889 9.
252 2840 502 2886 διατηρήσομεν
522 2841 563 2876 Β.
580 2842 713 2887 Migne.
732 2841 987 2887 διατηρὴσωμεν
1006 2839 1072 2874 Ed.
1273 2849 1323 2881 15.
1350 2838 1403 2871 καὶ
1421 2838 1517 2882 prius
1536 2849 1604 2872 ass.
1624 2849 1665 2871 ex
1685 2837 1727 2871 Β.

151 2900 202 2935 17.
229 2890 399 2935 γράμματι
417 2901 447 2923 a.
464 2887 626 2931 πνεύματι
643 2890 814 2934 γράμματι
833 2901 895 2932 pro
914 2899 1009 2921 more
1026 2887 1065 2920 Β.
1081 2885 1174 2920 unde
1193 2885 1227 2920 ἐν
1243 2884 1405 2928 πνεύματι
1422 2885 1593 2929 γράμματι
1611 2896 1729 2918 emen-

0 2908 5 3004 Ι
146 2937 241 2971 davit
262 2937 379 2970 Holst.
461 2937 603 2979 ὁρῶντες
620 2935 678 2970 τὸν
695 2936 744 2970 ἐπ’
764 2936 837 2979 ἐμοὶ
855 2935 921 2968 hoc
939 2934 1060 2967 ordine
1082 2934 1157 2968 B.a.
1235 2932 1360 2966 Statim
1379 2932 1509 2975 φθόνον
1528 2931 1602 2966 B.a.
1621 2933 1729 2977 φόνον

0 3005 9 3148 ἡ
148 2983 211 3018 Ht.
232 2983 298 3017 Ed.
397 2993 451 3017 20.
477 2983 564 3018 ἅπας
582 2994 611 3016 a.
710 2993 763 3028 29.
791 2981 861 3026 καὶ]
882 2981 899 3025 ἦ
921 2981 1055 3026 Migne.
1153 2991 1210 3025 30.
1236 2994 1270 3012 τε
1289 2990 1359 3013 om.
1378 2978 1473 3013 Aub.
