2084 3317
125 266 220 298 Infra

124 310 190 342 xiv.
211 320 242 352 9.

124 593 222 624 Prov.
240 592 284 624 iv.

128 644 141 666 1
149 644 177 674 5.

125 690 177 721 ΙΙ).
194 689 243 722 26.

350 160 434 199 544
753 159 800 199 B.
837 158 1109 200 CYRILLI
1153 158 1534 199 ALEXANDR.
1800 156 1850 196 vi.
1871 164 1938 209 57.

349 267 583 335 ψεύσεται
635 266 826 333 τρόπον,
880 268 1023 319 εἰπών
1077 275 1104 297 “
1129 267 1191 317 ‘O
1246 266 1458 332 ἑωρακὼς
1507 265 1582 329 ἐμὲ
1635 266 1807 330 ἑώρακε
1858 261 1940 313 τὸν

350 354 378 377 “
405 347 646 415 Πατέρα.”

422 431 433 447 ,
554 433 564 448 ,
616 432 626 446 ι
673 436 693 445 Α
936 429 949 444 1
1077 432 1087 446 ‹
1175 435 1194 444 „
1304 430 1313 444 ‚
1431 434 1450 443 „
1560 432 1579 441 -
1647 430 1656 445 ,
1881 428 1890 442 ,

439 435 553 482 Αλλ
607 454 695 500 ορᾳ
743 453 836 483 που
879 438 1027 482 παλιν
1068 454 1093 481 ο
1132 453 1227 481 των
1268 434 1481 491 ευσεβων
1524 452 1607 493 της
1663 433 1942 492 Εκκλησιας

350 511 601 579 δογμάτων
627 511 845 579 ἐραστὴς,
874 511 969 562 ὅσα
999 517 1101 566 ταῖς
1131 511 1317 563 ἐκείνων
1344 511 1598 579 φλυαρίαις
1625 508 1943 573 ἀκολουθήσει

348 593 409 646 τὰ
443 594 615 647 ἄτοπα.
670 593 918 645 ἐκκλινέτω
952 599 1205 660 τοιγαροῦν
1236 593 1315 645 ἀπ’
1350 593 1504 644 αὐτῶν
1542 594 1617 643 καὶ
1652 597 1939 656 παραλλατ-

349 675 464 728 τέτω
497 676 618 727 κατὰ
655 675 710 727 τὸ
743 674 1089 742 γεγραμμένον·
1131 677 1208 727 καὶ
1232 675 1420 726 ποιείτω
1445 673 1531 739 μὲν
1556 672 1748 741 τροχιὰς
1774 671 1938 739 ὀρθὰς,

348 756 433 812 τὰς
465 757 513 809 δὲ
544 758 681 812 ὁδοὺς
712 758 1031 810 κατευθυνέτω
1068 757 1152 812 τὰς
1187 758 1368 816 ἑαυτοῦ,
1397 759 1474 808 καὶ
1510 754 1630 823 πρὸς
1664 753 1720 806 τὸ
1756 755 1944 806 ἁπλοῦν

124 855 203 892 371
217 853 265 888 A.
308 842 432 903 ειτῆς
477 840 701 904 ἀληθείας
745 839 900 906 &pol-rw
945 838 1140 902 κάλλος,
1183 838 1303 907 ζωὴν
1342 838 1428 902 μὲν
1469 837 1590 890 κατὰ
1634 836 1786 906 φύσιν
1828 833 1945 887 εἶναι

348 921 587 973 πιστεύων
613 921 697 974 τὸν
724 920 850 973 Θεὸν
875 925 951 973 καὶ
986 921 1195 988 Πατερα,
1228 921 1348 988 ζωὴν
1384 920 1433 972 δὲ
1471 918 1621 972 πάλιν
1653 918 1824 983 ὁμοίως
1862 916 1945 968 τὸν

348 1003 407 1072 ἐξ
438 1004 582 1055 αὐτοῦ
617 1003 958 1070 γεγεννημένον
984 1003 1119 1055 Υἱόν.
1173 1006 1235 1058 ὡς
1273 1003 1367 1070 γὰρ
1407 1007 1510 1073 φῶς
1544 1004 1594 1053 ἐκ
1633 999 1792 1070 φωτὸς
1828 997 1944 1050 εἶναι

350 1086 554 1152 λέγεται,
582 1087 703 1137 οὕτω
742 1088 817 1137 καὶ
855 1084 946 1151 ζωὴ
981 1087 1030 1136 ἐκ
1065 1086 1198 1152 ζωῆς·
1241 1087 1318 1136 καὶ
1355 1084 1521 1151 ὥσπερ
1557 1083 1615 1135 τὰ
1652 1081 1811 1152 φωτὸς
1845 1079 1944 1133 δεό-

348 1191 468 1232 μενα
507 1167 694 1237 φωτίζει
734 1168 758 1217 ὀ
795 1166 918 1220 Θεὸς
956 1169 1032 1218 καὶ
1068 1166 1252 1234 Πατὴρ,
1287 1169 1350 1221 ὡς
1389 1165 1466 1216 διὰ
1507 1164 1666 1234 φωτὸς
1706 1164 1822 1214 ἰδίου
1860 1168 1945 1214 τοῦ

348 1253 484 1314 Υἱοῦ,
518 1252 594 1301 καὶ
633 1253 788 1319 σοφοῖ
821 1248 880 1300 τὰ
919 1248 1098 1317 σοφίας
1138 1247 1338 1312 δεκτικὰ,
1374 1250 1436 1301 ὡς
1475 1246 1551 1299 διὰ
1590 1246 1770 1315 σοφίας
1809 1245 1944 1306 ἰδίας,

349 1334 427 1383 καὶ
452 1335 653 1395 δυναμοῖ
674 1330 734 1382 τὰ
762 1329 1002 1395 δυνάμεως
1036 1330 1286 1399 χρῄζοντα,
1314 1332 1376 1384 ὡς
1412 1328 1490 1380 διὰ
1524 1328 1762 1392 δυνάμεως
1796 1323 1946 1378 πάλιν

351 1415 482 1477 ἰδίας,
522 1415 644 1465 οὕτω
687 1415 763 1464 καὶ
802 1412 1018 1479 ζωοποιεῖ
1050 1412 1111 1464 τὰ
1155 1411 1340 1478 ὅσαπέρ
1385 1413 1489 1463 ἐστι
1532 1413 1615 1475 τῆς
1652 1410 1762 1476 παρ’
1802 1409 1945 1460 αὐτοῦ

305 1502 333 1543 b
352 1496 549 1561 δεόμενα
576 1495 707 1562 ζωῆς,
734 1496 797 1549 ὡς
823 1494 899 1546 διὰ
925 1494 1042 1562 ζωῆς
1070 1495 1188 1549 ἰδίας
1220 1496 1295 1545 καὶ
1330 1494 1386 1563 ἐξ
1420 1494 1564 1544 αὐτοῦ
1598 1490 1942 1559 προχεομένης,

350 1578 570 1631 τουτέστι
607 1583 691 1629 τοῦ
729 1580 863 1628 Υὶοῦ.
923 1576 1038 1628 ὅταν
1072 1577 1153 1628 οὖν
1189 1575 1307 1645 λέγῃ
1344 1576 1417 1628 Z&
1451 1573 1527 1628 διὰ
1563 1573 1631 1627 τόν
1658 1571 1853 1644 Ποιτὲραι,
1880 1571 1946 1637 μὴ

352 1663 551 1729 νομίσῃς
581 1659 653 1712 ὅτι
687 1659 763 1711 διὰ
801 1658 856 1710 τὸ
898 1659 1122 1728 δέχεσθαι
1159 1658 1246 1724 τὴν
1280 1657 1411 1726 παρὰ
1448 1663 1532 1710 τοῦ
1569 1656 1761 1723 Πατρὸς
1799 1653 1941 1722 ζωὴν,

351 1743 440 1811 ζῆν
491 1742 657 1795 ἑαυτὸν
708 1743 948 1808 ὁμολογεῖ,
1000 1740 1112 1792 ἀλλ’
1162 1742 1351 1808 ἐπείπερ
1400 1742 1450 1792 ἐκ
1502 1740 1673 1807 ζῶντος
1721 1737 1946 1805 ἐγεννήθη

352 1824 560 1892 Πατρὸς,
599 1823 676 1875 διὰ
713 1830 854 1876 τοῦτο
893 1826 970 1875 καὶ
1009 1824 1097 1891 ζῆν
1134 1822 1299 1875 ἑαυτὸν
1338 1822 1688 1891 διισχυρίσατο.
1758 1821 1813 1872 οὐ
1851 1819 1946 1886 γὰρ

351 1909 566 1976 ἐνεχώρει
599 1906 664 1971 μὴ
700 1905 788 1972 ζῆν
817 1905 902 1958 τὸν
937 1908 986 1957 ἐκ
1021 1906 1192 1973 ζῶντος
1224 1905 1436 1973 Πατρός·
1481 1906 1558 1955 καὶ
1595 1903 1759 1970 ὥσπερ
1800 1902 1844 1953 εἴ
1876 1925 1947 1955 τις

351 1990 487 2056 λέγοι
535 1993 631 2041 τῶν
682 1989 788 2040 καθ’
842 1989 964 2053 ἡμᾶς
1005 1986 1296 2055 ”Ανθρωπός
1348 1991 1439 2051 εἶμι
1488 1985 1685 2052 λογικὸς
1737 1983 1814 2035 διὰ
1862 1982 1947 2034 τὸν

352 2072 548 2139 πατερα,
581 2070 834 2138 ἀνθρώπου
874 2069 968 2137 γὰρ
1007 2076 1205 2137 λογικοῦ
1243 2069 1420 2136 γέγονα
1457 2068 1635 2120 τέκνον·
1680 2067 1802 2118 οὕτω
1838 2065 1946 2130 νοή-

311 2174 335 2203 e
353 2177 454 2209 σεις
479 2155 554 2205 καὶ
581 2154 649 2205 ἐπ’
679 2153 822 2204 αὐτοῦ
853 2158 936 2204 τοῦ
958 2156 1277 2218 Μονογενοῦς·
1321 2150 1384 2222 ζῶ
1407 2156 1531 2218 φησι
1557 2147 1633 2202 διὰ
1659 2151 1724 2201 τὶν
1746 2148 1943 2218 Πατέρα.

352 2234 510 2301 ἐπειδὴ
549 2234 643 2302 γὰρ
681 2233 773 2301 ζωὴ
813 2233 933 2285 κατὰ
970 2233 1122 2303 φύσιν
1152 2235 1285 2285 ἐστὶν
1319 2234 1345 2284 ὁ
1385 2230 1623 2298 γεννήσας
1660 2254 1717 2295 με
1755 2229 1943 2297 Πατὴρ,

352 2317 517 2387 εὐφυὲς
559 2316 611 2369 δέ
646 2320 738 2381 εἶμι
776 2318 852 2368 καὶ
892 2316 1093 2382 γνήσιον
1130 2315 1353 2382 γέννημα,
1392 2313 1447 2366 τὸ
1485 2313 1603 2365 ’ίδιον
1641 2313 1785 2364 αὐτοῦ
1827 2311 1948 2364 κατὰ

352 2399 505 2468 φύσιν
530 2398 780 2466 ἐπάγομαι,
805 2398 1037 2461 τουτέστι,
1064 2397 1119 2449 τὸ
1156 2395 1271 2448 εἶναι
1305 2395 1412 2464 ζωὴ,
1438 2402 1579 2448 τοῦτο
1608 2395 1701 2463 γάρ
1732 2397 1836 2446 ἐστι
1869 2397 1948 2446 καὶ

352 2482 379 2532 ὃ
417 2481 605 2549 Πατήρ.
672 2480 830 2546 ἐπειδὴ
869 2480 919 2532 δὲ
956 2479 1020 2534 εἷς
1057 2479 1114 2549 ἐξ
1149 2478 1250 2534 ἑνὸς
1290 2479 1462 2530 νοεῖταί
1496 2501 1547 2529 τε
1585 2479 1662 2529 καὶ
1697 2477 1844 2529 ἔστιν·
1897 2479 1948 2528 ἐκ

354 2563 548 2630 Πατρὸς
573 2563 668 2631 γὰρ
695 2565 720 2615 ὁ
748 2563 878 2627 Υἱὸς,
905 2566 944 2614 εἰ
972 2565 1047 2614 καὶ
1073 2564 1226 2625 συνῆν
1251 2561 1423 2614 ἀϊδίως·
1464 2558 1652 2614 εἰκότως
1678 2564 1775 2613 τοῖς
1802 2563 1947 2628 φυσι-

351 2650 450 2700 κοῖς
474 2651 558 2697 τοῦ
583 2645 905 2712 γεννήσαντος
931 2644 1215 2715 ἀξίωμασιν,
1242 2644 1304 2697 ὡς
1331 2643 1462 2697 ἰδίοις
1488 2641 1862 2707 ε’πισεμνύνεται.

399 2832 433 2866 3.
458 2819 680 2867 Ἐκκλησίας]
702 2821 880 2862 εὐσεβείας
897 2820 941 2855 Β.
1068 2830 1102 2865 9.
1129 2818 1253 2864 ὁμοίως
1270 2823 1492 2863 assumptum
1513 2828 1554 2851 ex
1574 2817 1618 2852 B.
1750 2826 1875 2862 10-17.
1901 2817 1946 2853 ὡς

350 2868 526 2913 γὰρ-τοῦ
543 2869 625 2902 Υἱοῦ
643 2869 724 2902 citat
742 2868 879 2903 Veccus
898 2867 1021 2913 Epigr.
1039 2878 1075 2901 v.
1284 2876 1337 2899 12.
1364 2865 1408 2900 ὡς
1425 2870 1650 2909 assumptum
1669 2875 1711 2898 ex
1731 2863 1774 2898 B.
1795 2863 1891 2897 deest
1908 2864 1944 2897 in

352 2914 482 2949 Veeco.
640 2924 692 2959 15.
719 2916 773 2949 καὶ
791 2920 1018 2959 assumptum
1035 2925 1076 2947 ex
1096 2912 1139 2947 Β.
1158 2911 1255 2946 deest
1271 2911 1307 2945 in
1325 2911 1455 2946 Vecco.
1506 2911 1632 2945 Statim
1651 2911 1861 2953 ζωοποιεῖται
1880 2921 1945 2954 pro

352 2961 507 3003 ζωοποιεῖ
524 2962 564 2996 τὰ
584 2961 625 2997 Β.
727 2961 780 2997 16.
808 2962 851 2998 ὡς
869 2966 1095 3006 assumptum
1113 2971 1153 2994 ex
1175 2959 1216 2994 B.
1235 2958 1331 2993 deest
1350 2958 1385 2992 in
1404 2958 1531 2992 Vecco.
1630 2968 1686 3002 30.
1715 2957 1807 2990 ἰδίων
1826 2956 1866 2990 Β.

1962 605 1986 644 5

1967 1021 2016 1047 10

1966 1845 2017 1871 20

1966 2665 2016 2702 30
