2084 3317
97 609 191 639 Infra

96 653 152 684 xii.
176 653 227 683 28.

318 175 402 215 382
724 174 772 214 B.
807 173 1084 215 CYRILLI
1125 172 1508 214 ALEXANDR.
1696 189 1734 215 v.
1753 184 1821 229 37,
1841 174 1906 228 38.

326 282 348 299 >V
509 284 520 298 )
622 281 634 298 Ι
835 282 845 297 Ι
982 283 993 299 Ι
1049 281 1059 296 9
1129 283 1139 297 2
1209 280 1226 300 οἵ
1297 282 1308 297 9
1416 281 1427 297 Ι
1595 281 1608 295 x
1778 280 1790 298 f

318 305 468 348 εργων
493 305 724 347 ατονησαι
751 286 870 336 Θεος
892 304 903 343 ;
944 306 988 333 τι
1015 284 1042 332 δ
1089 305 1172 332 ουκ
1199 305 1256 332 αν
1285 281 1494 350 εξανυσῃ
1521 285 1641 335 Θεος
1677 286 1905 346 θελησας,

317 366 393 414 καὶ
430 366 540 415 λίαν
572 363 807 425 εὐκόλως;
859 363 1020 415 ἐλάλει
1056 368 1308 429 τοιγαροῦν
1335 363 1359 412 ὁ
1388 366 1618 427 Μωυσῆς,
1646 365 1670 414 ὁ
1707 362 1755 414 δὲ
1789 362 1910 417 Θεὸς

319 447 600 512 ἀπεκρίνατο
627 447 753 515 αὐτῷ
778 449 929 515 φωνῇ.
986 447 1062 496 καὶ
1088 446 1112 495 ὁ
1136 442 1220 508 μὲν
1245 443 1391 498 τύπος
1417 447 1464 495 ἐν
1490 445 1687 499 τούτοις·
1742 446 1910 508 ’ίδωμεν

320 526 369 578 δὲ
402 525 489 591 τὴν
514 528 751 592 ἀλήθειαν.
807 527 925 594 ἔχεις
957 531 1208 593 τοιγαροῦν
1233 528 1281 576 ἐν
1307 527 1598 591 εὐαγγελίοις
1632 532 1729 581 τοῖς
1763 528 1912 593 ἁγίοις

320 614 564 659 λαλοῦντα
611 608 694 659 τὸν
736 608 915 674 Κύριον
957 615 985 638 “
1010 608 1184 673 Πάτερ,
1227 606 1440 676 δόξασόν
1484 631 1576 659 σου
1620 608 1702 660 τὸν
1741 608 1953 672 Yibv,”5

97 706 183 740 259
201 705 251 739 A.
282 688 687 756 ἢάποκρινόμενον
712 689 761 741 δὲ
788 690 863 741 διὰ
891 693 1051 759 φωνῆς
1084 688 1167 740 τὸν
1195 690 1390 755 Πατέρα
1416 696 1443 719 “
1463 692 1556 741 Καὶ
1591 689 1800 759 ἐδόξασα
1836 695 1912 741 καὶ

96 952 147 983 Ib.
167 960 217 992 30.

92 2245 188 2277 Hier.

92 2290 160 2321 viii.
178 2290 207 2329 8,
224 2301 253 2331 9.

319 778 348 800 “
373 769 522 822 πάλιν
567 770 808 841 δοξάσω.”
877 772 960 823 οὐκ
1004 770 1117 822 εἶναι
1162 770 1212 821 δὲ
1257 771 1343 835 τὴν
1386 770 1550 839 φωνὴν
1595 774 1784 837 ἀληθῶς
1829 778 1912 823 τοῦ

319 857 445 904 Θεοῦ
482 858 557 905 καὶ
594 854 785 921 Πατρός
821 856 846 905 ὁ
885 853 1053 920 Σωτὴρ
1087 853 1274 922 ἔδειξεν,
1304 853 1446 904 εἰπὼν
1478 859 1574 908 τοῖς
1607 852 1662 904 τὸ
1697 854 1912 918 τηνικάδε

317 941 554 1002 παροῦσιν
581 944 606 966 “
626 938 703 988 Οὐ
730 937 786 987 δι’
815 936 892 1001 ἐμὲ
919 937 947 1001 ἡ
973 934 1108 1005 φωνὴ
1134 937 1252 1000 αὕτη
1279 935 1486 1002 γε’γονεν,
1510 935 1643 986 ἀλλὰ
1669 936 1724 987 δι’
1753 936 1910 999 ὑμᾶς·”

318 1018 431 1087 ὁρᾷς
457 1018 583 1072 ὅπως
619 1022 904 1085 γεγενῆσθαι
938 1023 1110 1087 σαφῶς
1144 1018 1475 1085 διισχυρίσατο
1501 1016 1586 1082 τὴν
1613 1017 1790 1087 φωνὴν,
1816 1019 1912 1069 ἐπεὶ
1936 1040 1983 1066 10

318 1099 383 1165 μὴ
410 1105 468 1169 τῇ
497 1100 574 1151 διὰ
604 1101 782 1153 κτύπου
818 1103 1080 1168 κεχρῆσθαι
1117 1104 1254 1169 φωνῇ
1291 1098 1375 1164 τὴν
1403 1100 1530 1151 θείαν
1556 1100 1738 1151 οἴεσθαι
1764 1100 1914 1170 φύσιν

318 1181 598 1246 ἀκόλουθον,
630 1183 717 1234 κᾶν
749 1188 851 1237 ταῖς
889 1182 1130 1249 ἡμετέραις
1169 1182 1582 1250 συσχηματίζηται
1620 1184 1810 1251 χρείαις,
1840 1188 1913 1235 καὶ

319 1268 449 1332 λαλῇ
484 1265 591 1315 καθ’
621 1266 741 1329 ἡμᾶς
776 1269 1092 1328 οἰκονομικῶς.

394 1350 559 1397 Ταῦτα
584 1346 732 1398 πάλιν
759 1347 868 1411 ἡμῖν
894 1347 1159 1412 ἀναγκαίως
1186 1346 1494 1411 εἰσεκομίσθη
1520 1345 1638 1412 πρὸς
1674 1346 1728 1398 τὸ
1761 1347 1915 1415 παρὸν

273 1431 384 1496 ὒτῷ
430 1426 562 1498 λόγῳ
604 1427 664 1479 τὰ
706 1428 1004 1495 θεωρήματα·
1060 1431 1230 1496 χρῆναι
1269 1427 1325 1492 δὴ
1363 1427 1552 1482 πάντως
1590 1428 1914 1495 ἐλογισάμεθα
1937 1451 1984 1490 15

318 1514 416 1563 τοῖς
454 1510 796 1579 ἐντευξομένοις
835 1510 1129 1575 ἀληθεύοντα
1167 1510 1424 1579 φαίνεσθαι
1462 1509 1545 1562 τὸν
1570 1512 1825 1575 Ἰησοῦν,“
1801 1535 1915 1563 οταν

318 1593 590 1659 εὑρίσκηται
617 1593 772 1660 λεγων
794 1616 913 1660 προς
938 1593 1191 1646 Ἰουδαίους
1228 1615 1335 1659 περι
1369 1598 1452 1643 τοῦ
1488 1592 1603 1644 ἰδίου
1615 1593 1915 1693 γεννήτορος

318 1674 435 1726 Ούτε
462 1674 600 1744 φωνην
627 1677 757 1726 αὐτοῦ
783 1698 969 1727 ‘fx-wrote
996 1676 1225 1735 cinnum-re
1253 1673 1343 1727 οὗτε
1370 1671 1479 1730 εἶδος
1508 1699 1636 1726 αυτου
1670 1675 1911 1744 ἑωρακοιτε,

322 1779 397 1807 και
425 1781 492 1808 τον
518 1758 653 1823 λογον
679 1759 811 1809 αὐτοῦ
837 1760 912 1809 οὐκ
940 1757 1064 1820 ἔχετε
1091 1758 1128 1808 ἐν
1156 1760 1253 1826 ὗμιν
1279 1780 1463 1826 μενοντσι
1492 1756 1553 1808 ὀτι
1585 1759 1625 1808 ὀν
1650 1757 1916 1809 απεστειλεν

319 1839 489 1901 ἐκεῖνος,
515 1839 649 1910 τούτῳ
677 1843 801 1907 ὑμεῖς
838 1843 881 1890 οὐ
912 1838 1157 1891 πιστεύετε.
1213 1838 1285 1890 ὅτι
1321 1838 1369 1890 δὲ
1405 1838 1553 1890 πάλιν
1586 1842 1628 1890 οἱ
1662 1843 1915 1906 Φαρισαῖοι
1935 1862 1985 1887 20

318 1919 437 1985 πρὸς
463 1921 686 1975 ἐκτόπους
712 1920 985 1987 ἀλαζονείας
1011 1921 1395 1990 ἀναφυσώμενοι,
1422 1920 1505 1972 τὸν
1532 1925 1656 1972 θεῖον
1682 1920 1796 1972 εἶναι
1823 1921 1914 1973 σὺν

279 2025 301 2052 ο
320 2002 476 2057 αὐτοῖς
502 2026 552 2054 τε
577 2005 653 2054 καὶ
680 2005 728 2054 ἐν
755 2005 909 2056 αὐτοῖς
936 2002 1230 2054 ἐπλάττοντο
1257 2002 1420 2068 λόγον,
1449 2002 1525 2053 διά
1551 2026 1601 2053 τε
1632 2009 1770 2054 τοῦτο
1796 2002 1916 2070 πρὸς

320 2083 620 2152 ἀξιάγαστον
656 2084 829 2136 ἐλάσαι
867 2086 1050 2154 σοφίαν
1089 2084 1294 2149 ἀνοήτως
1337 2085 1690 2153 διισχυρίζοντο,
1729 2108 1912 2152 μαρτυ-

323 2165 461 2231 ρήσει
510 2168 586 2218 καὶ
630 2167 744 2218 αὐτὸ
789 2167 844 2218 τὸ
893 2171 1102 2230 Πνεῦμα,
1143 2171 1362 2232 Χριστοῦ
1415 2166 1490 2218 διὰ
1537 2173 1621 2218 τοῦ
1666 2167 1916 2236 προφήτου

320 2248 545 2314 λέγοντος
567 2248 789 2316 Ἱερεμίου
813 2247 931 2315 πρὸς
958 2248 1125 2303 αὐτούς
1146 2257 1172 2278 “
1192 2252 1305 2302 Πῶς
1332 2251 1472 2315 ἐρεῖτε
1499 2248 1569 2300 ὅτι
1598 2251 1750 2318 σοφοί
1772 2251 1915 2312 ἐσμεν
1936 2267 1986 2307 25-

319 2335 348 2360 “
374 2331 521 2394 ἡμεῖς,
557 2333 633 2381 καὶ
672 2332 697 2381 ὃ
738 2329 884 2396 λόγος
918 2331 1098 2397 Κυρίου
1137 2329 1243 2394 μεθ’
1281 2331 1414 2394 ἡμῶν
1452 2332 1614 2393 ἐστίν;
1658 2336 1721 2385 εἰς
1760 2330 1916 2395 μάτην

320 2419 347 2442 “
370 2411 569 2478 ἐγενήθη
608 2418 804 2481 σχοῖνος
841 2411 1022 2481 ψευδὴς
1059 2419 1434 2479 γραμματεῦσιν,
1473 2413 1791 2481 ᾐσχύνθησαν
1829 2436 1915 2464 σο-

318 2501 346 2523 “
373 2497 469 2563 φοι,
505 2494 808 2560 ἐπτοήθησαν
840 2517 914 2545 και
950 2493 1187 2557 ἑάλωσαν,
1214 2495 1367 2563 σοφία
1394 2495 1464 2548 τίς
1491 2496 1622 2546 ἐστιν
1649 2497 1697 2546 ἐν
1722 2496 1909 2558 αὑτοῖς;

318 2584 346 2606 ιι
375 2576 396 2594 (Ι

373 2599 443 2628 οτι
469 2576 552 2628 τὸν
578 2576 728 2643 λόγον
757 2577 934 2643 Κυρίου
962 2577 1368 2640 ἀπεδοκίμασανΫ
1409 2581 1511 2631 πῶς
1536 2576 1630 2642 γὰρ
1656 2577 1739 2628 τὸν
1765 2576 1914 2643 ζῶντα

318 2660 395 2710 καὶ
445 2657 770 2710 ἐνυπόστατον
823 2665 906 2710 τοῦ
958 2662 1085 2710 Θεοῦ
1130 2657 1293 2724 Λόγον
1344 2658 1781 2722 ἀποδοκιμάσαντες
1827 2660 1914 2727 οὐχ
1934 2677 1983 2713 30

369 2804 398 2827 1.
426 2793 511 2829 Θεὸς
529 2794 588 2828 alt.
606 2801 830 2838 assumptum
848 2806 889 2828 ex
909 2793 951 2828 B.
1127 2806 1159 2835 4.
1186 2792 1397 2838 ευαγγελίοις
1415 2795 1485 2829 τοῖς
1502 2792 1611 2838 ἁγίοις
1629 2794 1671 2828 Β.
1689 2793 1797 2839 ἁγίοις
1814 2794 1913 2838 εὐαγ-

317 2840 446 2884 γελίοις
465 2839 532 2874 Ed.
631 2840 664 2875 6.
690 2840 745 2874 διὰ
762 2842 878 2886 φωνῆς
894 2852 965 2875 orn.
985 2839 1027 2874 Β.
1132 2849 1162 2884 7.
1170 2838 1346 2898 δοξάσω]
1371 2844 1407 2880 -ὶ-
1429 2839 1511 2883 αὕτη
1530 2839 1599 2874 δε(
1584 2855 1603 2883 η
1622 2840 1704 2884 δόξα
1723 2841 1777 2874 διὰ
1796 2841 1914 2884 φωνῆς

317 2900 456 2931 γεγονεν
475 2887 516 2920 Β.
628 2898 682 2921 10.
708 2888 819 2932 φησὶν
837 2899 900 2932 pro
919 2889 1041 2932 σαφῶς
1063 2886 1102 2920 Β.
1169 2900 1218 2919 ετι
1237 2898 1299 2930 plo
1317 2887 1388 2920 ἐπεὶ
1410 2887 1450 2921 Β.
1561 2897 1615 2931 15.
1639 2887 1679 2930 δὴ
1700 2887 1741 2920 Β.
1759 2888 1826 2932 γὰρ
1846 2887 1910 2920 Ed.

321 2933 372 2965 16.
401 2933 651 2977 ἐντεῑξαμένοις
670 2934 804 2979 Migne.
913 2945 968 2976 25.
996 2933 1156 2979 λέγοντος
1178 2932 1218 2966 Β.
1237 2933 1341 2978 λέγον
1360 2933 1453 2968 Ed.‘
1458 2933 1636 2968 ‘dicens'’
1657 2934 1785 2979 Georg.
1804 2933 1910 2977 'lrap.

318 2979 373 3013 26.
400 2981 418 3012 ὁ
437 2988 658 3025 assumptum
679 2992 719 3014 ex
741 2981 781 3014 Β.
