2084 3317
134 186 360 243 vi.32,33.
414 185 486 226 IN
530 185 572 226 s,
607 184 942 225 JOANNEM.
1004 184 1129 224 ΜΒ.
1162 183 1248 225 111.
1310 183 1546 224 CARVI.
1637 185 1720 223 457

134 297 208 346 καὶ
246 294 392 348 ὅντως
429 295 619 348 ἐλπίδος
658 295 711 345 οὐ
751 293 949 359 μακρὰν,
990 291 1070 344 ἅτε
1116 292 1171 356 δὴ
1215 293 1461 346 Μωυσέως
1506 291 1581 342 διὰ
1625 296 1759 342 τῶνε

133 376 355 427 τοιούτων
418 375 764 444 ἐξυβρισμένου
826 375 1061 441 ῥημάτων,
1125 376 1512 440 ἀποταυροῦσθαι
1573 372 1722 424 πάλιν

133 457 311 519 αὐτοὺς,
342 460 418 508 καὶ
457 462 518 510 εἷς
559 456 788 522 ἀκράτους
822 454 967 522 ὀργὰς
1002 455 1322 517 ἀνακαίεσθαι,
1348 453 1403 505 τὸ
1439 454 1522 518 μὲν
1549 453 1722 517 ἀληθὲς

132 538 258 592 ὅπως
294 538 351 589 ἂν
377 538 474 608 ε”χοι
504 541 828 604 διερευνῶντας
855 539 1082 600 οὐδαμῶς,
1109 536 1212 587 οὐδὲ
1238 535 1323 600 τὴν
1351 542 1434 587 τοῦ
1461 540 1723 589 λαλοῦντος

91 638 112 674 5
132 619 271 688 ἀξίαν
294 619 708 686 ἐπιγινώσκοντας,
737 622 811 671 ἐπὶ
846 618 894 670 δὲ
928 618 1072 681 μόνον
1097 617 1450 684 ἀπερισκέπτως
1483 615 1636 671 ἰόντας
1669 618 1722 667 τὸ

132 705 302 769 χρῆναι
335 707 564 766 τιμᾶσθαι
601 702 830 764 Μωυσέα,
862 704 936 752 καὶ
976 702 1058 752 οὐκ
1097 699 1306 766 εὐλόγως
1343 699 1501 768 τυχὸν,
1533 699 1608 750 ὅτε
1649 702 1724 750 καὶ

132 782 250 850 πρός
275 807 320 835 τι
344 783 398 835 τὸ
431 786 711 850 ὑπερτεροῦν
737 784 1053 849 συγκρίνοιτο.

210 864 541 928 Μανθάνωμεν
580 866 749 926 τοίνυν,
791 863 1138 930 εὐκρινέστερόν
1180 886 1229 913 τε
1273 865 1347 913 καὶ
1390 863 1720 929 λογικώτερον,

132 945 218 1009 τὴν
244 950 306 999 εἰς
332 945 440 999 τοὺς
466 945 626 1011 ἁγίους
652 945 786 1009 ἡμῶν
810 944 1009 1009 πατέρας
1049 944 1330 1008 ἐπιτηδεύειν
1357 943 1621 1005 εὐλάβειαν,
1648 966 1724 994 και

66 1049 114 1074 10
133 1027 404 1078 ἀποδιδόναι
430 1026 550 1078 κατὰ
575 1025 629 1078 τὸ
655 1026 1042 1092 γεγραμμένον,“
1062 1029 1128 1075 τῶ
1153 1048 1235 1076 τον
1263 1024 1419 1092 φόβον
1444 1048 1527 1075 τον
1553 1025 1722 1093 φόβον,
1743 1036 1769 1076 (1
1787 1031 1900 1113 ΞἯΠῩ

133 1115 162 1137 “
187 1113 254 1178 τῷ
293 1107 379 1172 τὴν
417 1107 556 1172 τιμὴν
593 1107 680 1172 τὴν
717 1106 902 1171 τιμήν.”
955 1105 1244 1170 ἀδικήσομεν
1277 1106 1370 1173 γὰρ
1409 1107 1636 1170 οὐδαμῶς,
1669 1106 1723 1157 τὸ

132 1190 318 1259 ἑκάστῳ
344 1189 523 1255 πρέπον
550 1188 796 1255 ἀναλόγως
822 1186 1192 1254 προσάπτοντες,
1213 1190 1307 1239 ἐπεὶ
1337 1196 1364 1218 “
1380 1190 1455 1238 καὶ
1481 1188 1724 1251 πνεύματα
1791 1205 1801 1225 ¹
1820 1198 1892 1227 00?-

1119 1272 1144 1288 ”
1189 1271 1211 1289 et
1786 1239 1853 1271 xiv.
1873 1248 1924 1278 32.

134 1280 162 1302 ‘⁶
183 1277 445 1341 προφητῶν
470 1271 737 1340 προφήταις
775 1271 1115 1323 ὑποτάσσεται·
1187 1295 1300 1322 οταν
1327 1271 1374 1322 δὲ
1402 1270 1459 1336 δή
1486 1295 1554 1325 τις
1579 1271 1723 1339 λόγος

134 1354 401 1422 εἷσέρχηται
426 1377 530 1421 περι
557 1359 640 1405 τοῦ
668 1357 888 1419 Σωτῆρος
915 1354 1047 1417 ἡμῶν
1074 1357 1305 1420 Χριστοῦ,
1333 1353 1439 1404 τότε
1465 1356 1541 1404 καὶ
1568 1355 1724 1420 λέγειν

552 1435 611 1466 “⁹7
1786 1429 1840 1458 PS-

70 1458 114 1494 ¹5
134 1436 254 1499 ἡμας
279 1438 535 1502 ἀναγκαῖον
614 1440 707 1487 Οτι
730 1437 800 1490 τίς
826 1437 874 1486 ἐν
895 1434 1114 1503 νεφέλαις
1142 1436 1430 1500 ἱσωθήσεται
1456 1440 1523 1505 τῷ
1550 1438 1722 1507 Κυρίῳ,
1786 1471 1936 1502 lxxxviii.

135 1517 217 1583 “7⁴7
245 1519 312 1572 τίς
340 1517 684 1583 ὁμοιωθήσεται
712 1522 777 1587 τῷ
806 1518 1016 1587 Κυρίω’
993 1541 1042 1568 εν
1069 1521 1178 1570 υιοῖς
1206 1521 1329 1568 Θεοῦ
1351 1516 1393 1579 ;”
1790 1524 1816 1554 ⁷·

1744 1617 1765 1642 e

129 1661 240 1701 Ἀλλ’
291 1661 313 1702 ὁ
356 1660 505 1717 Πατι-ἰρ
547 1676 627 1708 μου
672 1659 845 1701 δίδωσιν
891 1656 984 1708 ὑμῖν
1028 1659 1101 1702 τὸν
1144 1659 1275 1715 ἄρτον
1318 1660 1364 1700 ἐκ
1414 1663 1487 1701 τοῦ
1538 1660 1722 1716 οὐρανοῦ

201 1743 275 1785 τὸν
306 1743 524 1786 ἀλΗθινόν.
578 1744 594 1786 ξ
638 1743 716 1799 Γὰρ
754 1743 884 1799 ἄρτος
923 1746 995 1783 τοῦ
1027 1742 1135 1783 Θεοῦ
1171 1742 1283 1784 ἐστιν
1315 1743 1337 1785 ὁ
1374 1742 1645 1792 καταβαίνων
1675 1743 1722 1784 ἐκ
1746 1754 1794 1790 33

202 1829 276 1866 τοῦ
314 1826 498 1882 οὐρανοῦ
538 1826 606 1867 καὶ
643 1826 753 1883 ζωὴν
792 1825 934 1866 διδοὺς
972 1827 1033 1879 τῷ
1072 1826 1232 1879 κόσμῳ.

67 1956 116 1981 20
202 1933 338 1985 ’Έδει
385 1933 451 1998 μὴ
502 1934 648 1996 μόνον
698 1935 974 1996 ἀποστῆσαι
1029 1933 1246 1984 Μωυσέα
1301 1936 1385 1996 τῆς
1440 1936 1727 1998 θεοπρεποῦς

134 2015 368 2084 ἐξουσίας,
397 2014 516 2067 κατά
546 2038 600 2081 γε
631 2014 718 2079 τὴν
744 2017 946 2066 ἐνοῦσαν
971 2017 1019 2066 ἐν
1045 2016 1227 2069 ἐκείνοις
1263 2014 1508 2083 διάληψιν,
1536 2017 1611 2064 καὶ
1645 2016 1728 2077 τῆς

134 2099 203 2149 ἐπ’
250 2098 408 2167 ἐκείνῳ
459 2099 839 2163 θαυματουργίας
891 2097 1124 2164 ὑπηρέτην
1175 2097 1414 2166 ἀναδεῖξαι
1463 2101 1655 2160 μᾶλλον
1698 2094 1726 2159 ἦ

135 2177 356 2246 χορηγὸν,
383 2179 495 2229 ἀλλ’
524 2178 613 2243 ἤδη
648 2181 724 2229 καὶ
759 2177 872 2230 αὐτὸ
908 2180 1058 2230 καίτοι
1095 2179 1379 2248 παραδόξως
1417 2177 1727 2244 γεγενημένον

136 2261 529 2327 κατασμικρύνειν
569 2259 624 2312 τὸ
671 2265 842 2324 θαῦμα,
884 2263 959 2312 καὶ
1003 2261 1368 2327 ἀντιπαραθεσει
1411 2265 1470 2328 τῇ
1510 2259 1628 2326 πρὸς
1673 2259 1726 2309 τὸ
1746 2285 1767 2308 a
1806 2276 1883 2310 312
1898 2275 1951 2310 A.

68 2365 115 2403 25
136 2343 291 2409 μεῖζον
335 2342 632 2395 ἐπιδεικνύειν
674 2343 888 2410 ὑπάρχον
930 2342 1055 2396 ὅλως
1100 2341 1248 2393 οὐδέν.
1318 2342 1457 2410 δέχου
1504 2340 1598 2407 γάρ
1648 2364 1728 2404 μοι

135 2423 283 2475 πάλιν
309 2423 520 2476 τοιοῦτόν
545 2447 590 2476 τι
621 2429 812 2486 βοῶντα
838 2423 1056 2491 Χριστόν
1081 2426 1167 2476 Ἐν
1193 2429 1387 2491 μικροῖς,
1414 2421 1450 2474 ὠ
1483 2424 1624 2484 οὗτοι,
1652 2445 1727 2472 και

136 2504 490 2560 εὐτελεστάτοις
529 2529 588 2557 τα
627 2506 819 2572 μεγάλα
857 2506 1122 2573 λογίζεσθε,
1162 2529 1238 2556 και
1282 2505 1367 2570 τὴν
1407 2510 1491 2557 τοῦ
1536 2504 1729 2556 πάντων

138 2586 392 2638 Δεσπότου
418 2588 692 2657 φιλοτιμίαν
719 2590 767 2639 ἐν
794 2588 975 2654 ὀλίγοις
1006 2590 1173 2652 κομιδῆ
1213 2587 1502 2654 διωρίσασθε
1528 2586 1726 2652 μέτροις.

136 2670 472 2733 ἀμαθαίνοντες
509 2668 604 2735 γὰρ
639 2671 693 2720 οὐ
725 2668 845 2721 κατά
873 2692 916 2719 τι
943 2669 1101 2737 βραχὺ
1127 2667 1181 2720 τὸ
1206 2669 1360 2731 μάννα
1386 2667 1633 2733 λογίζεσθε
1661 2672 1728 2719 τὸν

69 2778 118 2814 30
138 2750 258 2821 ἄρτον
297 2748 411 2801 εἶναι
448 2750 530 2801 τὸν
569 2751 626 2819 ἐξ
663 2754 844 2822 οὐρανοῦ,
886 2752 1034 2802 καίτοι
1072 2751 1217 2814 μόνον
1256 2752 1305 2800 ἐν
1343 2750 1499 2820 ἐρήμῳ
1538 2748 1593 2801 τὸ
1634 2754 1728 2800 τῶν

186 2895 219 2929 5.
245 2886 347 2928 μόνον
365 2884 400 2918 δὲ
419 2884 557 2918 inverso
576 2884 697 2919 ordine
717 2885 757 2918 Β.
886 2894 916 2929 7.
944 2884 1128 2930 ὑπέρτερον
1150 2885 1188 2918 Β.
1318 2885 1351 2918 8.
1378 2898 1413 2917 τε
1432 2885 1485 2918 καὶ
1502 2885 1729 2930 λογικώτερον

139 2944 210 2966 om.
232 2931 272 2965 B.
304 2977 330 3011 B
405 2931 457 2965 16.
485 2930 520 2976 ἢ]
541 2932 593 2965 καὶ
614 2931 669 2971 Β.,
689 2931 748 2965 sed
767 2931 812 2965 cf.
832 2943 938 2976 supra
961 2942 1024 2976 ¹03
1039 2943 1068 2965 a.
1200 2942 1253 2965 21.
1281 2930 1387 2965 οὖσαν
1406 2931 1448 2965 Β.
1574 2941 1629 2977 25.
1657 2932 1728 2966 ἐπι-

139 2977 280 3012 δεικνύει
337 3004 343 3011 .

197 3045 289 3073 voL.
315 3045 342 3072 1.
909 3045 932 3085 3
957 3045 983 3071 N
