2073 3296
343 169 398 207 22
744 167 793 207 Β.
828 165 1106 207 CYRILLI
1147 165 1525 208 ALEXANDR.
1839 164 1865 205 i.
1892 178 1924 205 1.

342 273 625 343 ἐκφωνηθὲν,
652 277 715 327 εἰς
750 279 886 325 ποῖον
911 275 1021 338 ἡμῖν
1047 272 1303 342 καταλήξει
1337 273 1498 336 τόπον,
1523 276 1591 325 ἀεὶ
1623 273 1929 341 προελαύνειν

345 362 428 408 τοῦ
466 356 713 409 διώκοντος
752 360 833 406 νοῦ
871 355 1095 424 πεφυκὸς,
1128 357 1204 405 καὶ
1243 355 1390 422 ἥνπερ
1428 355 1486 407 ἂν
1517 355 1671 420 οἴηταί
1703 378 1772 409 τις
1809 353 1929 422 ε”χειν

344 439 487 489 αὐτοῦ
522 435 608 501 τὴν
643 436 954 499 κατάπαυσιν,
982 436 1157 500 ταύτην
1189 441 1272 488 τοῦ
1308 436 1516 488 ἐπέκεινα
1551 436 1726 504 δρόμου
1760 435 1925 488 ποιού-

343 542 485 584 μενον
525 517 706 586 ἀρχήν;
761 515 803 578 ἧν
848 519 930 569 οὖν
971 525 989 570 ὁ
1031 519 1173 584 Λόγος
1225 520 1262 569 ἐν
1306 520 1434 590 ἀρχῇ,
1475 519 1732 581 τουτέστιν,
1775 520 1836 572 ὡς
1881 519 1930 568 ἐν

345 603 468 669 ἀρχῇ
512 605 570 668 τῇ
616 601 690 651 ἐπὶ
732 597 902 662 πάντα,
942 602 1018 650 καὶ
1063 599 1120 668 ἐξ
1161 600 1302 663 αὐτῆς
1348 599 1573 668 ὑπάρχων
1617 604 1832 669 φυσικῶς
1875 598 1930 650 τὸ
1950 613 1972 652 5

304 705 326 731 c
345 680 627 735 δεσποτικὸν
671 680 791 748 ἔχων
834 681 1039 750 ἀξίωμα·
1110 685 1148 731 εἰ
1198 679 1247 732 δὲ
1297 686 1436 732 τοῦτο
1486 681 1672 746 ἀληθὲς,
1714 685 1816 734 πῶς
1866 680 1933 731 ἔτι

344 763 539 830 γενητὸς
581 762 609 827 ἢ
654 763 964 827 πεποιημένος
982 784 994 825 3
1051 761 1171 814 ὅπου
1214 761 1262 813 δὲ
1304 762 1429 817 ὅλως
1469 762 1523 814 τὸ
1570 760 1626 827 ἧν,
1667 761 1787 814 κατὰ
1829 763 1933 813 τίνα

342 845 521 912 τρόπον
546 843 601 895 τὸ
636 844 718 894 οὐκ
752 842 809 908 ἧν
834 843 1127 909 εἶσβήσεται,
1153 843 1182 910 ὴ
1217 849 1354 896 ποῖον
1376 844 1470 914 ἕξει
1503 843 1674 897 λοιπὸν
1698 843 1782 896 τὸν
1813 842 1934 895 κατὰ

344 933 426 978 τοῦ
451 930 570 978 Υὶοῦ
595 924 742 977 τόπον
762 947 774 985 ;

393 1095 424 1118 2.
450 1084 553 1128 ἥνπερ
572 1083 611 1116 ἂν
632 1081 771 1116 Β.Ῑ).Ε.
791 1081 898 1116 Euth.
918 1080 956 1125 ἣν
974 1081 1041 1116 Ed.
1208 1093 1243 1128 3.
1267 1081 1494 1127 πεποιημένον
1511 1081 1619 1117 Euth.
1794 1094 1828 1128 9.
1853 1084 1935 1118 Υἱοῦ

346 1130 455 1166 Euth.
474 1130 541 1165 Ed.
558 1131 711 1174 Χριστοῦ
731 1129 772 1162 B.
