2084 3317
117 177 159 217 vi
200 191 348 234 ¹2:13·
392 178 466 218 IN
509 177 551 218 S.
586 175 919 218 JOANNEM.
983 175 1107 215 LIB.
1142 173 1229 214 III.
1292 174 1426 214 CAP.
1459 173 1537 214 IV.
1625 175 1710 214 419

115 284 286 353 ψάνων
316 286 494 353 εὑρέσει
529 285 866 350 βεβαιούμενον
903 287 965 338 εἰς
1002 282 1167 335 πίστιν
1199 287 1282 333 τοῦ
1320 279 1509 334 πάντως
1547 303 1597 331 τε
1635 282 1711 331 καὶ

114 368 306 431 άληθῶς
331 371 514 436 τροφῆς
538 366 759 433 γενέσθαι
785 363 1108 429 πλεονασμὸν,
1135 366 1210 415 καὶ
1238 364 1342 431 οὐχὶ
1368 367 1562 427 μᾶλλον
1588 370 1710 430 φαν-

115 449 284 503 τασίας
321 449 540 518 ἐπίδειξιν
566 449 827 512 άπατώσης
862 449 937 498 καὶ
971 445 1055 498 τὸν
1079 450 1174 498 τῶν
1198 444 1495 508 ἑστιωμένων
1519 445 1595 494 καὶ
1628 442 1712 494 τὸν

114 534 209 580 τῶν
236 530 576 582 διακονούντων
602 531 756 584 αὐτοῖς
791 527 1064 599 ὀφθαλμόν.
1117 526 1172 579 τὸ
1208 528 1267 579 δέ
1291 549 1345 593 γε
1378 525 1532 593 μεῖζόν
1559 548 1608 576 τε
1635 528 1711 576 καὶ

73 612 510 681 5άξιολογώτερον,
536 615 610 663 καὶ
650 614 760 663 λίαν
793 613 912 676 ἡμᾶς
951 614 1185 678 ὠφελοῦν,
1212 608 1356 660 ἐκεῖνό
1397 612 1517 660 ἐστι·
1562 630 1705 658 κατα-

116 693 210 745 νόει
237 694 330 760 γὰρ
357 695 484 749 ὅπως
510 693 896 760 προθυμοτάτους
921 694 1043 758 ἡμᾶς
1078 692 1155 743 διὰ
1188 697 1270 743 τοῦ
1298 691 1536 754 θαύματος
1564 692 1708 755 ἀπερ-

115 775 304 843 γάζεται
344 775 462 842 πρὸς
502 777 555 827 τὸ
593 776 857 837 βούλεσθαι
903 778 978 826 καὶ
1024 775 1134 825 λίαν
1173 773 1391 836 ἀσμένως
1431 772 1753 841 φιλοξενεῖν,0

116 861 366 926 μονονουχὶ
406 860 461 909 δι’
491 859 645 909 αὐτῶν
683 858 793 921 ἡμῖν
831 856 1108 921 ἀναβοήσας
1147 861 1242 906 τῶν
1280 853 1617 921 γεγενημένων,
1652 856 1714 907 ὡς

117 940 200 990 οὑκ
225 940 459 1008 ἐπιλείψει
491 939 551 991 τὰ
581 937 712 1006 παρὰ
738 943 863 990 Θεοῦ
890 937 972 990 τὸν
999 936 1283 999 κοινωνικὸν,
1311 939 1387 987 καὶ
1423 940 1489 1005 τῷ
1525 941 1708 1004 φιλαλ-

50 1047 97 1071 ιο
117 1021 255 1090 λήλῳ
305 1023 532 1089 χαίροντα
583 1021 759 1090 τρόπῳ,
807 1021 883 1071 καὶ
926 1019 981 1071 τὸ
1026 1018 1355 1086 γεγραμμένον
1400 1020 1714 1083 ἀποπληροῦν

1497 1100 1522 1116 ²,

116 1102 416 1168 ἐθελήσαντα
455 1103 778 1169 ζ(Διάθρυπτε
819 1106 1037 1153 πεινῶντι
1075 1100 1158 1152 τὸν
1199 1102 1343 1167 ἄρτον
1382 1123 1491 1151 σου.
1590 1099 1713 1169 ὄκνῳ
1775 1108 1924 1139 Es.lviii.

116 1183 201 1249 μὲν
228 1184 321 1252 γὰρ
356 1189 423 1254 τῷ
461 1187 567 1252 περὶ
602 1190 741 1235 τοῦτο
776 1183 1174 1248 κατειλημμένους
1208 1182 1317 1237 τοῦς
1346 1180 1560 1246 μαθητὰς
1587 1182 1707 1248 εὑρί-
1779 1160 1804 1191 7·

117 1290 296 1331 σκομεν
323 1269 371 1318 ἐν
398 1269 541 1335 ἀρχῇ,
571 1267 680 1317 ἀλλ’
709 1267 895 1332 ἐπείπερ
930 1264 1058 1329 ἦσαν
1090 1266 1212 1316 οὕτω
1242 1266 1528 1328 διακείμενοι,
1556 1271 1711 1315 πλου-

118 1350 231 1400 σίαν
258 1350 414 1403 αὐτοῖς
440 1351 465 1400 ὁ
494 1348 661 1415 Σωτὴρ
700 1348 786 1413 τὴν
821 1347 915 1400 ἀπὸ
954 1352 1050 1399 τῶν
1082 1347 1328 1416 λειψάνων
1363 1348 1498 1398 ἐτίθει
1533 1369 1714 1412 συγκο-

53 1452 99 1492 15
118 1430 273 1496 μιδήν·
333 1431 544 1482 διδάσκει
591 1430 638 1482 δὲ
686 1432 763 1482 καὶ
807 1431 929 1494 ἡμᾶς
974 1429 1050 1481 διὰ
1095 1429 1293 1494 τούτων,
1342 1429 1414 1480 ὅτι
1467 1428 1627 1496 βραχύ
1673 1436 1763 1478 ‘nd

119 1517 419 1567 δαπανῶντες
462 1518 524 1567 εἷς
568 1511 715 1582 δόξαν
760 1516 899 1575 Θεοῦ,
945 1511 1308 1579 πλουσιωτέραν
1353 1511 1717 1580 ἀντιληψόμεθα

1215 1600 1235 1609 Α

120 1596 259 1664 χάριν
300 1619 422 1646 κατα
465 1619 519 1646 το
565 1595 805 1661 εἷρημενον
845 1593 976 1660 παρὰ
1019 1598 1236 1660 Χριστοῦ
1283 1594 1526 1660 66Μετρον
1568 1593 1718 1645 καλον
1780 1603 1904 1680 {Luc-

137 1677 490 1741 ί’πεπιεσμενον
522 1680 598 1728 καὶ
633 1677 988 1740 σεσαλευμενον
1023 1675 1451 1744 ὑπερεκχυνόμενον
1478 1675 1720 1727 δωσουσιν
1839 1647 1889 1688 38

122 1766 150 1789 “
178 1764 240 1814 εὶς
266 1759 348 1810 τὸν
375 1759 557 1811 κόλπον
584 1758 761 1821 ὑμῶν.”
815 1760 898 1809 οὐκ
933 1759 1151 1823 ὀκνητέον
1177 1764 1428 1825 τοιγαροῦν
1460 1761 1523 1812 εἷς
1560 1781 1721 1808 κοινω-

52 1868 102 1892 20
121 1842 223 1892 νίαν
258 1839 343 1905 τὴν
374 1843 431 1910 ἐξ
466 1841 655 1906 ἀγάπης
694 1844 778 1904 τῆς
816 1845 878 1894 εἱς
917 1840 1170 1908 ἀδελφοὺς,
1202 1840 1321 1891 ἰτέον
1353 1839 1403 1891 δὲ
1441 1845 1633 1904 μᾶλλον
1659 1844 1721 1894 εἷς

121 1924 374 1987 εὐτολμίαν
401 1922 600 1989 ἀγαθὴν,
622 1925 697 1973 καὶ
725 1921 863 1974 ὄκνον
887 1921 974 1986 μὲν
1002 1925 1077 1973 καὶ
1105 1923 1283 1973 δειλίαν
1309 1922 1395 1986 τὴν
1421 1922 1722 1991 ἀφιλοξενεῖν

120 2006 488 2068 ἀναπείθουσαν,
526 2007 588 2058 ὡς
625 2002 916 2072 ποῤῥωτάτω
952 2005 1278 2068 ποιησώμεθα,
1305 2005 1634 2069 βεβαιούμενοι
1674 2004 1722 2055 δὲ

120 2087 239 2153 πρὸς
261 2088 433 2138 ἐλπίδα
449 2086 524 2138 διὰ
544 2090 626 2150 τῆς
645 2089 852 2141 πίστεως
872 2093 956 2137 τοῦ
973 2088 1049 2137 καὶ
1069 2085 1128 2137 τὰ
1147 2086 1292 2153 μικρὰ
1312 2085 1721 2153 πολυπλασιάζειν
1738 2112 1759 2138 e

122 2169 354 2221 δύνασθαι
394 2169 475 2220 τὸν
503 2168 642 2232 Θεὸν,
676 2168 936 2237 ἀνοίξωμεν
962 2173 1059 2222 τοῖς
1091 2169 1321 2232 δεομένοις
1348 2168 1407 2219 τὰ
1434 2169 1717 2237 σπλάγχνα,

54 2276 103 2315 25
123 2250 243 2302 κατὰ
301 2251 387 2316 τὴν
442 2256 525 2302 τοῦ
587 2250 731 2313 νόμου
793 2249 1006 2319 διάταξιν
1057 2257 1085 2279 “
1107 2251 1342 2316 Ἀνοίγων
1394 2250 1501 2318 γὰρ,
1554 2254 1719 2319 φησὶν,
1779 2255 1885 2329 ξξῑῑξὶ

125 2341 152 2362 “
174 2333 373 2401 ἀνοίξεις
398 2331 457 2384 τὰ
483 2332 749 2400 σπλάγχνα
775 2355 868 2383 σου
904 2336 970 2402 τῷ
996 2334 1193 2402 ἀδελφῷ
1220 2356 1313 2384 σου
1347 2338 1413 2402 τῷ
1442 2333 1721 2402 ἐπιδεομένῳ

124 2422 153 2445 “
179 2417 227 2465 ἐν
266 2415 392 2465 σοι’·”
433 2414 547 2465 πότε
595 2413 688 2481 γὰρ
726 2413 938 2478 ἐλεήμων
978 2414 1190 2483 ὀφθήσῃ,
1230 2415 1442 2481 σκληρὸς
1488 2416 1722 2476 διαμείνας

125 2498 208 2548 τὸν
235 2498 284 2547 ἐν
310 2498 428 2564 τῷδε
454 2501 521 2565 τῷ
555 2496 645 2565 βίῳ
681 2496 885 2564 χρόνον,
927 2496 1041 2547 πότε
1082 2495 1131 2546 δὲ
1169 2497 1444 2563 πληρώσεις
1482 2495 1570 2560 τὴν
1596 2498 1723 2547 ε’ντο-

126 2577 232 2642 λὴν,
259 2577 341 2628 τὸν
367 2583 449 2628 τοῦ
482 2579 714 2628 δύνασθαι
751 2580 866 2643 δρᾶν
893 2580 940 2629 ἐν
964 2579 1105 2647 ἀργίᾳ
1131 2578 1440 2644 παριππεύειν
1466 2577 1724 2643 ἐπιτρέπων

176 2713 207 2736 2.
234 2700 348 2746 τροφὴ
417 2701 646 2743 πλεονασμῶν
665 2699 707 2733 Β.
764 2701 952 2744 φαντασίαι
972 2700 1014 2734 Β.
1111 2712 1145 2745 3.
1172 2702 1231 2735 τὸν
1247 2701 1306 2734 alt.
1326 2707 1550 2744 assumptum
1568 2712 1608 2734 ex
1631 2700 1724 2735 B.D.

127 2749 161 2783 8.
187 2714 399 2828 μονοΒνουχιῖ.
405 2747 444 2781 οὗ
460 2747 641 2792 μονονουχὶ
662 2746 703 2780 Β.
832 2758 885 2782 Ι2.
911 2748 972 2791 μὲν
990 2759 1060 2782 om.
1083 2747 1124 2781 B.
1266 2758 1319 2789 15.
1345 2748 1398 2780 καὶ
1416 2753 1497 2792 post
1515 2747 1565 2781 ὅτι
1583 2754 1625 2781 tr.
1644 2747 1724 2787 Ed„

128 2807 189 2829 lm
191 2795 289 2829 lto
451 2792 504 2827 16.
531 2793 788 2837 πλουσιωτέρας
806 2794 837 2827 ἀ.
857 2795 998 2838 χάριτας
1016 2806 1045 2828 a.
1065 2794 1175 2827 invito
1191 2793 1298 2828 Cord.
1491 2805 1547 2839 23.
1573 2794 1650 2839 τοῦ]
1671 2794 1726 2828 διὰ

130 2844 190 2876 τοῦ
210 2842 251 2875 Β.
305 2840 430 2875 Statim
449 2840 502 2873 καὶ
520 2840 561 2873 τὰ
581 2840 671 2873 ΒΛ).
691 2841 774 2874 κατὰ
793 2840 859 2874 Ed.
1092 2851 1148 2885 25.
1175 2841 1285 2885 φησὶν
1300 2841 1367 2885 γὰρ
1385 2840 1524 2874 inverso
1543 2840 1663 2875 ordine
1683 2841 1724 2875 B.

131 2888 187 2923 26.
214 2886 416 2933 σπλάγχνα]
439 2886 506 2920 Pro
524 2886 587 2920 hac
606 2887 779 2920 citationis
797 2887 922 2928 forma,
942 2887 985 2921 de
1002 2887 1072 2922 Ad.
1089 2897 1151 2932 271
1171 2887 1204 2921 b.
1224 2886 1349 2920 Pasch.
1371 2886 1478 2920 Hom.
1498 2888 1591 2922 xviii.
1612 2897 1678 2933 253
1693 2900 1723 2922 c.

131 2936 214 2969 citat
234 2935 394 2970 Holmes.
493 2933 548 2967 28.
576 2936 641 2966 τῶν
659 2945 722 2978 pro
739 2935 797 2968 τὸν
813 2933 854 2968 B.
918 2936 984 2980 βίῳ
1002 2933 1143 2979 χρόνον]
1164 2935 1276 2978 χρόνῳ
1295 2936 1367 2977 ἤτοι
1384 2934 1449 2981 βίῳ
1471 2934 1510 2968 Β.
1608 2945 1663 2979 29.
1691 2935 1726 2968 ἐν

130 2982 230 3028 ἀργίᾳ
251 2981 385 3027 [ἀργείᾳ
406 2979 512 3025 Cod.]
534 2979 575 3013 Β.
598 2979 748 3025 ἐνεργείᾳ
770 2979 835 3015 Ed.

869 3051 991 3092 3H2
