2084 3317
141 121 254 174 i.47.
401 124 474 164 IN
515 126 557 164 S.
591 123 924 165 ἰΙΟΑΝΝΕΜ.
988 123 1112 163 LIB.
1146 123 1207 163 Π.
1270 123 1404 163 CAP.
1437 122 1473 163 Ι.
1650 125 1730 164 197

141 232 235 298 γὰρ
273 235 339 284 τὶν
373 232 636 295 Ναθαναὴλ,
669 234 755 300 οὐχ
793 234 960 286 ἁπλῶς
997 232 1250 299 ἐρχόμενον
1281 230 1560 298 περιτυχών,
1597 231 1728 280 ἀλλὰ

140 315 332 379 πολλὴν
365 317 435 367 ἐπ’
466 317 591 384 αὐτῷ
625 314 710 379 τὴν
740 313 936 380 ζήτησιν
966 313 1300 377 ποιησάμενος·
1354 311 1452 380 ᾔδει
1488 312 1578 378 γὰρ
1615 312 1728 363 ὄντα
1748 319 1772 359 b

142 398 532 463 φιλοπονώτατον
570 420 618 447 τε
659 398 733 446 καὶ
774 397 1182 463 φιλολογώτατον.
1243 393 1341 446 εἶτα
1377 395 1501 457 λε’γει
1536 394 1620 445 τὸν
1653 393 1728 444 διὰ

140 479 300 543 πάσης
327 479 670 545 κηρυττόμενον
689 481 771 541 τῆς
798 479 923 532 θείας
949 481 1139 547 γραφῆς
1166 477 1470 543 ἀνηυρηκέναι
1497 474 1728 542 Χριστὸν,

98 561 228 627 ὄούχ
268 563 328 614 ὡς
370 564 616 626 ἀγνοοῦντι
660 565 989 626 προσομιλῶν,
1029 561 1138 610 ἀλλ’
1182 562 1244 613 ὡς
1284 559 1394 609 λίαν
1432 560 1729 610 ἐκπεπαιδευ-

140 643 264 712 μένῳ
310 643 369 694 τά
411 667 461 694 τε
506 648 588 694 τοῦ
633 641 892 709 πανσόφου
932 642 1181 695 Μωυσέως
1220 645 1295 693 καὶ
1337 646 1431 692 τῶν
1469 644 1729 707 προφητῶν

140 725 402 789 μηνύματα.
459 724 652 776 ὑπόνοια
691 723 738 774 δὲ
776 725 859 774 οὐκ
895 723 1080 787 ἀληθὴς
1106 726 1211 789 περὶ
1238 729 1319 791 τοῦ
1348 725 1568 789 Σωτῆρος
1599 722 1730 785 ἡμῶν

139 807 301 871 Ἰησοῦ
328 811 544 873 Χριστοῦ
579 805 709 872 παρὰ
747 810 842 859 τοῖς
865 806 1107 859 Ἰουδαίοις
1143 803 1335 870 ἐκράτει,
1364 807 1424 857 ὡς
1459 806 1508 854 ἐκ
1545 803 1730 857 πόλεως

140 888 241 952 ἤτοι
279 889 437 953 κώμης
475 889 608 940 ἔσται
647 891 728 952 τῆς
766 888 996 957 Ναζαρὲτ,
1025 887 1173 937 καίτοι
1208 887 1529 950 Βηθλεεμίτην
1564 886 1725 948 αὐτὸν,

74 995 121 1018 10
141 970 258 1021 ὅσον
284 975 345 1025 εἷς
379 977 544 1022 τοῦτον
568 971 666 1035 ἥκει
700 969 782 1021 τὸν
810 970 958 1035 λόγον
989 971 1072 1032 τῆς
1108 970 1233 1022 θείας
1268 969 1505 1034 λεγούσης
1541 971 1730 1037 γραφῆς
1749 992 1771 1018 c

140 1059 167 1082 ‘⁶
196 1055 291 1103 Καὶ
349 1052 414 1104 σὺ
471 1053 578 1119 γὰρ,
634 1053 801 1120 φησὶν,
856 1049 1074 1115 Βηθλεὲμ
1134 1054 1196 1117 γῆ
1246 1050 1401 1101 Ἰούδα
1458 1048 1582 1104 οἶκος
1649 1055 1731 1101 τοῦ
1794 1061 1952 1092 Mic.v.2.

141 1142 167 1163 ‘⁶
191 1135 427 1203 Ἐφραθᾶ,
454 1133 709 1201 ὀλιγοστὸς
736 1132 777 1184 εἶ
800 1139 882 1184 τοῦ
909 1131 1022 1184 εἶναι
1048 1134 1096 1183 ἐν
1122 1132 1338 1200 χιλιάσιν
1363 1131 1531 1194 Ἰούδα,
1559 1133 1608 1183 ἐκ
1640 1139 1732 1183 σοῦ

140 1223 167 1245 “
193 1216 286 1283 γάρ
312 1240 392 1281 μοι
418 1215 717 1286 ἐξελεύσεται
747 1222 830 1266 τοῦ
867 1214 980 1266 εἶναι
1016 1219 1077 1268 εἷς
1113 1215 1323 1282 ἄρχοντα
1346 1217 1393 1265 ἐν
1420 1218 1485 1284 τῷ
1510 1214 1729 1280 Ἰσραὴλ,

141 1305 168 1326 “
195 1300 268 1349 καὶ
309 1303 354 1350 αἱ
393 1299 546 1366 ἔξοδοι
585 1300 726 1350 αὐτοῦ
766 1299 844 1349 ἀπ’
876 1300 1023 1364 ἀρχῆς
1059 1297 1116 1365 ἐξ
1146 1297 1331 1362 ἡμερῶν
1357 1298 1570 1350 αἰῶνος.”
1622 1298 1726 1348 ἀνε-

75 1395 120 1431 Ι5
140 1381 298 1449 τράφη
333 1379 416 1445 μὲν
441 1381 535 1448 γὰρ
571 1386 631 1434 εἰς
668 1380 905 1447 Ναζαρὲτ,
935 1378 994 1433 ὥς
1036 1402 1129 1430 που
1163 1381 1238 1430 καὶ
1278 1379 1416 1432 αὐτὸς
1452 1380 1476 1429 ὁ
1511 1380 1727 1443 Εὐαγγε-

139 1463 310 1527 λιστὴς
346 1463 682 1529 διεμαρτύρατο
714 1462 868 1527 λέγων
896 1468 923 1490 “
947 1464 1040 1511 Καὶ
1076 1460 1220 1525 ἦλθεν
1246 1464 1308 1514 εἰς
1335 1460 1552 1527 Ναζαρὲτ
1588 1460 1641 1511 οῦ
1676 1459 1733 1524 ἧν
1794 1462 1918 1537 ῗνῖἒῑὲῡ·

141 1552 167 1574 “
193 1545 648 1611 ἀνατεθραμμένος·”
691 1543 748 1608 ἧν
775 1544 822 1595 δὲ
850 1545 934 1594 οὐκ
959 1545 1144 1606 ἐκεῖθεν,
1172 1541 1282 1593 ἀλλ’
1313 1542 1419 1593 ὅθεν
1445 1543 1534 1607 ἤδη
1569 1543 1730 1609 προεί-

139 1649 304 1690 πομεν,
335 1632 527 1690 μᾶλλον
559 1626 609 1677 δὲ
646 1630 707 1680 ὡς
742 1627 769 1689 ἡ
805 1632 888 1677 τοῦ
922 1625 1172 1694 προφήτου
1210 1626 1541 1692 διισχυρίσατο
1577 1625 1729 1691 φωνή.
1751 1631 1778 1671 d

139 1708 473 1773 ἀκολουθήσας
508 1709 663 1760 τοίνυν
696 1710 721 1758 ὁ
759 1709 1001 1761 Φίλιππος
1041 1709 1098 1775 τῇ
1137 1712 1232 1758 τῶν
1265 1707 1502 1758 Ἰουδαίων
1538 1708 1734 1775 ὑπονοίᾳ

72 1812 120 1836 20
140 1792 292 1859 φησίν
319 1794 476 1852 Ἰησοῦν
501 1792 567 1842 τὶν
593 1791 685 1841 ἀπὶ
714 1791 942 1860 Ναζαρέτ.

446 1946 525 1987 Ἐκ
566 1946 752 2003 Ναζαρὲτ
791 1945 968 1987 δύναταί
1006 1961 1044 1987 τι
1081 1945 1240 1992 ἀΓαθὸν
1280 1940 1416 1996 εἶναι;
1752 1950 1799 1988 47

212 2067 540 2129 Συνομολογεῖ
563 2064 821 2131 προχείρως
854 2064 878 2113 ὁ
905 2061 1189 2126 Ναθαναὴλ,
1216 2061 1286 2112 ὅτι
1324 2062 1448 2125 μέγα
1484 2060 1540 2124 δή
1576 2083 1620 2110 τι
1657 2062 1734 2110 καὶ

139 2144 406 2197 κάλλιστον
445 2146 512 2210 ε’ίη
552 2145 605 2196 τὸ
647 2147 696 2196 ἐκ
736 2148 818 2209 τῆς
858 2144 1068 2215 Ναζαρὲτ
1109 2142 1542 2211 ἀναδειχθήσεσθαι
1580 2165 1736 2208 προσ-

139 2228 418 2291 δοκώμενον.
489 2231 636 2291 δῆλον
679 2226 726 2278 δὲ
772 2226 924 2291 δήπου
969 2226 1158 2279 πάντως
1206 2227 1351 2288 ἐστὶν,
1392 2227 1453 2278 ὡς
1496 2225 1548 2275 οὐ
1591 2225 1736 2287 μόνον

72 2329 119 2367 25
138 2309 320 2378 ἐδέχετο
357 2308 477 2376 πρὸς
514 2311 680 2361 πίστιν
714 2315 796 2360 τοῦ
836 2308 1118 2375 ζητουμένου
1156 2307 1243 2371 τὴν
1270 2305 1503 2373 Ναζαρὲτ,
1537 2307 1648 2357 ἀλλ’
1686 2307 1735 2356 ἐκ

140 2391 283 2455 νόμου
321 2395 396 2443 καὶ
435 2396 697 2461 προφητῶν
732 2391 819 2455 τὴν
854 2395 1035 2456 γνῶσιν
1072 2388 1402 2456 ἐρανιζόμενος,
1442 2393 1633 2455 ταχεῖαν
1674 2390 1735 2441 ὡς

137 2473 419 2537 πολυμαθὴς
451 2475 648 2524 ἐποιεῖτο
681 2472 767 2537 τὴν
801 2472 1013 2523 σύνεσιν.
1752 2492 1774 2518 e

191 2619 220 2641 1.
247 2607 431 2652 ἐρχόμενον
451 2607 492 2641 Β.
513 2607 684 2654 ἐρχομένῳ
705 2606 770 2640 Ed.
922 2618 952 2640 2.
980 2606 1059 2640 ὅντα
1078 2612 1111 2639 et
1129 2612 1207 2639 ante
1226 2612 1259 2638 et
1277 2611 1356 2649 post
1374 2604 1657 2648 φιλοπονώτατον
1673 2615 1731 2636 ex-

140 2653 237 2687 hibet
254 2661 286 2686 et
304 2666 373 2687 om.
393 2669 429 2687 τε
451 2654 492 2687 B.
705 2653 737 2688 6.
764 2657 830 2687 τῶν
847 2665 917 2686 om.
940 2653 980 2688 Ρ).
1195 2653 1227 2686 8.
1255 2651 1369 2694 Ἰησοῦ
1389 2655 1611 2693 assumptum
1629 2661 1670 2682 ex
1692 2649 1732 2683 B.

145 2711 197 2734 10.
225 2701 313 2742 ἥκειν
333 2700 373 2733 Β.
602 2711 653 2734 ΙΙ.
680 2701 791 2744 φησὶν
809 2711 878 2733 om.
900 2699 942 2733 B.
1010 2700 1164 2742 Βηθλεέμ
1181 2701 1223 2743 γῆ
1242 2697 1353 2731 Ἰούδα
1372 2697 1412 2730 Β.
1433 2698 1474 2740 γῆ
1495 2696 1648 2739 Βηθλεέμ
1666 2696 1733 2730 Ed.

144 2757 197 2780 12.
223 2746 406 2790 ὀλιγοστὸς
428 2746 467 2779 ss.
489 2747 549 2789 (cf.
568 2747 603 2780 'm
631 2747 677 2780 xii
696 2746 825 2790 Proph.
845 2757 914 2790 553
929 2758 946 2779 e
964 2746 1025 2779 ubi
1048 2746 1092 2789 μὴ
1117 2745 1299 2790 ὀλιγοστὸς
1327 2743 1435 2777 codex
1461 2743 1573 2783 alter.)
1592 2743 1636 2785 μὴ
1660 2742 1733 2775 ὀλι-

140 2794 268 2838 γοστὸς
289 2792 352 2825 Ed.
470 2804 522 2836 13.
548 2794 613 2837 γάρ
632 2797 856 2838 assumptum
876 2805 917 2826 ex
937 2792 978 2826 B.
1096 2803 1149 2833 14.
1176 2792 1209 2824 αἶ
1227 2797 1450 2834 assumptum
1472 2801 1512 2822 ex
1534 2789 1579 2822 D.
1599 2790 1732 2831 (Alex.)

145 2839 198 2873 16.
224 2838 328 2881 ἦλθεν
351 2839 388 2872 Β,
408 2837 514 2881 ἦλθον
533 2840 598 2873 Ed.
744 2851 799 2873 20.
828 2838 925 2872 Haec
942 2838 1078 2882 Ἰησοῦν
1096 2840 1153 2871 τὸν
1170 2838 1235 2871 ἀπὸ
1255 2836 1409 2880 Ναζαρέτ
1427 2840 1609 2880 assumpta
1626 2848 1667 2869 ex
1688 2835 1731 2869 B.

143 2896 197 2919 21.
224 2885 317 2929 λέγει
335 2885 423 2931 αὐτῷ
443 2884 636 2928 Ναθαναήλ·
665 2885 699 2919 ἐκ
718 2886 872 2929 Ναζαρὲτ
889 2884 1027 2919 δύναταί
1044 2900 1075 2919 τι
1093 2884 1219 2929 ἀγαθὸν
1236 2882 1339 2922 εἶναι;
1362 2883 1393 2916 D
1414 2894 1485 2927 mg.
1571 2892 1626 2916 22.
1646 2896 1731 2926 προ-

142 2932 262 2977 χείρως
281 2931 387 2965 Cord.
408 2931 474 2965 Ed.
492 2931 673 2975 προθύμως
696 2932 734 2965 Β.
883 2943 937 2973 24.
965 2932 1000 2965 δὲ
1019 2943 1088 2965 om.
1110 2931 1150 2964 B.
1171 2930 1272 2964 habet
1295 2929 1402 2963 Cord.
