2084 3317
116 159 174 204 iii.
193 174 231 215 3,
248 173 289 211 4.
370 159 445 199 IN
487 159 530 199 S.
564 157 899 199 JOANNEM.
962 157 1088 198 LIB.
1122 158 1181 198 II.
1244 159 1378 199 CAP.
1412 160 1446 199 Ι.
1622 162 1704 200 217

115 267 249 329 βάνει
274 265 328 318 τὸ
355 265 600 330 θαυμάσαι
625 263 769 328 μόνον
796 265 855 317 τὰ
880 264 948 320 οἷς
974 265 1296 331 θαυμάζεσθαι
1325 266 1506 333 πρέπει·
1549 267 1706 332 ἕτερον

116 348 166 401 δὲ
191 348 324 400 οὐδὲν
351 350 424 400 ἐπὶ
451 347 633 402 τούτοις
660 346 874 413 ἐπιζητεῖ.
931 344 1218 399 διδάσκαλον
1245 347 1295 398 δὲ
1320 347 1450 414 παρὰ
1477 350 1600 406 Θεοῦ,
1629 350 1706 399 καὶ

115 431 225 498 παρ’
278 432 422 484 αὑτοῦ
474 429 852 497 συνεργούμενον
903 428 1144 497 ὀνομάζων
1194 428 1355 493 αὐτὸν,
1405 431 1535 482 οὔπω
1586 429 1707 481 κατὰ

117 513 268 584 φύσιν
311 510 434 565 οἶδεν
474 511 588 563 ὅντα
629 512 767 574 Θεὸν,
809 511 913 563 οὐδὲ
958 512 1153 577 συνίησι
1199 511 1419 577 δηλονότι
1466 515 1549 577 τῆς
1589 512 1707 576 μετὰ

76 612 97 650 5
117 594 295 661 σαρκὸς
329 595 593 658 οἰκονομίας
627 593 709 645 τὸν
741 594 903 660 λόγον,
929 594 995 645 ἔτι
1031 594 1078 645 δὲ
1114 596 1176 647 ὡς
1211 594 1446 664 ἀνθρώπῳ
1481 594 1707 662 πρόσεισι

117 681 292 747 γυμνῷ,
319 679 395 729 καὶ
421 675 593 743 μικρὰν
619 678 688 728 ἐπ’
717 677 843 746 αὐτῷ
869 676 955 741 τὴν
983 675 1214 745 διάληψιν
1241 677 1349 745 ἔχει.

1727 811 1749 836 a
1781 801 1861 836 146
1878 799 1931 835 A.

112 903 248 951 ’Am'w
286 902 399 951 ἀμήν
436 903 550 949 λέγω
587 916 666 953 σοι,
699 900 775 942 ἐὰν
809 902 865 950 μή
906 918 969 943 τις
1008 906 1186 959 ΓεννΗΘιξι
1225 902 1406 953 ἄνωθεν,
1444 902 1492 942 οὐ
1531 901 1707 942 δύναται

166 995 269 1043 ἰδεῖν
295 997 371 1038 Τὴν
401 995 618 1046 βασιλείαν
645 999 717 1038 τοῦ
746 995 869 1040 Θεοῦ.
921 997 1035 1043 λὲΓει
1062 997 1169 1053 Πρὸς
1197 996 1326 1039 αὐτὸν
1353 996 1375 1039 ὃ
1405 995 1661 1044 ΝικόὸΗμοε.
1730 1008 1751 1041 4

193 1129 299 1179 Οὐκ
326 1130 398 1198 ἐφ’
421 1128 488 1183 οἷς
516 1128 683 1199 ᾠήθης,
706 1129 873 1198 φησὶν,
894 1126 930 1179 ὦ
951 1126 1206 1193 Νικόδημε,
1227 1128 1280 1179 τὸ
1307 1127 1545 1180 πιστεύειν
1566 1127 1710 1179 ἐστίν.

54 1235 101 1262 10
120 1211 203 1262 οὐκ
239 1212 372 1278 ἀρκεῖ
401 1235 482 1262 σοι
517 1211 662 1277 λόγος
696 1215 758 1265 εἰς
795 1210 1110 1274 δικαιοσύνην,
1137 1209 1241 1261 οὐδὲ
1274 1212 1322 1261 ἐν
1348 1213 1514 1279 ψιλοῖς
1544 1233 1712 1276 κατορ-

121 1293 289 1347 θώσεις
323 1293 505 1361 ῥήμασι
539 1293 625 1358 τὴν
659 1294 918 1355 εὐσέβειαν.
971 1300 997 1323 ‘⁶
1019 1294 1095 1344 Οὐ
1132 1292 1226 1359 γὰρ
1260 1297 1352 1347 πᾶς
1389 1294 1413 1344 ὁ
1451 1293 1607 1358 λέγων
1633 1315 1711 1355 μοι
1773 1289 1935 1365 {lngtlaffl

121 1381 149 1403 ‘⁴
178 1374 322 1441 Κύριε
357 1375 483 1442 κύριε
517 1375 840 1427 εἰσελεύσεται
876 1379 937 1430 εἷς
968 1374 1053 1438 τὴν
1078 1376 1334 1435 βασιλείαν
1359 1379 1453 1426 τῶν
1479 1376 1709 1441 οὐρανῶν,

122 1464 149 1486 “
175 1458 285 1508 ἀλλ’
328 1458 352 1508 ὁ
398 1463 546 1509 ποιῶν
585 1457 639 1509 τὸ
685 1456 874 1522 θέλημα
914 1463 997 1509 τοῦ
1038 1456 1231 1524 Πατρός
1273 1481 1364 1521 μου
1404 1463 1487 1508 τοῦ
1532 1459 1580 1508 ἐν
1617 1462 1712 1511 τοῖς
1731 1469 1758 1510 b

122 1546 149 1568 “
176 1540 428 1605 οὐρανοῖς.”
477 1538 665 1605 θέλημα
692 1539 741 1591 δὲ
767 1545 850 1591 τοῦ
877 1539 1084 1606 Πατρὸς,
1105 1539 1306 1608 μέτοχον
1331 1539 1416 1603 μὲν
1442 1546 1525 1591 τοῦ
1548 1540 1716 1606 “Αγιόυ

56 1636 102 1673 15
125 1622 402 1685 Πνεύματος
437 1625 767 1690 ἀναδειχθῆναι
803 1620 885 1673 τὸν
916 1622 1180 1688 ἄνθρωπον,
1208 1626 1270 1676 εἰς
1306 1622 1354 1673 δὲ
1391 1622 1607 1687 ἀσυνήθη
1643 1623 1718 1672 καὶ

121 1704 266 1801 ξένην
286 1705 661 1771 ἀναγεννηθεντα
697 1703 818 1771 ζωὴν
844 1707 919 1755 καὶ
952 1706 1151 1770 οὐρανοῦ
1187 1705 1482 1771 χρηματίσαι
1514 1704 1719 1767 πολίτην

122 1809 206 1837 τον
240 1785 334 1838 ἀπὸ
369 1790 452 1851 τῆς
485 1790 588 1852 γῆς.
645 1784 794 1838 ἄνωθεν
822 1788 869 1837 δέ
902 1787 1057 1851 λέγων
1089 1785 1175 1850 τὴν
1209 1785 1285 1836 διὰ
1321 1792 1404 1837 τοῦ
1442 1785 1720 1849 Πνεύματος

123 1868 456 1934 ἀναγεννησιν,
494 1871 543 1919 ἐκ
577 1871 660 1933 τῆς
695 1870 860 1922 ουσίας
892 1874 976 1919 τοῦ
1007 1873 1132 1919 Θεοῦ
1168 1871 1245 1918 καὶ
1277 1867 1470 1935 Πατρος
1506 1867 1719 1935 ὑπαρχον

123 1973 177 2000 το
219 1954 416 2015 Πνεῦμα
454 1952 645 2002 δεικνύει
685 1955 872 2020 σαφῶς,
912 1948 1077 2017 ὥσπερ
1115 1950 1279 2014 ἀμέλει
1319 1974 1394 2002 και
1434 1949 1573 2005 αὐτὸς
1611 1952 1719 2016 περὶ

578 2033 589 2049 s

57 2058 105 2085 20
124 2034 290 2084 ἑαυτοῦ
327 2056 421 2084 που
460 2038 613 2103 φησιν
640 2041 666 2063 “
685 2033 817 2099 Ἐγὼ
856 2034 906 2084 ἐκ
945 2038 1040 2084 τῶν
1070 2033 1167 2084 ἄνω
1202 2034 1308 2098 εἰμι’·
1316 2033 1339 2048 ”
1382 2035 1457 2084 καὶ
1493 2034 1517 2085 ὁ
1553 2032 1718 2101 σοφώ-
1780 2035 1907 2116 ξξίξωη

124 2136 264 2168 τατος
292 2114 340 2165 δε
365 2138 470 2181 περι
496 2117 638 2166 αὐτοῦ
665 2114 812 2166 παΛιν
838 2117 991 2215 φησὶν
1019 2116 1431 2185 Εὑαγγελιστης“
1450 2116 1514 2166 Ο
1541 2115 1720 2166 ἀνωθεν
1781 2122 1896 2197 1¹51st-

125 2195 478 2264 “e'pxdptevoc’
456 2221 612 2248 επανω
636 2221 829 2249 παντων
853 2198 1001 2249 ἐστιν
1783 2177 1798 2206 3
1827 2191 1832 2197 ’

191 2276 307 2329 “Orc
344 2279 393 2330 δὲ
426 2279 616 2336 πάντως
653 2281 704 2330 ἐκ
741 2283 824 2344 τῆς
864 2281 1028 2333 οὐσίας
1062 2286 1144 2335 τοῦ
1178 2284 1304 2331 Θεοῦ
1334 2281 1409 2330 καὶ
1441 2278 1631 2346 [Ἰατρὸς
1665 2277 1757 2330 τὸο

130 2360 326 2425 Πνεῦμα
351 2363 482 2415 ἐστιν
508 2364 556 2412 ἐν
583 2363 733 2432 οἰκείῳ
760 2362 1057 2428 πλατύτερον
1084 2364 1276 2429 ἐροῦμεν
1303 2366 1464 2430 καιρῷ.

177 2524 208 2546 2.
236 2513 384 2557 ἐπιζητεῖ
403 2513 444 2548 Β.
465 2514 555 2557 ζητεῖ
573 2513 640 2547 Ed.
700 2513 737 2547 δέ
752 2512 830 2559 alt.]
851 2513 900 2547 δει
913 2515 924 2556 (
938 2530 968 2540 =
988 2513 1043 2558 δὴ)
1065 2513 1106 2547 Β.
1169 2513 1272 2548 αὐτοῦ
1290 2520 1323 2547 et
1341 2515 1430 2547 Θεοῦ
1445 2513 1535 2546 inter
1554 2524 1590 2546 se
1607 2518 1723 2546 trans-

128 2559 227 2604 ponit
246 2559 289 2595 B.
436 2569 467 2602 5.
492 2561 650 2603 πρόεισιν
670 2560 711 2594 Β.
854 2560 886 2594 6.
914 2561 949 2594 ἐν
967 2572 1030 2605 pro
1049 2559 1099 2595 ἐπ’
1119 2560 1161 2594 Β.
1267 2598 1270 2600 v
1302 2571 1354 2595 10.
1380 2560 1474 2605 ἀρκεῖ
1492 2558 1565 2604 σοι]
1585 2558 1723 2603 ἀρκέσει

118 2606 159 2640 Ἰ.
179 2606 286 2640 Cord.
352 2606 421 2641 οὐδ’
444 2607 471 2642 Ι.
492 2607 598 2642 Cord.
665 2607 858 2652 κατορθώσι
878 2608 932 2651 (=
951 2607 1167 2651 κατορθώσῃ)
1190 2607 1231 2641 Β.
1344 2617 1396 2651 17.
1422 2609 1482 2640 τοῦ
1500 2611 1724 2650 assumptum

130 2664 170 2686 ex
192 2653 234 2687 B.
239 2653 300 2687 La.
322 2653 429 2687 Cord.
578 2665 630 2698 19.
656 2654 734 2697 περὶ
752 2655 871 2688 ἑαυτοῦ
889 2666 959 2687 om.
982 2654 1022 2689 B.
1042 2654 1173 2688 habent
1193 2654 1220 2687 Ι.
1241 2653 1333 2687 Catt.
1479 2664 1533 2686 21.
1558 2654 1662 2686 πάλιν
1682 2652 1723 2686 B.

130 2699 379 2734 faventibusl.
401 2699 492 2734 Catt.
511 2715 576 2734 που
596 2700 660 2734 Ed.
714 2700 840 2734 Statim
857 2702 968 2745 φησιν
985 2712 1055 2734 om.
1077 2700 1119 2734 B.
1137 2700 1255 2734 invitis
1276 2699 1428 2733 Catenis.
1527 2710 1594 2744 23-
1598 2708 1654 2743 25.
1672 2699 1724 2732 ὅτι

131 2746 167 2779 δὲ
184 2747 315 2781 πάντως
329 2745 469 2791 [πόντος
488 2763 517 2773 =
535 2748 667 2783 πάντως
681 2747 770 2781 Cod.
774 2746 820 2792 ]’
803 2749 990 2792 εκ-καιρῷ
1008 2747 1047 2781 ss.
1062 2762 1139 2791 περι
1158 2746 1197 2780 οὗ
1216 2747 1250 2780 ἐν
1267 2747 1376 2791 οἰκείῳ
1395 2748 1496 2791 καιρῷ
1515 2745 1726 2790 πλατύτερον

132 2792 274 2837 ε’ροῦμεν
292 2792 357 2828 Ed.
375 2794 452 2837 περὶ
470 2808 508 2828 ου
527 2793 630 2829 habet
648 2806 788 2843 quoque
809 2794 854 2830 D.
875 2794 913 2828 οὐ
931 2793 995 2839 γρ’.
1015 2795 1078 2828 τὸ
1070 2808 1147 2836 περι
1166 2793 1203 2827 οῦ
1224 2794 1256 2827 D
1275 2805 1347 2837 mg.

193 3043 285 3070 voL.
312 3043 337 3072 1„
928 3044 949 3070 F
973 3033 991 3071 f
