2084 3317
129 169 274 225 iii.31.
373 171 448 211 IN
491 171 532 211 S.
567 169 901 210 JOANNEM.
966 168 1090 208 LIB.
1124 168 1186 208 II.
1249 168 1382 208 CAP.
1417 168 1476 207 II.
1637 169 1719 207 2713

204 280 345 330 Ἀλλ’
385 281 545 345 ἐροῦσι
586 277 731 346 τυχὸν
769 277 852 331 τὰς
891 279 941 328 ἐκ
978 280 1061 341 τῆς
1099 276 1284 342 ἐρεύνης
1323 276 1518 328 ἀτοπίας
1558 278 1714 325 δυσω·

130 359 366 424 πούμενοι,
398 360 644 425 σημαίνειν
679 358 734 410 τό
764 358 946 411 ’Ἃνωθεν
973 360 1056 410 οὐκ
1092 358 1149 427 ἐξ
1179 359 1403 424 οὐρανῶν,
1431 356 1525 408 ἀπὸ
1556 355 1603 407 δὲ
1639 359 1720 420 τῆς

131 443 327 507 ἐνούσης
353 443 479 512 αὐτῷ
505 442 624 493 κατὰ
656 441 849 494 πάντων
877 443 1122 508 ὑπεροχῆς.
1178 440 1291 508 φέρε
1327 439 1383 502 δὴ
1418 440 1499 489 οῦν
1524 439 1715 504 ἀκριβέ-

131 544 303 588 στερον
349 522 687 588 βασανίζοντες
730 527 813 572 τοῦ
860 521 1120 586 λεγομένου
1165 518 1251 584 τὴν
1297 519 1510 582 δύναμιν,
1551 517 1721 580 ἴδωμεν

89 602 278 661 5πάλιν
320 607 383 657 εἰς
426 608 562 655 ποῖον
603 605 757 657 αὐτοῖς
801 603 1124 671 καταστρέψει
1167 602 1304 656 τέλος
1347 600 1401 652 τὸ
1446 601 1717 668 ἐγχείρημα.

131 690 322 753 πρῶτον
346 685 432 750 μὲν
458 688 539 737 οὖν
566 686 742 750 ἀμαθές
777 709 825 737 τε
861 689 936 736 καὶ
971 684 1248 749 ἀδιανόητον
1280 688 1463 752 κομιδῇ,
1489 682 1543 735 τὸ
1579 683 1721 734 αὐτὸν

132 770 182 820 ἐκ
224 774 308 819 τοῦ
351 769 518 820 οἰκείου
563 768 718 834 λέγειν
763 767 1030 836 ἀξιώματος
1074 768 1297 834 ἔρχεσθαι
1348 766 1431 817 τὸν
1471 764 1602 828 Υἱὸν,
1647 769 1722 816 καὶ

132 850 296 917 ὥσπερ
323 849 416 902 ἀπό
443 874 566 905 τινος
591 849 752 913 τόπου,
780 848 809 915 ἢ
845 851 921 900 καὶ
958 851 1019 903 ὡς
1055 850 1111 918 ἐξ
1143 848 1258 911 ἑνὸς,
1286 849 1366 899 ἕνα
1397 847 1480 899 τὸν
1506 847 1648 898 αὐτὸν
1673 850 1723 898 ἐκ

132 935 215 995 τῆς
240 933 356 986 ἰδίας
383 934 615 1000 ὑπεροχῆς
642 935 704 985 εὶς
729 930 784 983 τὸ
811 930 959 983 ἐπάνω
986 930 1160 982 πάντων
1186 928 1300 981 εἶναι
1334 930 1551 996 βαδίζειν.
1603 928 1723 995 πρὸς

66 1040 114 1065 10
133 1014 188 1065 δέ
207 1037 261 1080 γε
286 1013 438 1084 τούτῳ
465 1013 596 1080 κάγὼ
621 1015 859 1078 πυθοίμην
885 1011 943 1064 ἂν
970 1014 1142 1078 ἥδιστα
1168 1013 1277 1064 λίαν
1302 1014 1470 1075 αὐτῶν,
1492 1012 1577 1075 τὴν
1603 1011 1723 1062 κατὰ

132 1094 324 1148 πάντων
375 1095 623 1164 ὑπεροχὴν,
671 1094 872 1163 πότερόν
923 1119 1038 1147 ποτε
1097 1095 1339 1146 δώσουσιν
1390 1094 1597 1158 οὐσιώδη
1649 1097 1725 1144 καὶ

133 1179 446 1247 ἀναφαίρετον
493 1183 559 1248 τῷ
608 1182 723 1248 Υἱῲ,
767 1177 795 1242 ἢ
846 1177 1332 1244 προσπεπορισμένην
1381 1177 1555 1246 ἔξωθεν
1606 1175 1725 1226 κατὰ

134 1260 283 1327 λόγον
308 1267 392 1313 τοῦ
417 1259 794 1326 συμβεβηκότος.
837 1265 874 1311 εἷ
901 1260 986 1325 μὲν
1010 1262 1092 1312 οὖν
1118 1262 1366 1324 ἐπίκτητον
1392 1260 1513 1327 ε”χειν
1537 1261 1727 1325 ἐροῦσιν

134 1342 277 1394 αὐτὸν
302 1342 388 1407 τὴν
414 1344 662 1411 ὑπεροχὴν,
690 1345 765 1394 καὶ
791 1345 1006 1397 ἐπακτοῖς
1030 1343 1428 1407 ἐπισεμνύνεσθαι
1453 1346 1550 1395 τοῖς
1575 1342 1718 1410 ἀξιώ-

69 1443 114 1480 Ι5
134 1448 298 1489 μασιν,
326 1424 507 1492 ἀνάγκη
542 1431 928 1493 προσομολογεῖν
959 1424 1131 1492 ἔρημόν
1162 1449 1277 1476 ποτε
1312 1424 1454 1493 δόξης
1488 1421 1600 1474 εἶναι
1638 1423 1723 1475 δυ’-

137 1512 311 1559 νασθαι
345 1507 428 1558 τὸν
457 1511 723 1574 Μονογενῆ,
750 1511 826 1559 καὶ
859 1507 944 1568 τὴν
970 1509 1233 1571 ἐπίκτητον,
1260 1510 1323 1561 ὡς
1358 1507 1523 1557 ἐκεῖνοί
1553 1510 1723 1574 φασιν,

136 1589 476 1641 ἀποδύσασθαι
503 1590 655 1657 χάριν,
684 1592 759 1641 καὶ
785 1589 839 1642 τό
866 1591 1046 1641 Ἐπάνω
1071 1590 1245 1641 πάντων
1271 1588 1386 1640 εἶναι
1421 1588 1724 1655 ζημιωθέντα,

136 1673 393 1740 φαίνεσθαι
418 1671 600 1739 γυμνὸν
626 1673 679 1737 ἧς
714 1673 818 1739 ἄρτι
854 1670 1174 1737 θαυμάζουσιν
1200 1674 1443 1739 ὑπεροχῆς,
1471 1671 1598 1737 εἴπερ
1624 1672 1728 1721 ἐστὶ

135 1753 190 1804 τὸ
220 1753 529 1819 συμβεβηκὸς
565 1755 857 1820 ἀπόβλητον,
885 1754 961 1805 ὅτε
998 1753 1062 1818 μὴ
1098 1757 1181 1818 τῆς
1216 1754 1380 1807 οὐσίας
1416 1753 1610 1804 ἅπτεται
1645 1759 1729 1803 τοῦ

68 1862 117 1886 20
138 1837 454 1900 ὑποκειμένου·
503 1837 639 1888 ε”σται
678 1842 930 1902 τοιγαροῦν
965 1836 1210 1900 μεταβολή
1250 1859 1319 1890 τις
1354 1837 1430 1886 καὶ
1467 1835 1730 1888 ἀλλοίωσις

134 1919 241 1984 περὶ
291 1917 374 1969 τὸν
413 1917 544 1982 Υἱὸν,
590 1921 666 1970 καὶ
715 1918 1026 1987 διαψεύσεται
1074 1917 1157 1983 μὲν
1197 1919 1383 1972 εἶκαίοις
1433 1916 1576 1968 αὐτὸν
1618 1919 1730 1968 ἀνα-

134 1999 332 2064 μέλπων
370 2000 580 2068 ῥήμασιν
619 2003 644 2052 ὁ
682 2001 897 2071 μελῳδός
936 2009 963 2031 “
984 2004 1049 2052 Οἱ
1095 2002 1281 2067 οὐρανοὶ
1323 2002 1628 2063 ἀπολοῦνται,
1666 1998 1731 2051 σὺ

136 2089 164 2112 “
191 2080 240 2132 δὲ
274 2083 516 2147 διαμένεις·
560 2085 635 2134 καὶ
670 2081 841 2137 πάντες
879 2086 941 2137 ὡς
975 2082 1159 2147 ἱμάτιον
1189 2082 1627 2147 παλαιωθήσονται,
1655 2084 1731 2133 καὶ

137 2171 165 2194 “
193 2167 307 2216 ὡσεὶ
331 2163 639 2232 περιβόλαιον
665 2165 835 2234 ἑλίξεις
861 2165 1027 2220 αὐτοῦς
1055 2168 1130 2216 καὶ
1157 2164 1543 2231 ἀλλαγήσονται·
1584 2163 1649 2215 σῦ
1684 2163 1731 2215 δὲ

71 2265 119 2305 25
140 2253 166 2277 ‘⁶
193 2249 219 2298 ὃ
256 2247 396 2302 αὐτὸς
432 2245 484 2310 εἷ,
512 2250 588 2298 καὶ
623 2247 683 2298 τὰ
718 2247 796 2312 ε”τη
831 2271 924 2299 σου
959 2249 1043 2299 οὐκ
1076 2247 1405 2316 ἐκλείψουσι.”
1457 2253 1551 2299 ποῦ
1582 2245 1676 2312 γὰρ
1708 2248 1733 2297 ὁ

138 2327 290 2392 αὐτὸς,
318 2333 356 2381 εὶ
390 2330 665 2394 μεταπίπτει
700 2328 793 2381 σῦν
825 2330 947 2394 ἡμῖν,
974 2332 1050 2381 καὶ
1084 2335 1224 2381 τοῦτο
1263 2334 1364 2383 ταῖς
1402 2333 1464 2383 εἷς
1497 2322 1556 2380 τὰ
1593 2329 1732 2396 χείρω

138 2417 460 2475 μεταβολαῖς,
503 2411 660 2477 μάτην
686 2411 734 2464 δὲ
769 2415 830 2467 ὡς
866 2411 984 2466 εἰκὸς
1012 2414 1088 2463 καὶ
1123 2411 1262 2466 αὐτὸς
1296 2413 1369 2479 ἐφ’
1399 2414 1548 2479 ἑαυτῷ
1581 2433 1727 2461 κατα-

138 2493 416 2559 σεμνύνεται
465 2494 622 2561 λέγων
673 2501 700 2525 ‘⁴
718 2493 879 2558 Ἴδετε,
931 2495 1062 2558 ἴδετε,
1113 2494 1183 2546 ὅτι
1234 2494 1328 2559 ἐγώ
1380 2498 1470 2558 εἰμι
1522 2495 1598 2544 καὶ
1650 2494 1733 2544 οὐκ

191 2678 223 2702 2.
243 2668 418 2713 σημαίνειν
437 2669 478 2703 Β.
497 2669 526 2703 εἷ
544 2670 700 2713 σημαίνει
718 2669 784 2705 Ed.
834 2671 892 2705 τὸν
910 2681 973 2715 pro
990 2671 1029 2704 τό
1050 2670 1091 2704 Β.
1141 2670 1200 2704 οὐκ
1220 2669 1261 2703 Β.
1282 2670 1319 2703 τὸ
1339 2668 1404 2702 Ed.
1456 2668 1493 2701 δέ
1511 2673 1734 2712 assumptum

143 2727 185 2750 ex
204 2715 246 2750 B.
305 2713 380 2760 τῆς]
405 2719 441 2757 -Ι-
463 2717 571 2751 αὐτῶν
590 2716 632 2752 Β.
730 2729 762 2762 9.
788 2718 855 2762 πρὸ
875 2717 916 2751 Β.
1018 2728 1070 2751 10.
1097 2719 1196 2751 τοῦτο
1217 2717 1259 2750 Β.
1307 2715 1407 2769 ,κάγὼ
1426 2726 1495 2748 om.
1517 2715 1558 2748 Β.
1610 2714 1736 2748 Statim

142 2794 357 2839 πυνθανόμην
374 2795 417 2830 Β.
562 2807 616 2831 20.
641 2811 691 2832 τις
709 2803 931 2842 assumptum
952 2809 993 2831 ex
1014 2797 1055 2830 B.
1199 2807 1253 2838 24.
1280 2765 1442 2838 ἀλλλαξεις
1462 2794 1502 2828 Β.
1522 2794 1671 2837 ἐλλίξεις
1690 2794 1735 2827 D.

146 2841 327 2888 [ἀλλάξεις
348 2841 442 2887 Ῑ42.]
638 2844 693 2878 28.
722 2843 819 2878 Haec
837 2844 891 2878 καὶ
909 2844 968 2878 οὐκ
986 2842 1175 2887 ἧλλοίωμιιι
1196 2842 1369 2887 [ηλοίομαι
1388 2840 1494 2886 Cod.]
1514 2847 1738 2875 accesserunt

143 2901 186 2923 ex
205 2889 249 2923 B.
300 2888 355 2923 De
378 2889 552 2923 citationis
577 2889 701 2931 forma,
720 2891 763 2924 cf.
782 2891 873 2924 infra
892 2891 958 2924 218
978 2902 1007 2930 a,
1025 2890 1131 2924 Thes.
1152 2898 1214 2934 127
1234 2901 1264 2927 a,
1283 2889 1343 2922 ubi
1368 2888 1406 2922 fit
1430 2888 1545 2922 citatio
1569 2894 1737 2933 tanquam

145 2935 301 2970 Domino
320 2936 396 2980 ipso
415 2935 563 2976 dicente,
579 2936 621 2970 ad
642 2936 728 2970 Luc.
742 2937 834 2971 xxiv.
848 2949 891 2982 39
904 2937 992 2971 forte
1011 2942 1209 2981 spectante3
1231 2935 1266 2969 S.
1278 2935 1360 2969 Isid.
1377 2935 1448 2969 Pel.
1463 2935 1527 2979 Ep.
1542 2935 1644 2969 lib.v.
1656 2943 1736 2979 359.

143 2981 354 3017 Theodoret.
376 2982 519 3018 Immut.
538 2983 560 3017 i.
579 2995 613 3028 p.
633 2994 669 3017 11
691 2989 725 3017 et
743 2983 923 3027 (citantem
944 2983 980 3017 S.
996 2983 1242 3026 Ambrosium)
1264 2982 1445 3017 Inconsus.
1465 2982 1500 3017 ii.
1522 2993 1597 3025 141,
1617 2988 1737 3016 contra

896 3038 992 3077 Ji2

1749 2009 1776 2049 d
1794 2008 1847 2039 ΡΞ,
1867 2008 1906 2039 ci.

1797 2058 1846 2092 27,
1865 2052 1915 2082 28.

1797 2489 1879 2520 Mal.
1899 2490 1943 2519 iii.

1796 2533 1826 2563 6.
