<?xml version="1.0" encoding="UTF-8"?>
<!DOCTYPE html PUBLIC "-//W3C//DTD XHTML 1.0 Transitional//EN"
    "http://www.w3.org/TR/xhtml1/DTD/xhtml1-transitional.dtd">
<html xmlns="http://www.w3.org/1999/xhtml" xml:lang="en" lang="en">
 <head>
  <title>
</title>
<meta http-equiv="Content-Type" content="text/html;charset=utf-8" />
  <meta name='ocr-system' content='tesseract 3.04.00' />
  <meta name='ocr-capabilities' content='ocr_page ocr_carea ocr_par ocr_line ocrx_word'/>
</head>
<body>
  <div class='ocr_page' id='page_1' title='image "./operacyrilli03cyriuoft_0572.png"; bbox 0 0 2084 3317; ppageno 0'>
   <div class='ocr_carea' id='block_1_1' title="bbox 122 1205 228 1245">
    <p class='ocr_par' dir='ltr' id='par_1_1' title="bbox 122 1205 228 1245">
     <span class='ocr_line' id='line_1_1' title="bbox 122 1205 228 1245; baseline 0.009 -10"><span class='ocrx_word' id='word_1_1' title='bbox 122 1205 228 1245; x_wconf 74' lang='lat' dir='ltr'>Supra</span> 
     </span>
    </p>
   </div>
   <div class='ocr_carea' id='block_1_2' title="bbox 123 1255 231 1288">
    <p class='ocr_par' dir='ltr' id='par_1_2' title="bbox 123 1255 231 1288">
     <span class='ocr_line' id='line_1_2' title="bbox 123 1255 231 1288; baseline 0.019 -10"><span class='ocrx_word' id='word_1_2' title='bbox 123 1255 185 1288; x_wconf 86' lang='lat'>327</span> <span class='ocrx_word' id='word_1_3' title='bbox 204 1259 231 1280; x_wconf 85' lang='lat' dir='ltr'>c.</span> 
     </span>
    </p>
   </div>
   <div class='ocr_carea' id='block_1_3' title="bbox 355 121 1946 186">
    <p class='ocr_par' dir='ltr' id='par_1_3' title="bbox 355 121 1946 186">
     <span class='ocr_line' id='line_1_3' title="bbox 355 121 1946 186; baseline 0.008 -27"><span class='ocrx_word' id='word_1_4' title='bbox 355 121 440 160; x_wconf 72' lang='lat'>488</span> <span class='ocrx_word' id='word_1_5' title='bbox 758 126 808 167; x_wconf 89' lang='grc' dir='ltr'>Β.</span> <span class='ocrx_word' id='word_1_6' title='bbox 842 125 1122 169; x_wconf 88' lang='lat' dir='ltr'>CYRILLI</span> <span class='ocrx_word' id='word_1_7' title='bbox 1162 129 1545 171; x_wconf 88' lang='lat' dir='ltr'><strong>ALEXANDR.</strong></span> <span class='ocrx_word' id='word_1_8' title='bbox 1717 130 1772 171; x_wconf 89' lang='lat' dir='ltr'>vi.</span> <span class='ocrx_word' id='word_1_9' title='bbox 1791 130 1859 186; x_wconf 81' lang='lat'>38,</span> <span class='ocrx_word' id='word_1_10' title='bbox 1877 144 1946 185; x_wconf 83' lang='lat'>39.</span> 
     </span>
    </p>
   </div>
   <div class='ocr_carea' id='block_1_4' title="bbox 354 229 1948 550">
    <p class='ocr_par' dir='ltr' id='par_1_4' title="bbox 354 229 1948 550">
     <span class='ocr_line' id='line_1_4' title="bbox 358 229 1947 305; baseline 0.006 -26"><span class='ocrx_word' id='word_1_11' title='bbox 358 229 501 280; x_wconf 81' lang='grc' dir='ltr'>αὑτοῦ</span> <span class='ocrx_word' id='word_1_12' title='bbox 538 232 712 287; x_wconf 77' lang='grc' dir='ltr'>δειλίας</span> <span class='ocrx_word' id='word_1_13' title='bbox 745 234 1076 288; x_wconf 81' lang='grc' dir='ltr'>αἰσθάνεσθαι·</span> <span class='ocrx_word' id='word_1_14' title='bbox 1121 236 1198 288; x_wconf 81' lang='grc' dir='ltr'>διὰ</span> <span class='ocrx_word' id='word_1_15' title='bbox 1223 243 1362 289; x_wconf 88' lang='grc' dir='ltr'>τοῦτο</span> <span class='ocrx_word' id='word_1_16' title='bbox 1387 238 1680 305; x_wconf 85' lang='grc' dir='ltr'>θερμοτάτην</span> <span class='ocrx_word' id='word_1_17' title='bbox 1705 243 1800 292; x_wconf 83' lang='grc' dir='ltr'>τοῖς</span> <span class='ocrx_word' id='word_1_18' title='bbox 1826 241 1947 305; x_wconf 79' lang='grc' dir='ltr'>εἰρη-</span> 
     </span>
     <span class='ocr_line' id='line_1_5' title="bbox 355 310 1948 386; baseline 0.007 -26"><span class='ocrx_word' id='word_1_19' title='bbox 355 310 511 374; x_wconf 76' lang='grc' dir='ltr'>μένοις</span> <span class='ocrx_word' id='word_1_20' title='bbox 549 312 774 381; x_wconf 80' lang='grc' dir='ltr'>ἐπήνεγκε</span> <span class='ocrx_word' id='word_1_21' title='bbox 811 315 898 381; x_wconf 85' lang='grc' dir='ltr'>τὴν</span> <span class='ocrx_word' id='word_1_22' title='bbox 935 318 1215 386; x_wconf 83' lang='grc' dir='ltr'>ἀπολογίαν·</span> <span class='ocrx_word' id='word_1_23' title='bbox 1261 320 1567 385; x_wconf 81' lang='grc' dir='ltr'>ἠσθενηκέναι</span> <span class='ocrx_word' id='word_1_24' title='bbox 1604 320 1689 384; x_wconf 80' lang='grc' dir='ltr'>μὲν</span> <span class='ocrx_word' id='word_1_25' title='bbox 1730 319 1825 386; x_wconf 81' lang='grc' dir='ltr'>γὰρ</span> <span class='ocrx_word' id='word_1_26' title='bbox 1861 319 1948 385; x_wconf 89' lang='grc' dir='ltr'>τὴν</span> 
     </span>
     <span class='ocr_line' id='line_1_6' title="bbox 355 392 1946 470; baseline 0.006 -27"><span class='ocrx_word' id='word_1_27' title='bbox 355 392 514 460; x_wconf 81' lang='grc' dir='ltr'>σάρκα</span> <span class='ocrx_word' id='word_1_28' title='bbox 552 395 629 446; x_wconf 83' lang='grc' dir='ltr'>διὰ</span> <span class='ocrx_word' id='word_1_29' title='bbox 665 397 720 448; x_wconf 84' lang='grc' dir='ltr'>τὸ</span> <span class='ocrx_word' id='word_1_30' title='bbox 760 399 879 467; x_wconf 84' lang='grc' dir='ltr'>αὐτῇ</span> <span class='ocrx_word' id='word_1_31' title='bbox 917 399 1099 467; x_wconf 80' lang='grc' dir='ltr'>πρέπον</span> <span class='ocrx_word' id='word_1_32' title='bbox 1124 403 1201 452; x_wconf 81' lang='grc' dir='ltr'>καὶ</span> <span class='ocrx_word' id='word_1_33' title='bbox 1237 400 1383 470; x_wconf 85' lang='grc' dir='ltr'>φύσει</span> <span class='ocrx_word' id='word_1_34' title='bbox 1416 401 1603 469; x_wconf 83' lang='grc' dir='ltr'>προσὸν</span> <span class='ocrx_word' id='word_1_35' title='bbox 1634 403 1790 454; x_wconf 78' lang='grc' dir='ltr'>εἰπών·</span> <span class='ocrx_word' id='word_1_36' title='bbox 1830 401 1946 468; x_wconf 80' lang='grc' dir='ltr'>πρό-</span> 
     </span>
     <span class='ocr_line' id='line_1_7' title="bbox 354 478 1947 550; baseline 0.006 -25"><span class='ocrx_word' id='word_1_37' title='bbox 354 478 505 539; x_wconf 90' lang='grc' dir='ltr'>θυμον</span> <span class='ocrx_word' id='word_1_38' title='bbox 531 478 574 528; x_wconf 93' lang='grc' dir='ltr'>δ’</span> <span class='ocrx_word' id='word_1_39' title='bbox 603 478 685 530; x_wconf 79' lang='grc' dir='ltr'>οὖν</span> <span class='ocrx_word' id='word_1_40' title='bbox 712 479 839 543; x_wconf 76' lang='grc' dir='ltr'>ὅμως</span> <span class='ocrx_word' id='word_1_41' title='bbox 866 482 1092 550; x_wconf 81' lang='grc' dir='ltr'>ὑπάρχειν</span> <span class='ocrx_word' id='word_1_42' title='bbox 1118 482 1173 534; x_wconf 83' lang='grc' dir='ltr'>τὸ</span> <span class='ocrx_word' id='word_1_43' title='bbox 1198 489 1396 547; x_wconf 83' lang='grc' dir='ltr'>πνεῦμα,</span> <span class='ocrx_word' id='word_1_44' title='bbox 1421 482 1477 535; x_wconf 81' lang='grc' dir='ltr'>τὸ</span> <span class='ocrx_word' id='word_1_45' title='bbox 1502 488 1670 536; x_wconf 79' lang='grc' dir='ltr'>παθεῖν</span> <span class='ocrx_word' id='word_1_46' title='bbox 1695 483 1827 535; x_wconf 75' lang='grc' dir='ltr'>οὐδὲν</span> <span class='ocrx_word' id='word_1_47' title='bbox 1851 488 1947 535; x_wconf 82' lang='grc' dir='ltr'>τῶν</span> 
     </span>
    </p>
   </div>
   <div class='ocr_carea' id='block_1_5' title="bbox 313 557 1988 636">
    <p class='ocr_par' dir='ltr' id='par_1_5' title="bbox 313 557 1988 636">
     <span class='ocr_line' id='line_1_8' title="bbox 313 557 1988 636; baseline 0.007 -30"><span class='ocrx_word' id='word_1_48' title='bbox 313 557 639 610; x_wconf 75' lang='grc' dir='ltr'>Οάδικούντων</span> <span class='ocrx_word' id='word_1_49' title='bbox 664 559 795 615; x_wconf 81' lang='grc' dir='ltr'>εἶδός·</span> <span class='ocrx_word' id='word_1_50' title='bbox 836 563 948 632; x_wconf 80' lang='grc' dir='ltr'>ὁρᾷς</span> <span class='ocrx_word' id='word_1_51' title='bbox 985 563 1113 619; x_wconf 80' lang='grc' dir='ltr'>ὅπως</span> <span class='ocrx_word' id='word_1_52' title='bbox 1149 564 1417 630; x_wconf 84' lang='grc' dir='ltr'>ἀβούλητος</span> <span class='ocrx_word' id='word_1_53' title='bbox 1451 569 1518 636; x_wconf 91' lang='grc' dir='ltr'>τῷ</span> <span class='ocrx_word' id='word_1_54' title='bbox 1548 569 1750 636; x_wconf 86' lang='grc' dir='ltr'>Χριστῷ</span> <span class='ocrx_word' id='word_1_55' title='bbox 1786 565 1863 616; x_wconf 87' lang='grc' dir='ltr'>διά</span> <span class='ocrx_word' id='word_1_56' title='bbox 1896 589 1943 617; x_wconf 90' lang='grc' dir='ltr'>τε</span> <span class='ocrx_word' id='word_1_57' title='bbox 1966 586 1988 624; x_wconf 90' lang='grc'>5</span> 
     </span>
    </p>
   </div>
   <div class='ocr_carea' id='block_1_6' title="bbox 348 637 2015 1216">
    <p class='ocr_par' dir='ltr' id='par_1_6' title="bbox 348 637 2015 1216">
     <span class='ocr_line' id='line_1_9' title="bbox 351 637 1941 717; baseline 0.005 -28"><span class='ocrx_word' id='word_1_58' title='bbox 351 637 437 703; x_wconf 83' lang='grc' dir='ltr'>τὴν</span> <span class='ocrx_word' id='word_1_59' title='bbox 469 639 629 707; x_wconf 88' lang='grc' dir='ltr'>σάρκα</span> <span class='ocrx_word' id='word_1_60' title='bbox 667 645 743 694; x_wconf 82' lang='grc' dir='ltr'>καὶ</span> <span class='ocrx_word' id='word_1_61' title='bbox 781 643 867 709; x_wconf 89' lang='grc' dir='ltr'>τὴν</span> <span class='ocrx_word' id='word_1_62' title='bbox 901 646 951 697; x_wconf 86' lang='grc' dir='ltr'>ἐκ</span> <span class='ocrx_word' id='word_1_63' title='bbox 989 652 1073 698; x_wconf 84' lang='grc' dir='ltr'>τοῦ</span> <span class='ocrx_word' id='word_1_64' title='bbox 1110 645 1293 702; x_wconf 80' lang='grc' dir='ltr'>πάθους</span> <span class='ocrx_word' id='word_1_65' title='bbox 1330 647 1527 717; x_wconf 78' lang='grc' dir='ltr'>ἀδοξίαν</span> <span class='ocrx_word' id='word_1_66' title='bbox 1565 650 1590 699; x_wconf 84' lang='grc' dir='ltr'>ὁ</span> <span class='ocrx_word' id='word_1_67' title='bbox 1629 647 1828 701; x_wconf 86' lang='grc' dir='ltr'>θάνατος</span> <span class='ocrx_word' id='word_1_68' title='bbox 1866 646 1941 711; x_wconf 81' lang='grc' dir='ltr'>ἦν·</span> 
     </span>
     <span class='ocr_line' id='line_1_10' title="bbox 351 721 1945 799; baseline 0.008 -28"><span class='ocrx_word' id='word_1_69' title='bbox 351 721 550 785; x_wconf 84' lang='grc' dir='ltr'>θελητὸς</span> <span class='ocrx_word' id='word_1_70' title='bbox 588 724 633 774; x_wconf 87' lang='grc' dir='ltr'>δ’</span> <span class='ocrx_word' id='word_1_71' title='bbox 661 725 743 776; x_wconf 75' lang='grc' dir='ltr'>οὖν</span> <span class='ocrx_word' id='word_1_72' title='bbox 776 725 915 790; x_wconf 81' lang='grc' dir='ltr'>ὅμως,</span> <span class='ocrx_word' id='word_1_73' title='bbox 944 727 1079 796; x_wconf 78' lang='grc' dir='ltr'>ἄχρις</span> <span class='ocrx_word' id='word_1_74' title='bbox 1114 728 1172 779; x_wconf 82' lang='grc' dir='ltr'>ἂν</span> <span class='ocrx_word' id='word_1_75' title='bbox 1203 733 1266 783; x_wconf 77' lang='grc' dir='ltr'>εἰς</span> <span class='ocrx_word' id='word_1_76' title='bbox 1301 729 1460 781; x_wconf 76' lang='grc' dir='ltr'>αἴσιον</span> <span class='ocrx_word' id='word_1_77' title='bbox 1493 728 1767 799; x_wconf 78' lang='grc' dir='ltr'>διεξάγηται</span> <span class='ocrx_word' id='word_1_78' title='bbox 1801 729 1945 796; x_wconf 82' lang='grc' dir='ltr'>πέρας</span> 
     </span>
     <span class='ocr_line' id='line_1_11' title="bbox 351 801 1944 881; baseline 0.006 -29"><span class='ocrx_word' id='word_1_79' title='bbox 351 807 417 872; x_wconf 85' lang='grc' dir='ltr'>τῷ</span> <span class='ocrx_word' id='word_1_80' title='bbox 455 801 624 875; x_wconf 79' lang='grc' dir='ltr'>κόσμῳ</span> <span class='ocrx_word' id='word_1_81' title='bbox 661 809 804 859; x_wconf 81' lang='grc' dir='ltr'>παντὶ</span> <span class='ocrx_word' id='word_1_82' title='bbox 842 808 897 860; x_wconf 84' lang='grc' dir='ltr'>τὸ</span> <span class='ocrx_word' id='word_1_83' title='bbox 935 811 984 861; x_wconf 86' lang='grc' dir='ltr'>ἐν</span> <span class='ocrx_word' id='word_1_84' title='bbox 1022 811 1207 881; x_wconf 71' lang='grc' dir='ltr'>εὐδοκία</span> <span class='ocrx_word' id='word_1_85' title='bbox 1244 817 1329 863; x_wconf 85' lang='grc' dir='ltr'>τοῦ</span> <span class='ocrx_word' id='word_1_86' title='bbox 1370 811 1576 880; x_wconf 80' lang='grc' dir='ltr'>Πατρὸς,</span> <span class='ocrx_word' id='word_1_87' title='bbox 1615 811 1876 874; x_wconf 79' lang='grc' dir='ltr'>τουτέστιν,</span> <span class='ocrx_word' id='word_1_88' title='bbox 1916 811 1944 875; x_wconf 85' lang='grc' dir='ltr'>ἠ</span> 
     </span>
     <span class='ocr_line' id='line_1_12' title="bbox 349 883 1944 962; baseline 0.005 -26"><span class='ocrx_word' id='word_1_89' title='bbox 349 883 543 937; x_wconf 86' lang='grc' dir='ltr'>πάντων</span> <span class='ocrx_word' id='word_1_90' title='bbox 572 890 787 956; x_wconf 85' lang='grc' dir='ltr'>σωτηρία</span> <span class='ocrx_word' id='word_1_91' title='bbox 824 892 900 942; x_wconf 77' lang='grc' dir='ltr'>καὶ</span> <span class='ocrx_word' id='word_1_92' title='bbox 940 891 1064 958; x_wconf 75' lang='grc' dir='ltr'>ζωή;</span> <span class='ocrx_word' id='word_1_93' title='bbox 1108 890 1137 957; x_wconf 88' lang='grc' dir='ltr'>ὴ</span> <span class='ocrx_word' id='word_1_94' title='bbox 1177 892 1272 961; x_wconf 79' lang='grc' dir='ltr'>γὰρ</span> <span class='ocrx_word' id='word_1_95' title='bbox 1312 894 1416 962; x_wconf 80' lang='grc' dir='ltr'>οὐχὶ</span> <span class='ocrx_word' id='word_1_96' title='bbox 1450 892 1639 948; x_wconf 86' lang='grc' dir='ltr'>πάντως</span> <span class='ocrx_word' id='word_1_97' title='bbox 1679 893 1831 959; x_wconf 88' lang='grc' dir='ltr'>δήπου</span> <span class='ocrx_word' id='word_1_98' title='bbox 1868 895 1944 944; x_wconf 80' lang='grc' dir='ltr'>καὶ</span> 
     </span>
     <span class='ocr_line' id='line_1_13' title="bbox 349 969 2015 1043; baseline 0.005 -26"><span class='ocrx_word' id='word_1_99' title='bbox 349 969 541 1032; x_wconf 82' lang='grc' dir='ltr'>ἀληθῶς</span> <span class='ocrx_word' id='word_1_100' title='bbox 574 969 629 1021; x_wconf 79' lang='grc' dir='ltr'>τὸ</span> <span class='ocrx_word' id='word_1_101' title='bbox 661 978 872 1025; x_wconf 84' lang='grc' dir='ltr'>τοιοῦτον</span> <span class='ocrx_word' id='word_1_102' title='bbox 898 974 1008 1038; x_wconf 82' lang='grc' dir='ltr'>ἡμῖν</span> <span class='ocrx_word' id='word_1_103' title='bbox 1034 976 1404 1040; x_wconf 88' lang='grc' dir='ltr'>κατασημαίνων</span> <span class='ocrx_word' id='word_1_104' title='bbox 1431 977 1610 1043; x_wconf 82' lang='grc' dir='ltr'>ὁρᾶται,</span> <span class='ocrx_word' id='word_1_105' title='bbox 1636 977 1755 1027; x_wconf 65' lang='grc' dir='ltr'>τοῦτο</span> <span class='ocrx_word' id='word_1_106' title='bbox 1788 975 1944 1041; x_wconf 76' lang='grc' dir='ltr'>λέγων</span> <span class='ocrx_word' id='word_1_107' title='bbox 1967 999 2015 1026; x_wconf 92' lang='lat'>10</span> 
     </span>
     <span class='ocr_line' id='line_1_14' title="bbox 349 1047 1944 1126; baseline 0.006 -26"><span class='ocrx_word' id='word_1_108' title='bbox 349 1047 464 1102; x_wconf 77' lang='grc' dir='ltr'>εἶναι</span> <span class='ocrx_word' id='word_1_109' title='bbox 500 1052 546 1104; x_wconf 65' lang='grc' dir='ltr'>τὶ</span> <span class='ocrx_word' id='word_1_110' title='bbox 581 1050 754 1120; x_wconf 64' lang='grc' dir='ltr'>θέλημα</span> <span class='ocrx_word' id='word_1_111' title='bbox 785 1057 858 1107; x_wconf 77' lang='grc' dir='ltr'>τοῧ</span> <span class='ocrx_word' id='word_1_112' title='bbox 886 1056 1074 1126; x_wconf 59' lang='grc' dir='ltr'>Πατρὶς,</span> <span class='ocrx_word' id='word_1_113' title='bbox 1098 1057 1172 1109; x_wconf 70' lang='grc' dir='ltr'>’ἵνα</span> <span class='ocrx_word' id='word_1_114' title='bbox 1207 1062 1302 1109; x_wconf 83' lang='grc' dir='ltr'>τῶν</span> <span class='ocrx_word' id='word_1_115' title='bbox 1326 1059 1704 1124; x_wconf 81' lang='grc' dir='ltr'>προσαγομένων</span> <span class='ocrx_word' id='word_1_116' title='bbox 1731 1057 1944 1125; x_wconf 62' lang='grc' dir='ltr'>ἀπολέσῃ</span> 
     </span>
     <span class='ocr_line' id='line_1_15' title="bbox 348 1134 1943 1216; baseline 0.008 -31"><span class='ocrx_word' id='word_1_117' title='bbox 348 1134 508 1199; x_wconf 79' lang='grc' dir='ltr'>μηδὲν,</span> <span class='ocrx_word' id='word_1_118' title='bbox 533 1141 644 1189; x_wconf 77' lang='grc' dir='ltr'>αλλ’</span> <span class='ocrx_word' id='word_1_119' title='bbox 673 1141 904 1209; x_wconf 72' lang='grc' dir='ltr'>ἀναστήσῃ</span> <span class='ocrx_word' id='word_1_120' title='bbox 933 1141 1037 1193; x_wconf 61' lang='grc' dir='ltr'>αὐτὶ</span> <span class='ocrx_word' id='word_1_121' title='bbox 1070 1144 1108 1194; x_wconf 80' lang='grc' dir='ltr'>ἐν</span> <span class='ocrx_word' id='word_1_122' title='bbox 1133 1148 1181 1216; x_wconf 72' lang='grc' dir='ltr'>τῇ</span> <span class='ocrx_word' id='word_1_123' title='bbox 1214 1141 1386 1216; x_wconf 75' lang='grc' dir='ltr'>ἐσχάτῃ</span> <span class='ocrx_word' id='word_1_124' title='bbox 1421 1141 1585 1214; x_wconf 63' lang='grc' dir='ltr'>ἡμέρας</span> <span class='ocrx_word' id='word_1_125' title='bbox 1627 1144 1690 1197; x_wconf 86' lang='grc' dir='ltr'>ὡς</span> <span class='ocrx_word' id='word_1_126' title='bbox 1725 1141 1819 1208; x_wconf 73' lang='grc' dir='ltr'>γὰρ</span> <span class='ocrx_word' id='word_1_127' title='bbox 1853 1141 1943 1206; x_wconf 74' lang='grc' dir='ltr'>ἤδη</span> 
     </span>
    </p>
   </div>
   <div class='ocr_carea' id='block_1_7' title="bbox 303 1216 1939 1294">
    <p class='ocr_par' dir='ltr' id='par_1_7' title="bbox 303 1216 1939 1294">
     <span class='ocr_line' id='line_1_16' title="bbox 303 1216 1939 1294; baseline 0.006 -28"><span class='ocrx_word' id='word_1_128' title='bbox 303 1226 329 1267; x_wconf 84' lang='grc'>(1</span> <span class='ocrx_word' id='word_1_129' title='bbox 349 1216 624 1284; x_wconf 79' lang='grc' dir='ltr'>φθάσαντες</span> <span class='ocrx_word' id='word_1_130' title='bbox 656 1222 1043 1292; x_wconf 77' lang='grc' dir='ltr'>προεδιδάξαμεν,</span> <span class='ocrx_word' id='word_1_131' title='bbox 1071 1225 1134 1278; x_wconf 86' lang='grc' dir='ltr'>ὡς</span> <span class='ocrx_word' id='word_1_132' title='bbox 1170 1223 1263 1292; x_wconf 75' lang='grc' dir='ltr'>ζωῇ</span> <span class='ocrx_word' id='word_1_133' title='bbox 1299 1226 1376 1275; x_wconf 82' lang='grc' dir='ltr'>καὶ</span> <span class='ocrx_word' id='word_1_134' title='bbox 1403 1227 1589 1290; x_wconf 80' lang='grc' dir='ltr'>Σωτῆρι</span> <span class='ocrx_word' id='word_1_135' title='bbox 1625 1227 1692 1294; x_wconf 88' lang='grc' dir='ltr'>τῷ</span> <span class='ocrx_word' id='word_1_136' title='bbox 1718 1227 1939 1293; x_wconf 82' lang='grc' dir='ltr'>Χριστῷ,</span> 
     </span>
    </p>
   </div>
   <div class='ocr_carea' id='block_1_8' title="bbox 345 1297 2012 1949">
    <p class='ocr_par' dir='ltr' id='par_1_8' title="bbox 345 1297 2012 1949">
     <span class='ocr_line' id='line_1_17' title="bbox 347 1297 1944 1375; baseline 0.004 -26"><span class='ocrx_word' id='word_1_137' title='bbox 347 1297 430 1350; x_wconf 80' lang='grc' dir='ltr'>τὸν</span> <span class='ocrx_word' id='word_1_138' title='bbox 456 1300 573 1366; x_wconf 73' lang='grc' dir='ltr'>ζωῆς</span> <span class='ocrx_word' id='word_1_139' title='bbox 607 1303 684 1352; x_wconf 79' lang='grc' dir='ltr'>καὶ</span> <span class='ocrx_word' id='word_1_140' title='bbox 719 1304 958 1370; x_wconf 85' lang='grc' dir='ltr'>σωτηρίας</span> <span class='ocrx_word' id='word_1_141' title='bbox 991 1306 1151 1357; x_wconf 82' lang='grc' dir='ltr'>ἐπιδεᾶ</span> <span class='ocrx_word' id='word_1_142' title='bbox 1176 1304 1483 1372; x_wconf 75' lang='grc' dir='ltr'>προσκομίζει</span> <span class='ocrx_word' id='word_1_143' title='bbox 1510 1305 1851 1375; x_wconf 82' lang='grc' dir='ltr'>φιλάνθρωπος</span> <span class='ocrx_word' id='word_1_144' title='bbox 1877 1303 1944 1356; x_wconf 78' lang='grc' dir='ltr'>ὧν</span> 
     </span>
     <span class='ocr_line' id='line_1_18' title="bbox 347 1381 2011 1455; baseline 0.008 -24"><span class='ocrx_word' id='word_1_145' title='bbox 347 1381 373 1431; x_wconf 86' lang='grc' dir='ltr'><em>ὃ</em></span> <span class='ocrx_word' id='word_1_146' title='bbox 401 1381 524 1437; x_wconf 80' lang='grc' dir='ltr'>Θεὸς</span> <span class='ocrx_word' id='word_1_147' title='bbox 549 1385 626 1434; x_wconf 85' lang='grc' dir='ltr'>καὶ</span> <span class='ocrx_word' id='word_1_148' title='bbox 654 1384 839 1453; x_wconf 89' lang='grc' dir='ltr'>Πατήρ.</span> <span class='ocrx_word' id='word_1_149' title='bbox 1965 1416 2011 1455; x_wconf 86' lang='lat'>15</span> 
     </span>
     <span class='ocr_line' id='line_1_19' title="bbox 418 1464 1943 1541; baseline 0.004 -27"><span class='ocrx_word' id='word_1_150' title='bbox 418 1464 561 1515; x_wconf 85' lang='grc' dir='ltr'>Ἀλλ’</span> <span class='ocrx_word' id='word_1_151' title='bbox 602 1466 889 1531; x_wconf 81' lang='grc' dir='ltr'>αἰσθάνομαι</span> <span class='ocrx_word' id='word_1_152' title='bbox 927 1468 1076 1522; x_wconf 85' lang='grc' dir='ltr'>πάλιν</span> <span class='ocrx_word' id='word_1_153' title='bbox 1117 1470 1361 1541; x_wconf 82' lang='grc' dir='ltr'>ἀπᾴδοντα</span> <span class='ocrx_word' id='word_1_154' title='bbox 1400 1470 1556 1537; x_wconf 80' lang='grc' dir='ltr'>λέγων</span> <span class='ocrx_word' id='word_1_155' title='bbox 1594 1473 1661 1540; x_wconf 90' lang='grc' dir='ltr'>τῷ</span> <span class='ocrx_word' id='word_1_156' title='bbox 1698 1472 1782 1534; x_wconf 86' lang='grc' dir='ltr'>τῆς</span> <span class='ocrx_word' id='word_1_157' title='bbox 1823 1471 1943 1535; x_wconf 82' lang='grc' dir='ltr'>ἀλη-</span> 
     </span>
     <span class='ocr_line' id='line_1_20' title="bbox 347 1546 1943 1620; baseline 0.008 -24"><span class='ocrx_word' id='word_1_158' title='bbox 347 1546 472 1600; x_wconf 84' lang='grc' dir='ltr'>θείας</span> <span class='ocrx_word' id='word_1_159' title='bbox 522 1548 689 1619; x_wconf 88' lang='grc' dir='ltr'>ἐχθρῷ.</span> <span class='ocrx_word' id='word_1_160' title='bbox 760 1553 1139 1617; x_wconf 83' lang='grc' dir='ltr'>συγκατανεύσει</span> <span class='ocrx_word' id='word_1_161' title='bbox 1190 1552 1276 1618; x_wconf 78' lang='grc' dir='ltr'>μὲν</span> <span class='ocrx_word' id='word_1_162' title='bbox 1320 1553 1415 1620; x_wconf 80' lang='grc' dir='ltr'>γὰρ</span> <span class='ocrx_word' id='word_1_163' title='bbox 1464 1558 1562 1607; x_wconf 86' lang='grc' dir='ltr'>τοῖς</span> <span class='ocrx_word' id='word_1_164' title='bbox 1614 1553 1783 1620; x_wconf 80' lang='grc' dir='ltr'>ἀρτίως</span> <span class='ocrx_word' id='word_1_165' title='bbox 1833 1551 1943 1616; x_wconf 77' lang='grc' dir='ltr'>ἡμῖν</span> 
     </span>
     <span class='ocr_line' id='line_1_21' title="bbox 345 1629 1944 1702; baseline -0.007 -7"><span class='ocrx_word' id='word_1_166' title='bbox 345 1629 597 1695; x_wconf 66' lang='grc' dir='ltr'>εἷρημένθίς</span> <span class='ocrx_word' id='word_1_167' title='bbox 636 1632 869 1695; x_wconf 76' lang='grc' dir='ltr'>Οὐδαμῶς·</span> <span class='ocrx_word' id='word_1_168' title='bbox 919 1634 1181 1700; x_wconf 80' lang='grc' dir='ltr'>ἀναβοήσει</span> <span class='ocrx_word' id='word_1_169' title='bbox 1221 1634 1270 1687; x_wconf 80' lang='grc' dir='ltr'>δὲ</span> <span class='ocrx_word' id='word_1_170' title='bbox 1308 1635 1431 1702; x_wconf 80' lang='grc' dir='ltr'>μέγα</span> <span class='ocrx_word' id='word_1_171' title='bbox 1469 1636 1545 1686; x_wconf 79' lang='grc' dir='ltr'>καὶ</span> <span class='ocrx_word' id='word_1_172' title='bbox 1584 1633 1865 1701; x_wconf 84' lang='grc' dir='ltr'>διαπρύσιόν</span> <span class='ocrx_word' id='word_1_173' title='bbox 1899 1656 1944 1685; x_wconf 92' lang='grc' dir='ltr'>τι</span> 
     </span>
     <span class='ocr_line' id='line_1_22' title="bbox 346 1710 1944 1786; baseline 0.004 -25"><span class='ocrx_word' id='word_1_174' title='bbox 346 1710 585 1778; x_wconf 81' lang='grc' dir='ltr'>κεκραγὼς</span> <span class='ocrx_word' id='word_1_175' title='bbox 635 1713 857 1783; x_wconf 75' lang='grc' dir='ltr'>ἀφίξεται</span> <span class='ocrx_word' id='word_1_176' title='bbox 911 1719 1011 1767; x_wconf 86' lang='grc' dir='ltr'>Ποῖ</span> <span class='ocrx_word' id='word_1_177' title='bbox 1065 1717 1122 1782; x_wconf 87' lang='grc' dir='ltr'>δὴ</span> <span class='ocrx_word' id='word_1_178' title='bbox 1184 1719 1334 1769; x_wconf 88' lang='grc' dir='ltr'>πάλιν</span> <span class='ocrx_word' id='word_1_179' title='bbox 1384 1718 1495 1782; x_wconf 83' lang='grc' dir='ltr'>ἡμῖν</span> <span class='ocrx_word' id='word_1_180' title='bbox 1540 1720 1853 1786; x_wconf 76' lang='grc' dir='ltr'>περιπλανᾷς,</span> <span class='ocrx_word' id='word_1_181' title='bbox 1905 1713 1944 1768; x_wconf 72' lang='grc'>(3</span> 
     </span>
     <span class='ocr_line' id='line_1_23' title="bbox 346 1793 2012 1863; baseline 0.005 -19"><span class='ocrx_word' id='word_1_182' title='bbox 346 1793 494 1857; x_wconf 78' lang='grc' dir='ltr'>οὗτος,</span> <span class='ocrx_word' id='word_1_183' title='bbox 535 1794 595 1846; x_wconf 78' lang='grc' dir='ltr'>τὰ</span> <span class='ocrx_word' id='word_1_184' title='bbox 639 1797 934 1863; x_wconf 88' lang='grc' dir='ltr'>θεωρήματα,</span> <span class='ocrx_word' id='word_1_185' title='bbox 978 1801 1053 1850; x_wconf 76' lang='grc' dir='ltr'>καὶ</span> <span class='ocrx_word' id='word_1_186' title='bbox 1095 1799 1435 1854; x_wconf 87' lang='grc' dir='ltr'>πολυπλόκους</span> <span class='ocrx_word' id='word_1_187' title='bbox 1475 1799 1560 1863; x_wconf 78' lang='grc' dir='ltr'>μὲν</span> <span class='ocrx_word' id='word_1_188' title='bbox 1600 1801 1794 1854; x_wconf 84' lang='grc' dir='ltr'>ἐπινοεῖς</span> <span class='ocrx_word' id='word_1_189' title='bbox 1836 1821 1943 1863; x_wconf 87' lang='grc' dir='ltr'>νοη-</span> <span class='ocrx_word' id='word_1_190' title='bbox 1963 1827 2012 1853; x_wconf 91' lang='lat'>20</span> 
     </span>
     <span class='ocr_line' id='line_1_24' title="bbox 345 1874 1940 1949; baseline 0.004 -23"><span class='ocrx_word' id='word_1_191' title='bbox 345 1874 508 1938; x_wconf 86' lang='grc' dir='ltr'>μάτων</span> <span class='ocrx_word' id='word_1_192' title='bbox 549 1879 855 1947; x_wconf 80' lang='grc' dir='ltr'>ἐπεισφορὰς,</span> <span class='ocrx_word' id='word_1_193' title='bbox 895 1880 1099 1949; x_wconf 77' lang='grc' dir='ltr'>ἐξὲλκεις</span> <span class='ocrx_word' id='word_1_194' title='bbox 1145 1882 1195 1933; x_wconf 81' lang='grc' dir='ltr'>δὲ</span> <span class='ocrx_word' id='word_1_195' title='bbox 1240 1886 1322 1946; x_wconf 84' lang='grc' dir='ltr'>τῆς</span> <span class='ocrx_word' id='word_1_196' title='bbox 1367 1884 1589 1946; x_wconf 82' lang='grc' dir='ltr'>ἀληθείας</span> <span class='ocrx_word' id='word_1_197' title='bbox 1633 1881 1716 1933; x_wconf 83' lang='grc' dir='ltr'>τὸν</span> <span class='ocrx_word' id='word_1_198' title='bbox 1760 1879 1940 1948; x_wconf 77' lang='grc' dir='ltr'>λόγους</span> 
     </span>
    </p>
   </div>
   <div class='ocr_carea' id='block_1_9' title="bbox 305 1958 1942 2032">
    <p class='ocr_par' dir='ltr' id='par_1_9' title="bbox 305 1958 1942 2032">
     <span class='ocr_line' id='line_1_25' title="bbox 305 1958 1942 2032; baseline 0.004 -24"><span class='ocrx_word' id='word_1_199' title='bbox 305 1958 559 2028; x_wconf 76' lang='grc' dir='ltr'>θέρυθριᾷς</span> <span class='ocrx_word' id='word_1_200' title='bbox 598 1959 646 2010; x_wconf 75' lang='grc' dir='ltr'>δὲ</span> <span class='ocrx_word' id='word_1_201' title='bbox 684 1961 804 2012; x_wconf 80' lang='grc' dir='ltr'>κατὰ</span> <span class='ocrx_word' id='word_1_202' title='bbox 842 1960 897 2013; x_wconf 82' lang='grc' dir='ltr'>τὸ</span> <span class='ocrx_word' id='word_1_203' title='bbox 933 1962 1053 2017; x_wconf 76' lang='grc' dir='ltr'>εἰκὸς</span> <span class='ocrx_word' id='word_1_204' title='bbox 1087 1965 1403 2029; x_wconf 80' lang='grc' dir='ltr'>ὁμολογῆσαι,</span> <span class='ocrx_word' id='word_1_205' title='bbox 1432 1966 1571 2032; x_wconf 76' lang='grc' dir='ltr'>φησὶ,</span> <span class='ocrx_word' id='word_1_206' title='bbox 1598 1965 1684 2028; x_wconf 90' lang='grc' dir='ltr'>τὴν</span> <span class='ocrx_word' id='word_1_207' title='bbox 1718 1963 1942 2015; x_wconf 84' lang='grc' dir='ltr'>ἀκούσιον</span> 
     </span>
    </p>
   </div>
   <div class='ocr_carea' id='block_1_10' title="bbox 344 2040 2009 2609">
    <p class='ocr_par' dir='ltr' id='par_1_10' title="bbox 344 2040 2009 2609">
     <span class='ocr_line' id='line_1_26' title="bbox 347 2040 1944 2112; baseline 0.005 -22"><span class='ocrx_word' id='word_1_208' title='bbox 347 2040 590 2107; x_wconf 87' lang='grc' dir='ltr'>ὑποταγὴν</span> <span class='ocrx_word' id='word_1_209' title='bbox 616 2048 698 2093; x_wconf 85' lang='grc' dir='ltr'>τοῦ</span> <span class='ocrx_word' id='word_1_210' title='bbox 724 2046 858 2095; x_wconf 76' lang='grc' dir='ltr'>Υἱοῦ.</span> <span class='ocrx_word' id='word_1_211' title='bbox 912 2044 941 2110; x_wconf 78' lang='grc' dir='ltr'>ἢ</span> <span class='ocrx_word' id='word_1_212' title='bbox 978 2044 1072 2112; x_wconf 79' lang='grc' dir='ltr'>γὰρ</span> <span class='ocrx_word' id='word_1_213' title='bbox 1110 2047 1194 2097; x_wconf 81' lang='grc' dir='ltr'>οὐκ</span> <span class='ocrx_word' id='word_1_214' title='bbox 1228 2045 1364 2097; x_wconf 79' lang='grc' dir='ltr'>ἕσται</span> <span class='ocrx_word' id='word_1_215' title='bbox 1400 2048 1476 2097; x_wconf 87' lang='grc' dir='ltr'>καὶ</span> <span class='ocrx_word' id='word_1_216' title='bbox 1510 2046 1587 2097; x_wconf 80' lang='grc' dir='ltr'>διὰ</span> <span class='ocrx_word' id='word_1_217' title='bbox 1622 2045 1802 2098; x_wconf 84' lang='grc' dir='ltr'>τούτων</span> <span class='ocrx_word' id='word_1_218' title='bbox 1832 2047 1944 2111; x_wconf 82' lang='grc' dir='ltr'>ἡμῖν</span> 
     </span>
     <span class='ocr_line' id='line_1_27' title="bbox 345 2122 1943 2196; baseline 0.006 -24"><span class='ocrx_word' id='word_1_219' title='bbox 345 2122 625 2192; x_wconf 79' lang='grc' dir='ltr'>καταφανὲς,</span> <span class='ocrx_word' id='word_1_220' title='bbox 652 2123 724 2176; x_wconf 74' lang='grc' dir='ltr'>ὅτι</span> <span class='ocrx_word' id='word_1_221' title='bbox 758 2125 982 2196; x_wconf 76' lang='grc' dir='ltr'>κατάρξει</span> <span class='ocrx_word' id='word_1_222' title='bbox 1017 2126 1102 2190; x_wconf 77' lang='grc' dir='ltr'>μὲν</span> <span class='ocrx_word' id='word_1_223' title='bbox 1136 2127 1275 2182; x_wconf 78' lang='grc' dir='ltr'>αὐτὸς</span> <span class='ocrx_word' id='word_1_224' title='bbox 1310 2130 1385 2180; x_wconf 79' lang='grc' dir='ltr'>καὶ</span> <span class='ocrx_word' id='word_1_225' title='bbox 1421 2128 1743 2195; x_wconf 88' lang='grc' dir='ltr'>καθηγήσεται</span> <span class='ocrx_word' id='word_1_226' title='bbox 1776 2132 1860 2193; x_wconf 84' lang='grc' dir='ltr'>τῆς</span> <span class='ocrx_word' id='word_1_227' title='bbox 1894 2131 1943 2181; x_wconf 88' lang='grc' dir='ltr'>ἐν</span> 
     </span>
     <span class='ocr_line' id='line_1_28' title="bbox 344 2205 2009 2276; baseline 0.007 -22"><span class='ocrx_word' id='word_1_228' title='bbox 344 2208 441 2258; x_wconf 86' lang='grc' dir='ltr'>τοῖς</span> <span class='ocrx_word' id='word_1_229' title='bbox 477 2205 761 2272; x_wconf 88' lang='grc' dir='ltr'>πράγμασιν</span> <span class='ocrx_word' id='word_1_230' title='bbox 799 2208 1064 2273; x_wconf 71' lang='grc' dir='ltr'>οἰκονομίας</span> <span class='ocrx_word' id='word_1_231' title='bbox 1102 2210 1332 2274; x_wconf 81' lang='grc' dir='ltr'>οὐδαμῶς,</span> <span class='ocrx_word' id='word_1_232' title='bbox 1372 2209 1609 2262; x_wconf 86' lang='grc' dir='ltr'>ὑπόκειται</span> <span class='ocrx_word' id='word_1_233' title='bbox 1654 2211 1703 2263; x_wconf 82' lang='grc' dir='ltr'>δὲ</span> <span class='ocrx_word' id='word_1_234' title='bbox 1748 2216 1943 2276; x_wconf 83' lang='grc' dir='ltr'>μᾶλλον</span> <span class='ocrx_word' id='word_1_235' title='bbox 1961 2236 2009 2274; x_wconf 89' lang='lat'>25</span> 
     </span>
     <span class='ocr_line' id='line_1_29' title="bbox 344 2287 1943 2363; baseline 0.009 -27"><span class='ocrx_word' id='word_1_236' title='bbox 344 2291 440 2340; x_wconf 83' lang='grc' dir='ltr'>τοῖς</span> <span class='ocrx_word' id='word_1_237' title='bbox 466 2287 706 2353; x_wconf 87' lang='grc' dir='ltr'>θελήμασι</span> <span class='ocrx_word' id='word_1_238' title='bbox 730 2295 813 2341; x_wconf 87' lang='grc' dir='ltr'>τοῦ</span> <span class='ocrx_word' id='word_1_239' title='bbox 843 2289 1063 2358; x_wconf 81' lang='grc' dir='ltr'>Πατρός;</span> <span class='ocrx_word' id='word_1_240' title='bbox 1107 2290 1200 2343; x_wconf 78' lang='grc' dir='ltr'>οἶδε</span> <span class='ocrx_word' id='word_1_241' title='bbox 1226 2291 1319 2359; x_wconf 80' lang='grc' dir='ltr'>γὰρ</span> <span class='ocrx_word' id='word_1_242' title='bbox 1344 2294 1491 2347; x_wconf 79' lang='grc' dir='ltr'>οὕτως</span> <span class='ocrx_word' id='word_1_243' title='bbox 1517 2292 1683 2345; x_wconf 83' lang='grc' dir='ltr'>ἑαυτὸν</span> <span class='ocrx_word' id='word_1_244' title='bbox 1709 2297 1792 2359; x_wconf 88' lang='grc' dir='ltr'>τῆς</span> <span class='ocrx_word' id='word_1_245' title='bbox 1822 2294 1943 2363; x_wconf 78' lang='grc' dir='ltr'>πρὸς</span> 
     </span>
     <span class='ocr_line' id='line_1_30' title="bbox 345 2369 1958 2444; baseline 0.007 -25"><span class='ocrx_word' id='word_1_246' title='bbox 345 2369 488 2420; x_wconf 83' lang='grc' dir='ltr'>αὐτὸν</span> <span class='ocrx_word' id='word_1_247' title='bbox 512 2369 732 2435; x_wconf 79' lang='grc' dir='ltr'>ἰσότητος</span> <span class='ocrx_word' id='word_1_248' title='bbox 757 2372 1039 2437; x_wconf 83' lang='grc' dir='ltr'>ἡττώμενον,</span> <span class='ocrx_word' id='word_1_249' title='bbox 1067 2376 1129 2428; x_wconf 85' lang='grc' dir='ltr'>ὡς</span> <span class='ocrx_word' id='word_1_250' title='bbox 1160 2377 1236 2425; x_wconf 85' lang='grc' dir='ltr'>καὶ</span> <span class='ocrx_word' id='word_1_251' title='bbox 1262 2375 1610 2442; x_wconf 76' lang='grc' dir='ltr'>ἀναγκάζεσθαι</span> <span class='ocrx_word' id='word_1_252' title='bbox 1635 2377 1813 2444; x_wconf 88' lang='grc' dir='ltr'>τρόπον</span> <span class='ocrx_word' id='word_1_253' title='bbox 1839 2377 1958 2430; x_wconf 82' lang='grc' dir='ltr'>τινὰ.</span> 
     </span>
     <span class='ocr_line' id='line_1_31' title="bbox 345 2450 1941 2525; baseline 0.007 -24"><span class='ocrx_word' id='word_1_254' title='bbox 345 2453 421 2501; x_wconf 79' lang='grc' dir='ltr'>καὶ</span> <span class='ocrx_word' id='word_1_255' title='bbox 447 2450 507 2502; x_wconf 81' lang='grc' dir='ltr'>τὰ</span> <span class='ocrx_word' id='word_1_256' title='bbox 533 2451 796 2518; x_wconf 79' lang='grc' dir='ltr'>ἀνεθέλητα</span> <span class='ocrx_word' id='word_1_257' title='bbox 827 2459 1065 2507; x_wconf 86' lang='grc' dir='ltr'>ποιεῖσθαι</span> <span class='ocrx_word' id='word_1_258' title='bbox 1092 2456 1289 2522; x_wconf 84' lang='grc' dir='ltr'>θελητά,</span> <span class='ocrx_word' id='word_1_259' title='bbox 1319 2459 1396 2508; x_wconf 82' lang='grc' dir='ltr'>καὶ</span> <span class='ocrx_word' id='word_1_260' title='bbox 1423 2459 1646 2525; x_wconf 87' lang='grc' dir='ltr'>πράττειν</span> <span class='ocrx_word' id='word_1_261' title='bbox 1672 2461 1725 2510; x_wconf 84' lang='grc' dir='ltr'>οὐ</span> <span class='ocrx_word' id='word_1_262' title='bbox 1751 2460 1941 2515; x_wconf 86' lang='grc' dir='ltr'>πάντως</span> 
     </span>
     <span class='ocr_line' id='line_1_32' title="bbox 344 2532 1939 2609; baseline 0.006 -25"><span class='ocrx_word' id='word_1_263' title='bbox 344 2532 398 2584; x_wconf 83' lang='grc' dir='ltr'>τὸ</span> <span class='ocrx_word' id='word_1_264' title='bbox 436 2534 563 2604; x_wconf 81' lang='grc' dir='ltr'>αὐτῷ</span> <span class='ocrx_word' id='word_1_265' title='bbox 597 2537 776 2599; x_wconf 87' lang='grc' dir='ltr'>δοκοῦν,</span> <span class='ocrx_word' id='word_1_266' title='bbox 805 2536 938 2588; x_wconf 81' lang='grc' dir='ltr'>ἀλλὰ</span> <span class='ocrx_word' id='word_1_267' title='bbox 974 2541 1168 2602; x_wconf 81' lang='grc' dir='ltr'>μᾶλλον</span> <span class='ocrx_word' id='word_1_268' title='bbox 1194 2538 1247 2589; x_wconf 82' lang='grc' dir='ltr'>τὸ</span> <span class='ocrx_word' id='word_1_269' title='bbox 1284 2543 1349 2609; x_wconf 84' lang='grc' dir='ltr'>τῷ</span> <span class='ocrx_word' id='word_1_270' title='bbox 1383 2541 1554 2607; x_wconf 87' lang='grc' dir='ltr'>Πατρί.</span> <span class='ocrx_word' id='word_1_271' title='bbox 1610 2542 1686 2592; x_wconf 84' lang='grc' dir='ltr'>καὶ</span> <span class='ocrx_word' id='word_1_272' title='bbox 1724 2541 1790 2606; x_wconf 89' lang='grc' dir='ltr'>μὴ</span> <span class='ocrx_word' id='word_1_273' title='bbox 1828 2541 1939 2609; x_wconf 78' lang='grc' dir='ltr'>λε’γε</span> 
     </span>
    </p>
   </div>
   <div class='ocr_carea' id='block_1_11' title="bbox 343 2697 1939 2982">
    <p class='ocr_par' dir='ltr' id='par_1_11' title="bbox 343 2697 1939 2982">
     <span class='ocr_line' id='line_1_33' title="bbox 395 2697 1939 2749; baseline 0.006 -18"><span class='ocrx_word' id='word_1_274' title='bbox 395 2707 427 2731; x_wconf 86' lang='lat'>2.</span> <span class='ocrx_word' id='word_1_275' title='bbox 452 2697 514 2741; x_wconf 78' lang='grc' dir='ltr'>μὲν</span> <span class='ocrx_word' id='word_1_276' title='bbox 530 2709 601 2732; x_wconf 88' lang='lat' dir='ltr'>om.</span> <span class='ocrx_word' id='word_1_277' title='bbox 622 2698 710 2733; x_wconf 85' lang='lat' dir='ltr'>Cod.</span> <span class='ocrx_word' id='word_1_278' title='bbox 727 2699 856 2734; x_wconf 81' lang='lat' dir='ltr'>Vienn.</span> <span class='ocrx_word' id='word_1_279' title='bbox 922 2700 1047 2735; x_wconf 81' lang='lat' dir='ltr'>Statim</span> <span class='ocrx_word' id='word_1_280' title='bbox 1066 2702 1131 2746; x_wconf 84' lang='grc' dir='ltr'>γὰρ</span> <span class='ocrx_word' id='word_1_281' title='bbox 1150 2707 1375 2747; x_wconf 79' lang='lat' dir='ltr'>assumptum</span> <span class='ocrx_word' id='word_1_282' title='bbox 1392 2715 1433 2737; x_wconf 85' lang='lat' dir='ltr'>ex</span> <span class='ocrx_word' id='word_1_283' title='bbox 1454 2702 1563 2739; x_wconf 82' lang='lat' dir='ltr'>Cone.</span> <span class='ocrx_word' id='word_1_284' title='bbox 1753 2705 1786 2740; x_wconf 89' lang='lat'>6.</span> <span class='ocrx_word' id='word_1_285' title='bbox 1813 2704 1852 2749; x_wconf 79' lang='grc' dir='ltr'>ἦν</span> <span class='ocrx_word' id='word_1_286' title='bbox 1869 2717 1939 2740; x_wconf 89' lang='lat' dir='ltr'>om.</span> 
     </span>
     <span class='ocr_line' id='line_1_34' title="bbox 347 2742 1939 2796; baseline 0.006 -20"><span class='ocrx_word' id='word_1_287' title='bbox 347 2742 456 2777; x_wconf 80' lang='lat' dir='ltr'><strong>Cone.</strong></span> <span class='ocrx_word' id='word_1_288' title='bbox 595 2753 627 2790; x_wconf 86' lang='lat'>7.</span> <span class='ocrx_word' id='word_1_289' title='bbox 653 2745 845 2791; x_wconf 80' lang='grc' dir='ltr'>διεξάγεται</span> <span class='ocrx_word' id='word_1_290' title='bbox 864 2747 974 2781; x_wconf 84' lang='lat' dir='ltr'>Cone.</span> <span class='ocrx_word' id='word_1_291' title='bbox 994 2747 1106 2782; x_wconf 82' lang='lat' dir='ltr'>Coleti</span> <span class='ocrx_word' id='word_1_292' title='bbox 1124 2748 1180 2782; x_wconf 84' lang='lat' dir='ltr'>ed.</span> <span class='ocrx_word' id='word_1_293' title='bbox 1326 2750 1359 2784; x_wconf 85' lang='lat'>8.</span> <span class='ocrx_word' id='word_1_294' title='bbox 1388 2753 1411 2768; x_wconf 90' lang='lat'>“</span> <span class='ocrx_word' id='word_1_295' title='bbox 1426 2751 1469 2784; x_wconf 85' lang='lat' dir='ltr'>al.</span> <span class='ocrx_word' id='word_1_296' title='bbox 1487 2752 1643 2787; x_wconf 82' lang='grc' dir='ltr'>παντὸς”</span> <span class='ocrx_word' id='word_1_297' title='bbox 1663 2750 1729 2786; x_wconf 85' lang='lat' dir='ltr'>Ed.</span> <span class='ocrx_word' id='word_1_298' title='bbox 1748 2763 1821 2796; x_wconf 85' lang='lat' dir='ltr'>mg.</span> <span class='ocrx_word' id='word_1_299' title='bbox 1838 2753 1939 2787; x_wconf 81' lang='grc' dir='ltr'>παντὶ</span> 
     </span>
     <span class='ocr_line' id='line_1_35' title="bbox 346 2788 1938 2841; baseline 0.007 -19"><span class='ocrx_word' id='word_1_300' title='bbox 346 2788 451 2824; x_wconf 83' lang='lat' dir='ltr'><strong>habet</strong></span> <span class='ocrx_word' id='word_1_301' title='bbox 468 2790 578 2826; x_wconf 81' lang='lat' dir='ltr'><strong>Cone.</strong></span> <span class='ocrx_word' id='word_1_302' title='bbox 629 2792 647 2835; x_wconf 86' lang='grc' dir='ltr'>ἡ</span> <span class='ocrx_word' id='word_1_303' title='bbox 666 2803 735 2827; x_wconf 87' lang='lat' dir='ltr'>om.</span> <span class='ocrx_word' id='word_1_304' title='bbox 753 2793 793 2827; x_wconf 90' lang='lat' dir='ltr'>B.</span> <span class='ocrx_word' id='word_1_305' title='bbox 808 2793 912 2828; x_wconf 83' lang='lat' dir='ltr'>habet</span> <span class='ocrx_word' id='word_1_306' title='bbox 927 2793 1036 2829; x_wconf 85' lang='lat' dir='ltr'><strong>Cone.</strong></span> <span class='ocrx_word' id='word_1_307' title='bbox 1088 2795 1212 2829; x_wconf 73' lang='lat' dir='ltr'>Statim</span> <span class='ocrx_word' id='word_1_308' title='bbox 1232 2796 1366 2831; x_wconf 81' lang='grc' dir='ltr'>πάντων</span> <span class='ocrx_word' id='word_1_309' title='bbox 1379 2798 1531 2841; x_wconf 83' lang='grc' dir='ltr'>σωτηρία</span> <span class='ocrx_word' id='word_1_310' title='bbox 1548 2797 1615 2832; x_wconf 88' lang='lat' dir='ltr'>hoc</span> <span class='ocrx_word' id='word_1_311' title='bbox 1632 2797 1754 2832; x_wconf 87' lang='lat' dir='ltr'>ordine</span> <span class='ocrx_word' id='word_1_312' title='bbox 1771 2798 1879 2833; x_wconf 75' lang='lat' dir='ltr'>Conc-</span> <span class='ocrx_word' id='word_1_313' title='bbox 1897 2798 1938 2834; x_wconf 86' lang='lat' dir='ltr'>B.</span> 
     </span>
     <span class='ocr_line' id='line_1_36' title="bbox 343 2837 1937 2886; baseline 0.006 -16"><span class='ocrx_word' id='word_1_314' title='bbox 343 2847 377 2880; x_wconf 81' lang='lat'>9.</span> <span class='ocrx_word' id='word_1_315' title='bbox 405 2837 459 2871; x_wconf 85' lang='grc' dir='ltr'>καὶ</span> <span class='ocrx_word' id='word_1_316' title='bbox 477 2837 591 2883; x_wconf 85' lang='lat' dir='ltr'>prius]</span> <span class='ocrx_word' id='word_1_317' title='bbox 614 2843 650 2879; x_wconf 72' lang='grc' dir='ltr'>-Ι-</span> <span class='ocrx_word' id='word_1_318' title='bbox 673 2838 690 2883; x_wconf 79' lang='grc' dir='ltr'>ἡ</span> <span class='ocrx_word' id='word_1_319' title='bbox 711 2839 778 2874; x_wconf 89' lang='lat' dir='ltr'>Ed.</span> <span class='ocrx_word' id='word_1_320' title='bbox 798 2840 907 2875; x_wconf 87' lang='lat' dir='ltr'>invito</span> <span class='ocrx_word' id='word_1_321' title='bbox 927 2840 1036 2875; x_wconf 86' lang='lat' dir='ltr'>Cone.</span> <span class='ocrx_word' id='word_1_322' title='bbox 1103 2841 1211 2886; x_wconf 80' lang='grc' dir='ltr'>δήπου</span> <span class='ocrx_word' id='word_1_323' title='bbox 1228 2843 1361 2880; x_wconf 82' lang='grc' dir='ltr'>πάντως</span> <span class='ocrx_word' id='word_1_324' title='bbox 1378 2844 1517 2878; x_wconf 86' lang='lat' dir='ltr'>inverso</span> <span class='ocrx_word' id='word_1_325' title='bbox 1535 2844 1657 2879; x_wconf 86' lang='lat' dir='ltr'>ordine</span> <span class='ocrx_word' id='word_1_326' title='bbox 1677 2844 1719 2880; x_wconf 93' lang='lat' dir='ltr'>B.</span> <span class='ocrx_word' id='word_1_327' title='bbox 1820 2856 1872 2879; x_wconf 88' lang='lat'>11.</span> <span class='ocrx_word' id='word_1_328' title='bbox 1899 2847 1937 2879; x_wconf 87' lang='grc' dir='ltr'>τὸ</span> 
     </span>
     <span class='ocr_line' id='line_1_37' title="bbox 345 2883 1934 2938; baseline 0.007 -22"><span class='ocrx_word' id='word_1_329' title='bbox 345 2893 416 2917; x_wconf 90' lang='lat' dir='ltr'>om.</span> <span class='ocrx_word' id='word_1_330' title='bbox 439 2883 480 2918; x_wconf 87' lang='grc' dir='ltr'>Β.</span> <span class='ocrx_word' id='word_1_331' title='bbox 641 2897 693 2931; x_wconf 83' lang='lat'>13.</span> <span class='ocrx_word' id='word_1_332' title='bbox 719 2887 988 2931; x_wconf 79' lang='grc' dir='ltr'>προεδιδάξαμεν</span> <span class='ocrx_word' id='word_1_333' title='bbox 1008 2888 1088 2923; x_wconf 84' lang='lat' dir='ltr'>B.D</span> <span class='ocrx_word' id='word_1_334' title='bbox 1107 2900 1148 2923; x_wconf 85' lang='lat' dir='ltr'>ex</span> <span class='ocrx_word' id='word_1_335' title='bbox 1167 2900 1256 2923; x_wconf 81' lang='lat' dir='ltr'><strong>corr.</strong></span> <span class='ocrx_word' id='word_1_336' title='bbox 1274 2890 1517 2936; x_wconf 80' lang='grc' dir='ltr'>προεδείξαμεν</span> <span class='ocrx_word' id='word_1_337' title='bbox 1535 2891 1581 2926; x_wconf 89' lang='lat' dir='ltr'>D.</span> <span class='ocrx_word' id='word_1_338' title='bbox 1602 2891 1668 2926; x_wconf 89' lang='lat' dir='ltr'>Ed.</span> <span class='ocrx_word' id='word_1_339' title='bbox 1734 2894 1872 2938; x_wconf 81' lang='grc' dir='ltr'>Χριστῷ</span> <span class='ocrx_word' id='word_1_340' title='bbox 1895 2892 1934 2926; x_wconf 89' lang='grc' dir='ltr'>Β.</span> 
     </span>
     <span class='ocr_line' id='line_1_38' title="bbox 346 2929 1836 2982; baseline 0.006 -19"><span class='ocrx_word' id='word_1_341' title='bbox 346 2929 414 2975; x_wconf 75' lang='grc' dir='ltr'>’Υἱῷ</span> <span class='ocrx_word' id='word_1_342' title='bbox 435 2929 501 2966; x_wconf 88' lang='lat' dir='ltr'>Ed.</span> <span class='ocrx_word' id='word_1_343' title='bbox 628 2933 681 2967; x_wconf 88' lang='lat'>18.</span> <span class='ocrx_word' id='word_1_344' title='bbox 708 2933 911 2978; x_wconf 82' lang='grc' dir='ltr'>διαπύρσιον</span> <span class='ocrx_word' id='word_1_345' title='bbox 931 2935 971 2969; x_wconf 83' lang='grc' dir='ltr'>Β.</span> <span class='ocrx_word' id='word_1_346' title='bbox 1093 2946 1148 2970; x_wconf 87' lang='lat'>22.</span> <span class='ocrx_word' id='word_1_347' title='bbox 1177 2936 1212 2970; x_wconf 82' lang='grc' dir='ltr'>δέ</span> <span class='ocrx_word' id='word_1_348' title='bbox 1233 2936 1273 2970; x_wconf 86' lang='grc' dir='ltr'>Β.</span> <span class='ocrx_word' id='word_1_349' title='bbox 1292 2937 1358 2982; x_wconf 79' lang='grc' dir='ltr'>γὰρ</span> <span class='ocrx_word' id='word_1_350' title='bbox 1377 2937 1445 2973; x_wconf 84' lang='lat' dir='ltr'>Ed.</span> <span class='ocrx_word' id='word_1_351' title='bbox 1567 2938 1623 2974; x_wconf 86' lang='lat'>28.</span> <span class='ocrx_word' id='word_1_352' title='bbox 1645 2938 1685 2973; x_wconf 86' lang='grc' dir='ltr'>τὰ</span> <span class='ocrx_word' id='word_1_353' title='bbox 1704 2950 1773 2974; x_wconf 89' lang='lat' dir='ltr'>om.</span> <span class='ocrx_word' id='word_1_354' title='bbox 1794 2938 1836 2973; x_wconf 86' lang='lat' dir='ltr'>B.</span> 
     </span>
    </p>
   </div>
  </div>
 </body>
</html>
