2084 3317
722 636 1039 688 ΚΕΦΑΛΗ
1100 640 1153 691 Ζ.

177 798 269 840 ’Ότι
299 804 374 842 τῶν
404 804 630 855 θεοπρεπῶν
661 805 891 857 ἀξιωμάτων
921 809 1006 860 ἤτοι
1036 811 1389 863 πλεονεκτημάτων
1420 814 1533 856 οὐδὲν
1564 816 1613 858 ὡς
1646 817 1687 857 ἐκ

618 893 789 945 μετοχῆς
817 891 840 943 ἦ
872 894 1043 935 ἐπακτὸν
1075 896 1119 936 ἐν
1149 898 1243 951 Ύῖῷ.

200 1022 311 1066 Οὐδὲ
350 1025 427 1082 Γόρ
466 1027 488 1069 ὁ
527 1027 677 1084 Πατήρ
716 1030 849 1087 κρίνει
886 1032 1054 1085 οὐδένα,
1093 1034 1204 1076 ἀλλὰ
1243 1035 1318 1077 τὴν
1359 1037 1492 1094 κρίσιν
1531 1041 1671 1081 Πᾱοαν
1749 1059 1795 1084 22

92 1116 114 1152 5
729 1124 894 1167 δέδωκε
933 1129 995 1181 τῷ
1031 1126 1130 1182 Υἰῴ.

1747 1205 1769 1231 ο

199 1229 501 1285 ’ΈΤΕΡΟΝ
534 1236 742 1304 εἷο-φερει
779 1244 979 1305 πρᾶγμα
1018 1243 1272 1309 θεοπρεπες
1307 1266 1357 1295 τε
1392 1246 1468 1296 καὶ
1503 1245 1729 1314 ἐξαίσιον,

133 1311 209 1363 διὰ
242 1319 444 1366 πολλῶν
469 1318 786 1371 ἀναπειηθων
762 1343 833 1371 οτι
865 1321 987 1376 Θεός
1022 1325 1126 1375 ε”στι
1162 1324 1283 1376 κατὰ
1319 1326 1470 1394 φύσιν
1497 1350 1572 1378 και
1602 1330 1723 1393 ἀλη-

132 1398 285 1449 θινῶς.
342 1399 431 1448 τίνι
464 1397 558 1466 γὰρ
595 1399 652 1452 ἂν
687 1404 763 1453 καὶ
796 1403 936 1474 ἑτέρω
971 1428 1142 1471 πρεποι
1178 1406 1232 1457 τὸ
1269 1413 1419 1474 κρῖναι
1451 1409 1537 1473 τὴν
1570 1414 1723 1462 οἰκου-

130 1500 290 1542 μενην,
334 1483 370 1529 εἰ
411 1479 476 1545 μὴ
516 1480 647 1552 μόνω
691 1487 757 1534 τῶ
805 1487 879 1536 ἐπὶ
925 1485 1107 1541 πάντας
1151 1488 1249 1540 ὄντι
1292 1493 1414 1559 Θεῷ,
1457 1489 1511 1542 ὃν
1551 1491 1608 1556 δὴ
1654 1494 1729 1543 καὶ

62 1579 111 1604 10
129 1582 248 1625 προς
286 1567 425 1613 τοῦτο
464 1570 698 1616 καλοῦσιν
737 1570 784 1617 αἱ
822 1570 938 1618 θεῖαι
980 1570 1212 1635 λεγουσαι
1250 1575 1445 1641 γραφαὶ,
1485 1573 1599 1624 ποτὲ
1640 1598 1726 1638 μεν

131 1648 158 1670 “
176 1641 395 1694 Ἀνάστα
443 1646 468 1695 ὁ
515 1645 650 1710 Θεος,
695 1653 853 1715 κρῖνον
896 1651 982 1714 τὴν
1025 1654 1147 1717 γῆν)
1223 1653 1336 1705 ποτὲ
1380 1656 1428 1705 δέ
1474 1656 1532 1705 αὐ
1578 1655 1726 1707 παλιν
1789 1659 1843 1690 Ps.

1788 1703 1891 1733 lxxxi.
1906 1703 1934 1734 8.

130 1724 186 1753 ‘⁶
183 1722 335 1775 Ότι
317 1748 341 1776 ο
369 1726 492 1780 Θεὸς
516 1729 676 1795 κριτής
702 1731 820 1794 ἐστι,
840 1738 1008 1784 τοῦτον
1033 1741 1248 1786 ταπεινοῖ
1269 1759 1344 1787 και
1372 1742 1539 1788 τοῦτον
1566 1739 1721 1807 ὑψοῖῩ
1788 1746 1950 1777 Ib.lxxiv.

128 1804 351 1858 δεδόσθαι
389 1808 539 1874 γεμὴν
578 1835 647 1872 την
689 1814 823 1881 κρίσιν
862 1814 1011 1884 ἑαυτῷ
1051 1822 1175 1883 φησι
1212 1817 1343 1884 παρὰ
1383 1824 1467 1869 τοῦ
1508 1819 1719 1886 Πατρός,
1787 1790 1817 1821 8.

128 1888 216 1956 οὐχ
259 1891 321 1942 ὡς
366 1889 457 1958 ἔξω
502 1894 584 1956 τῆς
635 1893 711 1944 ἐπὶ
762 1894 913 1945 τούτω
966 1897 1172 1960 κείμενος
1224 1899 1458 1968 ἐξουσίας,
1502 1902 1612 1952 ἀλλ’
1661 1906 1770 1957 <ind

60 1983 106 2021 Ι5
127 1968 375 2037 ἄνθρωπος
414 1976 728 2039 οἰκονομικῶς,
767 1979 1160 2047 πρεπωδεστερον
1199 1983 1473 2034 ἀνακεῖσθαι
1517 1987 1575 2052 τῇ
1622 1986 1724 2036 θεία

1700 2066 1720 2075 Α

125 2052 271 2121 φύσει
308 2053 369 2105 τὰ
405 2078 562 2107 παντα
600 2057 912 2123 διδασκων,
885 2069 938 2125 ῆς
978 2064 1053 2113 καὶ
1093 2063 1232 2118 αὐτὸς
1271 2064 1385 2116 εἵσω
1423 2066 1654 2131 βεβηκὼς,
1693 2073 1722 2135 ῂ

123 2158 210 2198 μεν
252 2137 356 2187 ἐστι
401 2136 561 2204 Λόγος
611 2142 686 2191 καὶ
737 2141 874 2201 Θεὸς,
921 2143 1101 2196 οἴκοθεν
1146 2145 1238 2214 ἔχει
1290 2146 1376 2211 τὴν
1420 2149 1494 2215 ἐφ’
1539 2148 1722 2200 ἅπασιν

124 2217 362 2286 ἐξουσίαν·
405 2218 435 2288 ᾗ
472 2220 521 2271 δὲ
556 2221 748 2288 γε’γονεν
773 2224 1037 2290 ἅνθρωπος,
1064 2227 1183 2294 πρὸς
1209 2227 1263 2279 ὃν
1289 2229 1468 2296 εἴρηταί
1488 2254 1582 2282 που
1608 2240 1634 2261 “
1660 2233 1726 2283 Τι’
1787 2233 1886 2315 ξοοΓ·
1901 2234 1944 2265 iv.

124 2305 152 2329 “
177 2298 270 2367 γὰρ
296 2300 414 2369 ε”χεις
441 2300 466 2353 ὃ
492 2303 574 2354 οὐκ
602 2301 813 2369 ἐ’λαβες,”
842 2307 1055 2375 δεδέχθαι
1081 2310 1358 2376 πρεπόντως
1383 2313 1624 2379 ὁμολογεῖ.

55 2398 105 2424 20
200 2382 331 2449 Πρὸς
357 2382 414 2448 δὴ
440 2391 590 2436 ταῦτα
613 2385 762 2439 πάλιν
781 2389 876 2454 ε’ρεΐ
896 2412 965 2444 τις
990 2392 1136 2459 τυχὸν
1161 2397 1256 2444 τῶν
1283 2395 1338 2445 δι’
1362 2396 1572 2450 ἐναντίας
1595 2396 1719 2448 Ἰδοὺ

121 2463 374 2532 διαῤῥήδην
424 2467 450 2517 ὁ
501 2467 616 2522 Υἱὸς
672 2468 742 2530 τὴν
801 2473 936 2542 κρίσιν
995 2474 1209 2542 δεδέχθαι
1266 2479 1390 2544 φησὶ
1449 2477 1580 2544 παρὰ
1634 2485 1718 2530 τοῦ

125 2545 334 2613 Πατρός.
386 2549 623 2612 λαμβάνει
661 2550 710 2602 δὲ
749 2553 812 2606 ὡς
850 2553 934 2604 οὐκ
972 2554 1094 2622 ἔχων
1128 2557 1326 2623 δηλαδή.
1381 2563 1481 2613 πῶς
1520 2561 1602 2611 οὖν
1632 2563 1756 2614 οὑκο

121 2625 179 2678 ἂν
204 2628 272 2692 εἴη
305 2628 472 2695 μείζων
503 2633 578 2682 καὶ
612 2635 1061 2704 μεγαλοφυέστερος
1098 2640 1123 2689 ὁ
1159 2639 1312 2694 διδοὺς
1346 2641 1444 2704 μετ’
1471 2641 1712 2710 ἐξουσίας,

121 2714 204 2761 τοῦ
231 2710 448 2774 δεομένου
474 2719 671 2778 λαβεῖνς

171 2832 202 2856 2.
228 2821 272 2857 ὡς
297 2829 520 2868 assumptum
546 2837 587 2859 ex
614 2826 656 2860 B.
730 2829 765 2862 ἐκ
791 2835 825 2863 et
850 2829 868 2873 ἢ
895 2841 965 2865 om.
992 2831 1033 2865 Β.
1060 2832 1235 2878 cf.sup1a
1258 2845 1319 2868 112
1348 2835 1383 2869 in
1409 2836 1562 2880 capitum
1589 2837 1714 2873 indice.

122 2878 155 2913 3.
182 2870 228 2914 τῷ
248 2880 310 2913 pro
328 2869 363 2903 ἐν
383 2870 423 2903 Β.
569 2884 602 2917 9.
628 2875 731 2917 μόνον
748 2887 778 2910 a,
796 2878 887 2922 μόνῳ
905 2876 1011 2912 habet
1030 2878 1137 2913 Cord.
1279 2892 1332 2915 11.
1359 2883 1479 2926 κρίνων
1497 2883 1538 2918 Β.
1561 2884 1633 2929 (67.
1651 2885 1693 2920 al.
1699 2885 1711 2929 )

126 2925 179 2948 12.
206 2916 282 2950 ἐστι
298 2927 368 2950 om.
390 2916 431 2950 Β.
602 2930 657 2955 20.
684 2923 788 2957 ταῦτα
807 2923 875 2968 ερεῖ
893 2938 943 2959 τις
962 2927 1065 2959 ταῦτα
1082 2927 1185 2960 παλιν
1203 2929 1307 2972 τυχὸν
1327 2928 1368 2963 Β.
1542 2942 1596 2965 21.
1623 2932 1713 2976 φησι

122 2960 304 3008 δεδέχθαι
297 2974 355 2998 mv
358 2974 434 2998 91·εο
453 2963 574 3000 ordine
593 2965 635 3001 B.
783 2980 837 3004 22.
863 2969 921 3004 οὐν
938 2982 1008 3005 om.
1030 2971 1071 3007 B.

855 3038 976 3068 Uuz
