2084 3317
349 163 432 201 448
751 164 798 203 B.
834 164 1110 205 CYRILLI
1155 164 1532 205 ALEXANDR.
1792 164 1845 204 vi.
1869 174 1933 216 27.

351 269 377 334 ἢ
414 269 506 336 γὰρ
543 272 644 339 οὐχὶ
680 277 774 326 τοῖς
810 278 1034 339 γενητοῖς,
1062 273 1114 324 τὸ
1151 275 1198 323 ἐκ
1237 276 1482 340 προσοχῆς
1517 276 1591 324 καὶ
1630 272 1936 339 γρηγόρσεως

126 363 213 398 305
228 362 279 397 Α-
310 352 526 406 αάπαθές
567 358 641 404 καὶ
681 356 1037 420 ἀπαραποίητον
1077 360 1266 417 μᾶλλον
1306 353 1362 405 ἂν
1401 355 1558 423 πρέπῃ
1595 354 1869 420 προσάγειν,
1906 353 1934 418 ἢ

349 438 415 503 τῷ
441 436 540 486 κατ’
563 436 731 487 οὐσίαν
752 440 860 505 Θεῷ
887 440 1103 504 φυσικῶς
1129 437 1283 504 ε”χοντι
1309 436 1363 487 τὸ
1390 437 1454 500 μὴ
1482 437 1712 488 δύνασθαι
1738 440 1929 498 παθεῖν;

349 516 460 566 ἀλλ’
490 516 593 567 ἔστι
619 520 780 581 δῆλον,
805 516 892 568 κᾶν
917 519 1077 568 ἐκεῖνοι
1112 516 1177 581 μὴ
1213 517 1410 584 λέγωσι.
1465 519 1534 572 τίς
1561 519 1642 569 οῦν
1667 518 1731 569 ε”τι
1758 519 1936 568 τούτων

125 613 225 664 Es...
350 598 623 665 ληρούντων
649 598 873 668 ἀνέξεται,
900 598 929 664 ἢ
963 604 1065 653 πῶς
1100 601 1182 650 οὐκ
1219 598 1427 665 εὐλόγως
1454 600 1736 651 ἀκούσονται
1763 607 1789 629 “
1811 600 1935 650 Οὐαὶ
1955 614 1977 654 5

124 665 278 689 xmus,
350 686 376 710 ‘⁶
403 682 446 730 οἳ
467 680 714 744 μεθύοντες
741 681 850 733 ἄνευ
877 681 1001 732 οἴνου
1017 681 1061 744 ;”

421 762 564 814 Ἀλλ’
606 762 722 817 ἴσως
766 763 1198 828 δυσωπηθήσονται
1236 763 1321 826 μὲν
1359 763 1443 818 τὰς
1488 765 1537 814 ἐκ
1582 768 1676 814 τῶν
1714 763 1936 815 τοιούτων

347 850 701 911 συλλογισμῶν
726 846 936 909 ἀτοπίας,
965 845 1033 897 ἐπ’
1062 848 1205 897 ἐκεῖνο
1232 845 1280 897 δὲ
1303 849 1590 908 βαδιοῦνται,
1618 848 1693 897 καὶ
1725 868 1931 896 κατασε-

349 926 589 992 σημάνθαι
620 926 704 992 μὲν
729 927 860 995 παρὰ
897 933 979 979 τοῦ
1008 928 1200 995 Πατρὸς
1235 932 1298 981 εἷς
1334 928 1562 991 ὁμοίωσιν
1588 927 1936 994 ἀκριβεστάτην

349 1012 510 1077 ἐροῦσι
537 1010 619 1062 τὸν
646 1010 776 1073 Υὶὸν,
801 1013 850 1061 ἐν
875 1011 1091 1080 ἀτρέπτῳ
1119 1011 1162 1060 δ’
1191 1011 1273 1061 οῦν
1300 1009 1426 1074 ὅμως
1451 1007 1566 1061 εἶναι
1592 1014 1649 1078 τῇ
1676 1009 1832 1079 φύσει,
1861 1010 1935 1062 καὶ
1960 1029 2007 1056 10

303 1095 330 1136 b
349 1097 385 1144 εἰ
411 1092 476 1158 μὴ
502 1094 632 1144 ε”στιν
659 1095 709 1144 ἐκ
737 1091 941 1159 Πατρός.

424 1174 542 1228 Εἶτα
568 1181 668 1230 πῶς
694 1175 796 1227 εἶπέ
814 1199 892 1238 μοι
919 1175 973 1226 τὸ
999 1173 1064 1239 μὴ
1094 1177 1143 1226 ἐκ
1171 1178 1296 1226 Θεοῦ
1322 1174 1442 1226 κατὰ
1469 1175 1632 1243 φύσιν,
1661 1174 1855 1242 φορέσει
1881 1173 1935 1225 τὸ

346 1258 463 1310 ἰ’διον
494 1259 649 1321 αὐτοῦ,
676 1260 751 1309 καὶ
787 1262 881 1308 τῶν
912 1260 994 1321 τῆς
1031 1257 1153 1311 θείας
1194 1258 1359 1311 οὐσίας
1397 1256 1821 1320 πλεονεκτημάτων
1854 1257 1936 1307 οὐκ

346 1344 570 1408 ἀμοιροῦν
605 1342 846 1394 οὐσιωδῶς
884 1339 1197 1407 εὑρεθήσεται,
1231 1337 1286 1390 τὸ
1325 1339 1390 1404 μὴ
1428 1339 1485 1408 ἐξ
1521 1340 1662 1403 αὐτῆς
1699 1339 1937 1405 προελθὸν

346 1423 464 1475 κατὰ
504 1423 586 1474 τὸν
622 1425 778 1488 ἀληθῆ
817 1425 900 1486 τῆς
938 1421 1204 1487 γεννήσεως
1243 1420 1451 1489 τρόπον,
1502 1421 1604 1472 ἔστι
1643 1420 1753 1487 γὰρ,
1785 1418 1931 1486 οἶμαι,
1959 1447 2005 1486 15

345 1508 493 1558 παντί
523 1530 588 1576 τῳ
624 1504 780 1575 σαφὲς
807 1507 882 1555 καὶ
910 1503 1306 1570 ὁμολογούμενον,
1334 1506 1396 1558 ὡς
1422 1503 1580 1565 ἄβατα
1605 1508 1851 1557 παντελῶς
1876 1503 1936 1555 τὰ

344 1593 428 1654 τῆς
479 1589 698 1654 θεότητος
749 1588 842 1638 ἰ’δια
892 1591 951 1655 τῇ
1001 1586 1290 1654 πεποιημένῃ
1342 1585 1507 1648 κτίσει,
1553 1588 1627 1637 καὶ
1679 1586 1737 1637 τὰ
1789 1587 1936 1654 ἐκείνῃ

344 1671 591 1739 προσόντα
634 1675 848 1741 φυσικῶς
896 1670 978 1721 οὐκ
1020 1668 1077 1719 ἂν
1119 1667 1300 1734 γένοιτό
1344 1691 1461 1720 ποτε
1504 1670 1613 1735 παρ’
1658 1669 1799 1739 ἑτέρῳ
1842 1671 1938 1721 τῶν

345 1754 495 1805 ὅντων
534 1754 636 1817 τινὶ,
675 1751 795 1804 κατὰ
841 1751 923 1803 τὸν
962 1752 1070 1802 ἴσον
1108 1774 1156 1802 τε
1205 1753 1279 1802 καὶ
1326 1751 1700 1818 ἀπαράλλακτον
1739 1751 1932 1818 τρόπον·

306 1837 443 1888 0οἷον
480 1836 535 1888 τὸ
577 1836 810 1902 ἄτρεπτον
849 1836 896 1885 ἐν
935 1838 1044 1904 Θεῷ
1089 1838 1318 1902 φυσικῶς,
1358 1835 1480 1885 οὕτω
1526 1833 1575 1885 δὲ
1621 1835 1696 1885 καὶ
1740 1835 1789 1885 ἐν
1827 1834 1936 1898 ἡμῖν
1957 1859 2006 1884 20

344 1921 572 1983 οὐδαμῶς,
608 1917 855 1986 ἀσφάλεια
894 1916 949 1967 δέ
981 1940 1050 1971 τις
1088 1918 1209 1980 ἡμᾶς
1249 1918 1311 1970 ὡς
1348 1916 1467 1983 πρὸς
1506 1916 1620 1968 αὐτὸ
1659 1917 1936 1984 σχηματίζει

343 2002 419 2054 διὰ
453 2003 701 2069 προσοχῆς
737 2002 813 2051 καὶ
853 1997 1055 2068 νήψεως,
1090 2000 1162 2067 ἐφ’
1192 1998 1220 2049 ἃ
1258 1997 1324 2062 μὴ
1358 2002 1602 2065 προσῆκεν
1633 2000 1716 2050 οὐκ
1753 1999 1932 2066 ἐπιτρέ-

341 2108 504 2137 πουσα
538 2083 797 2151 προχείρως
831 2080 1246 2148 μεταβιβάζεσθαι.
1300 2085 1337 2131 εἰ
1374 2081 1422 2132 δὲ
1458 2081 1583 2134 ὅλως
1623 2081 1858 2149 ἐνδέχεταί
1891 2104 1936 2132 τι

342 2168 441 2218 κατ’
472 2167 669 2219 ἐκείνους
703 2169 797 2215 τῶν
823 2168 990 2215 θεϊκῶν
1017 2162 1281 2227 ἰδιωμάτων
1309 2162 1583 2231 ἐνυπάρχειν
1609 2166 1698 2215 τινὶ
1732 2168 1827 2215 τῶν
1852 2164 1936 2215 οῦκ

341 2250 398 2319 ἐξ
421 2250 561 2314 αὐτῆς
590 2248 688 2299 κατ’
718 2247 885 2298 οὐσίαν
913 2247 986 2296 καὶ
1014 2247 1160 2299 οὕτως
1191 2245 1438 2315 ἐνυπάρξει
1478 2246 1690 2313 καθάπερ
1723 2246 1862 2314 αὐτῇ,
1893 2245 1941 2296 τί
1954 2268 2002 2306 25

340 2332 394 2383 τὸ
430 2330 616 2383 κωλύον
647 2330 752 2381 εἶπέ
780 2351 873 2394 μοι,
902 2331 978 2379 καὶ
1015 2327 1172 2380 πάντα
1213 2327 1382 2380 λοιπὸν
1418 2328 1477 2379 τὰ
1516 2331 1753 2395 θεοπρεπῆ
1793 2351 1935 2379 κατα-

340 2419 509 2482 χωρεῖν
546 2413 650 2478 ἤδη,
686 2415 762 2463 καὶ
800 2413 847 2463 ἐν
882 2415 977 2465 τοῖς
1017 2409 1082 2474 μὴ
1122 2410 1391 2479 ὑπάρχουσι
1430 2411 1550 2462 κατὰ
1589 2411 1740 2480 φύσιν
1773 2414 1930 2472 θεοῖς;

341 2496 443 2551 ἑνὸς
492 2495 586 2563 γὰρ
638 2495 763 2549 ὅλως
811 2493 1144 2547 ἀδιακωλύτως
1196 2492 1517 2560 χωρήσαντος,
1567 2498 1651 2545 τοῦ
1701 2492 1936 2560 ἀτρέπτου

295 2590 321 2631 d
343 2580 479 2646 φημὶ,
506 2579 653 2630 τόπον
678 2578 770 2646 ἕξει
797 2578 873 2628 καὶ
897 2574 956 2627 τὰ
982 2575 1144 2628 λοιπά·
1191 2578 1267 2626 καὶ
1302 2575 1350 2627 τί
1380 2575 1434 2627 τὸ
1470 2578 1711 2638 ἐντεῦθεν;
1755 2573 1929 2641 συγκέ-

340 2684 478 2729 χυται
505 2660 558 2712 τὸ
584 2665 680 2713 πᾶν
705 2661 828 2724 ἡμῖν.
881 2657 908 2724 ἢ
943 2657 1037 2725 γὰρ
1072 2659 1175 2725 οὐχὶ
1211 2657 1268 2708 τὰ
1304 2658 1389 2723 μὲν
1415 2658 1512 2710 ἄνω
1548 2657 1757 2726 χωρήσει
1783 2656 1929 2719 κάτω,
1952 2683 2004 2720 30

341 2742 636 2808 ἀναβήσεται
662 2742 710 2794 δὲ
736 2741 856 2810 πρὸς
881 2741 965 2793 τὸν
990 2740 1087 2792 ἀνω
1113 2740 1261 2791 τόπον
1286 2739 1346 2791 τὰ
1373 2740 1498 2792 κάτω
1521 2763 1534 2804 ;
1578 2741 1627 2793 τί
1657 2738 1751 2807 γὰρ
1786 2738 1842 2805 δὴ
1878 2737 1933 2791 τὸ

390 2894 420 2918 1.
437 2885 588 2929 γενητοῖς
610 2883 654 2918 D.
671 2884 842 2936 γεννητοῖς
860 2880 928 2916 Ed.
977 2881 1016 2915 τὸ
1034 2879 1070 2914 ἐκ
1087 2881 1265 2925 προσοχῆς
1283 2887 1465 2925 assumpta
1482 2891 1523 2914 ex
1540 2879 1581 2913 Β.
1634 2879 1760 2913 Statim
1779 2878 1832 2912 καὶ
1849 2891 1932 2922 γρη·

339 2931 494 2975 γόρσεως
512 2932 609 2975 prius
628 2942 801 2964 omlssum
819 2930 944 2963 lacuna
961 2928 1053 2962 facta
1071 2929 1212 2972 supplet
1233 2928 1264 2961 l)
1284 2940 1355 2972 mg.
1422 2928 1660 2972 ἐγρηγόρσεως
1682 2925 1722 2960 Β.
1823 2935 1877 2958 20.
1897 2924 1933 2958 ἐν

340 2978 399 3011 alt.
417 2989 483 3011 ass
503 2989 542 3010 ex
566 2977 606 3011 B.
707 2988 760 3019 25.
790 2976 968 3021 ἐνυπάρχει
991 2975 1031 3009 Β.
1133 2974 1186 3008 26.
1214 2976 1334 3008 λοιπὸν
1353 2974 1391 3008 τὰ
1411 2974 1581 3017 θεοπρεπῆ
1601 2973 1667 3006 hoc
1686 2971 1805 3005 ordine
1828 2971 1867 3005 B.
