2084 3317
127 155 168 198 ii.
196 167 344 212 17—19.
396 157 470 198 IN
512 157 555 198 S.
589 154 926 197 JOANNEM.
990 152 1114 193 LIB.
1149 151 1209 191 ΙΙ.
1272 149 1405 189 CAP.
1440 148 1476 188 Ι.
1638 145 1722 184 209

123 299 427 350 ἘμνιῖισΘΗσαν
465 301 503 344 οἷ
541 302 727 351 μαθΗταὶ
765 301 894 342 αὐτοῦ
933 301 997 342 ὅτι
1036 297 1324 355 τετραμμένον
1363 292 1476 336 ἐστίν
1503 292 1558 333 ‘O
1597 292 1719 347 ζῆλος
1744 299 1786 337 17

532 388 606 427 τοῦ
645 382 766 427 οἷ’κου
804 399 878 427 σου
918 381 1213 438 καταφάι-εταί
1250 395 1315 429 με.

203 509 526 576 Ἐρανίζὸνται
553 511 673 562 κατὰ
698 510 857 578 βραχὺ
882 508 937 561 τὸ
962 511 1010 560 ἐν
1036 508 1212 575 γνώσει
1238 506 1419 557 τέλειον
1445 507 1487 554 οἱ
1513 502 1721 565 μαθηταὶ

128 593 218 653 καὶ,
244 596 345 645 ταῖς
371 597 466 644 τῶν
491 593 788 659 πραγμάτων
814 591 1046 653 ἐκβάσεσι
1071 588 1130 640 τὰ
1156 586 1461 655 γεγραμμένα
1487 582 1719 644 συμβάλ-

87 690 109 728 5
129 680 307 738 λοντες,
333 673 526 739 πολλὴν
553 677 640 741 ἤδη
668 676 932 726 δεικνύουσι
958 673 1043 738 τὴν
1069 675 1143 724 ἐπὶ
1170 670 1224 722 τὸ
1251 670 1404 736 μεῖζον
1430 669 1657 720 ἐπίδοσιν.

364 842 414 883 Τί
452 840 626 891 σΗμεῖον
666 842 873 884 δεικνύεις
912 838 1008 889 ἡμῖν
1047 841 1111 882 ὅτι
1149 842 1282 880 ταῦτα
1321 833 1484 887 Ποιεῖε;
1746 843 1790 877 18

207 971 606 1037 Καταπλήττεται
645 976 728 1036 τῆς
766 973 986 1041 ἐξουσίας
1024 971 1077 1021 τὸ
1117 970 1253 1039 ξένον
1292 970 1319 1032 ἡ
1359 972 1454 1018 τῶν
1485 965 1724 1016 Ἰουδαίων

128 1053 329 1118 πληθὺς,
377 1057 679 1123 δυσφοροῦσι
726 1054 775 1106 δὲ
821 1056 930 1105 λίαν
975 1058 1017 1105 οἱ
1057 1055 1123 1122 τῷ
1168 1055 1264 1120 ναῷ
1305 1047 1722 1116 προσεδρεύοντες,

129 1140 307 1203 κερδῶν
352 1139 435 1188 οὐκ
486 1137 810 1205 εῦαριθμήτων
853 1136 1271 1203 ἀποστερούμενοι.
1347 1135 1422 1183 καὶ
1469 1131 1726 1197 διελέγχειν

62 1244 111 1269 10
129 1218 214 1283 μὲν
252 1221 336 1270 οὐκ
374 1219 580 1288 ἔχουσιν,
620 1222 682 1274 ὡς
725 1220 808 1271 οὐκ
854 1219 1030 1287 ἄριστα
1072 1218 1219 1283 λέγοι,
1259 1215 1324 1281 μὴ
1366 1219 1460 1267 δεῖν
1500 1214 1726 1279 ἐμπορίας

130 1299 258 1352 οἷκον
295 1300 377 1352 τὸν
411 1306 535 1353 θεῖον
571 1303 933 1353 ἁναδείκνυσθαι
972 1301 1084 1352 ναὸν
1120 1298 1396 1351 ἐπιτάττων·
1454 1295 1726 1363 ὑπερθέσεις

129 1382 179 1433 δὲ
222 1381 371 1434 πάλιν
408 1388 467 1452 τῇ
515 1388 610 1435 τῶν
648 1382 868 1450 ἐμπόρων
916 1388 1049 1452 φυγῇ
1094 1380 1522 1449 πραγματεύονται,
1562 1377 1616 1429 τὸ
1661 1377 1766 1442 μὴει
1809 1395 1882 1428 141
1901 1393 1947 1427 A.

129 1466 391 1534 προχείρως
422 1469 591 1534 χρῆναι
627 1466 827 1518 ὑπείκειν
864 1466 990 1535 αὐτῷ
1027 1463 1445 1532 προφασιζόμενοι,
1481 1461 1595 1526 μήτε
1635 1459 1728 1524 μὴν

130 1547 488 1614 ἀπερισκέπτως
532 1553 594 1602 εἷς
639 1547 759 1599 Υἱὸν
801 1546 1165 1616 παραδέξασθαι
1216 1551 1299 1597 τοῦ
1345 1549 1470 1596 Θεοῦ
1521 1543 1604 1595 τὸν
1649 1544 1724 1593 ὑπ’

63 1649 110 1688 15
131 1630 316 1685 οὐδενὸς
353 1631 551 1696 σημείου
589 1629 984 1696 μαρτυρούμενον.

619 1790 780 1830 Λύσατε
817 1787 890 1830 τὸν
931 1788 1031 1831 ναὸν
1070 1790 1236 1829 τοῦτον.
1751 1807 1796 1841 19

205 1921 320 1971 Τοῖς
346 1918 402 1986 ἐξ
430 1919 611 1983 ἀγαθῆς
645 1916 961 1983 προαιρέσεως
1001 1921 1187 1967 αἰτοῦσι
1221 1915 1279 1966 τὰ
1314 1914 1473 1981 ἀγαθὰ
1506 1916 1582 1964 καὶ
1617 1914 1727 1964 λίαν

131 2000 325 2063 ἑτοίμως
363 1999 514 2066 ὀρέγει
553 1998 690 2053 &⁶69-
749 2004 844 2053 τοῖς
884 1998 933 2049 δὲ
974 2003 1233 2064 προσιοῦσι
1271 2001 1600 2062 πειραστικῶς,
1640 1997 1771 2062 οὐχι)

131 2081 259 2135 ὅπως
304 2083 510 2148 ἀρνεῖται
554 2081 700 2146 μόνον
744 2081 830 2145 τὴν
874 2079 946 2150 ἐφ’
994 2080 1062 2134 οἷς
1105 2079 1164 2130 ἂν
1210 2084 1379 2131 αἰτῶσι
1425 2079 1721 2149 φιλοτιμίαν,

63 2191 112 2217 20
132 2163 263 2214 ἀλλά
306 2166 381 2215 καὶ
426 2163 481 2215 τὸ
532 2166 615 2227 τῆς
664 2164 891 2229 πονηρίας
936 2163 1154 2228 ε”γκλημα
1201 2163 1515 2229 περιτίθησιν.
1579 2162 1726 2214 οὕτως

132 2249 380 2299 αἰτοῦντας
417 2250 615 2310 σημεῖον
641 2245 748 2299 τοὺς
784 2246 1077 2312 Φαρισαίους
1111 2249 1159 2296 ἐν
1192 2244 1362 2311 ἑτέροις
1399 2248 1494 2294 τῶν
1521 2244 1719 2308 εὐαγγε-

132 2327 250 2378 λίων
288 2326 449 2382 τόποις
488 2327 694 2397 ἤλεγξεν
732 2326 876 2379 εἰπὼν
915 2328 939 2378 ὀ
981 2326 1150 2392 Σωτήρ
1189 2335 1216 2356 “
1237 2325 1382 2378 Γενεὰ
1421 2325 1606 2391 πονηρὰ
1649 2326 1723 2374 καὶ
1788 2337 1952 2387 &Matth-

132 2415 160 2439 ‘⁶
184 2412 406 2478 μοιχαλὶς
432 2415 630 2475 σημεῖον
655 2408 869 2476 ἐπιζητεῖ,
896 2413 972 2460 καὶ
1004 2414 1202 2473 σημεῖον
1229 2410 1282 2459 οὐ
1317 2408 1571 2472 δοθήσεται
1607 2408 1724 2474 αὐτῇ
1786 2392 1842 2463 Ῐὲ
1863 2391 1913 2421 39⁵

132 2498 160 2521 “
185 2496 223 2542 εἰ
267 2491 332 2557 μὴ
374 2490 428 2543 τὸ
469 2497 667 2557 σημεῖον
707 2494 845 2543 Ἰωνᾶ
885 2498 968 2543 τοῦ
1008 2493 1272 2561 προφήτου·
1329 2489 1491 2556 ὥσπερ
1535 2488 1627 2555 γὰρ
1669 2488 1726 2553 ἧν

184 2648 215 2670 Ι.
222 2635 500 2695 Ἐμνήσθησαν]
525 2641 561 2678 -1-
583 2637 619 2671 δέ
638 2636 705 2671 Ed.
722 2637 834 2671 invito
853 2637 896 2671 B.
1001 2647 1032 2671 2.
1057 2635 1115 2682 με]
1140 2640 1177 2677 -Ι-
1198 2635 1429 2680 ἀπεκρίθησαν
1447 2633 1505 2668 οῦν
1522 2635 1552 2667 οἱ
1568 2633 1726 2667 Ἰουδαῖοι

133 2696 187 2717 και
204 2681 300 2717 εἶπον
315 2684 404 2729 αὐτῷ
424 2683 492 2718 Ed.
510 2683 620 2718 invito
640 2684 682 2718 B.
885 2692 966 2729 3-5.
994 2683 1074 2717 Hoc
1092 2683 1249 2717 scholion
1269 2682 1434 2716 exhibent
1454 2681 1496 2721 I.,
1515 2686 1725 2726 catenaeque

134 2736 278 2764 ceterae.
540 2730 573 2765 6.
598 2732 706 2766 ποιεῖς
716 2729 744 2776 ς]
769 2734 806 2770 -1-
827 2729 1014 2775 ἆπεκρίθη’
1019 2732 1140 2774 Ιησοῦς
1158 2744 1210 2763 και
1228 2726 1319 2762 εἶπεν
1335 2728 1448 2763 αὐτοῖς
1467 2727 1533 2761 Ed.
1552 2727 1662 2761 invito
1683 2727 1724 2761 B.

133 2788 168 2821 9.
194 2776 382 2821 εὐαρίθμων
401 2776 444 2810 Β.
461 2776 580 2811 invitis
599 2777 628 2811 I.
631 2789 662 2811 a.
683 2777 789 2811 Cord.
983 2788 1036 2811 10.
1043 2776 1159 2834 λέγοι
1180 2776 1221 2809 Β.
1228 2775 1255 2809 Ι.
1259 2787 1290 2809 a.
1310 2774 1416 2809 Cord.
1435 2774 1529 2820 λέγει
1548 2773 1615 2808 Ed.
1679 2776 1725 2818 μὴ

134 2823 204 2857 δεῖν
224 2823 251 2857 Ι.
272 2823 339 2857 Ed.
355 2823 459 2867 μηδεν
477 2823 519 2856 Β.
538 2823 613 2866 μηδ’
634 2823 741 2858 Cord.
878 2835 931 2858 12.
957 2822 1051 2868 τῇ]’
1036 2839 1055 2867 η
1076 2824 1118 2857 Β.
1135 2822 1253 2857 invitis
1272 2821 1426 2856 Catenis.
1565 2832 1615 2878 13.
1640 2835 1724 2865 προ-

133 2870 257 2919 χείρως
273 2871 394 2914 χρῆναι
411 2869 477 2903 hoc
496 2869 618 2904 ordine
636 2882 666 2904 a.
669 2870 704 2904 b
725 2870 831 2906 Cord.
848 2870 1038 2915 προχείρως
1055 2870 1141 2915 χρὴν
1160 2869 1189 2903 Ι.
1313 2867 1365 2902 16.
1392 2867 1598 2913 Ἀπεκρίθη
1604 2870 1726 2912 Ιησοῦς

134 2917 189 2950 καὶ
206 2918 298 2950 εἶπεν
314 2917 428 2951 αὐτοῖς
444 2917 633 2960 praemittit
651 2917 785 2962 Migne.
862 2916 999 2962 τοῦτον]
1024 2922 1060 2957 -Ι-
1082 2917 1135 2950 καὶ
1152 2916 1187 2949 ἐν
1205 2917 1317 2959 τρισὶν
1334 2914 1471 2960 ἡμεραῖς
1488 2915 1594 2960 ἐγερῶ
1612 2915 1723 2949 αὐτόν·

135 2960 229 2997 εἶπον
245 2962 303 2997 οὐν
320 2964 351 2996 οἱ
367 2962 523 2997 Ἰουδαῖοι
542 2963 608 2997 Ed.
627 2963 736 2998 invito
755 2964 797 2999 B.

193 3030 285 3057 VOL.
309 3031 336 3057 Ι.
893 3031 916 3057 E
939 3034 959 3058 C
