2084 3317
341 149 423 189 156
741 149 792 190 Β.
826 149 1099 190 CYRILLI
1141 149 1522 191 ALEXANDR.
1814 151 1840 192 i.
1863 152 1927 192 18.

337 258 557 320 σαβαώθ·
600 260 654 310 οὐ
692 258 786 325 γὰρ
825 258 937 311 αὐτὸ
978 259 1075 310 κατ’
1109 261 1277 311 οὐσίαν
1309 262 1440 312 τοῦθ’
1470 261 1585 328 ὅπερ
1623 263 1753 313 ἐστὶν
1784 262 1811 325 ἡ
1846 268 1930 313 τοῦ

340 345 466 392 Θεοῦ
494 340 640 410 φύσις
665 344 916 392 τεθεᾶσθαι
951 340 1328 409 διισχυρίζονται,
1357 342 1488 393 ἀλλὰ
1522 346 1597 394 καὶ
1632 344 1762 394 αὐτοὶ
1797 345 1926 410 διαῤ-

117 428 219 502 ἱΕΖξξ·
338 422 486 490 ῥήδην
506 425 752 483 ἀναβοῶσι
779 423 998 488 λέγοντες
1020 431 1045 453 ‘⁶
1060 425 1192 487 Αὕτη
1220 423 1247 486 ἡ
1275 423 1440 489 ὅρασις
1467 424 1759 488 ὁμοιώματος
1786 425 1928 494 δόξης

131 497 137 502 ”
161 496 173 502 ”
203 497 208 502 ’
300 529 321 555 e
340 512 366 533 “
397 504 612 570 Κυρίου.”
667 505 833 555 οὐκοῦν
860 504 953 555 ἀπὸ
981 509 1074 555 τῶν
1100 504 1207 555 καθ’
1238 505 1357 568 ἡμᾶς
1382 505 1676 572 πραγμάτων
1703 511 1924 572 αἰνιγμα-

337 588 496 639 τωδῶς
532 585 585 636 τὸ
616 589 698 649 τῆς
734 586 858 640 θείας
892 584 1034 655 δόξης
1069 586 1386 637 ἀνεπλάττετο
1421 591 1602 655 σχῆμα,
1629 590 1705 639 καὶ
1736 594 1928 651 μᾶλλον
1948 603 1970 642 5

337 667 561 731 ὁμοίωσις
599 667 669 732 ἦν,
710 670 771 721 ὡς
811 669 860 718 ἐν
896 667 1055 719 πίνακι
1094 667 1311 736 φέρουσα
1349 668 1408 720 τὰ
1447 673 1697 736 θεοπρεπῆ,
1733 673 1815 733 τῆς
1853 672 1928 722 ἐπὶ

336 748 517 802 τούτοις
548 751 770 813 ἀληθείας
805 754 866 803 εἷς
904 748 989 814 τὴν
1017 750 1131 815 ὑπὲρ
1168 756 1277 801 νοῦν
1305 754 1380 801 καὶ
1404 750 1553 816 λόγον
1578 751 1928 816 ἀναβαινούσης

115 839 234 919 ξὲξῖ
338 830 586 898 ὑπεροχήν.
643 831 817 898 ἄριστα
843 831 899 896 δὴ
927 833 1008 883 οὖν
1035 834 1060 883 ὁ
1086 832 1370 900 σοφώτατος
1397 832 1761 899 Εὐαγγελιστής
1786 841 1813 863 “
1834 837 1928 885 Καὶ

338 920 364 942 “
391 913 688 977 ἐθεασάμεθα
715 915 869 981 λέγων
894 914 980 978 τὴν
1004 914 1151 983 δόξαν
1177 916 1332 978 αὐτοῦ,
1360 914 1506 984 δόξαν
1535 917 1595 968 ὡς
1625 919 1928 981 Μονογενοῦς

338 1002 364 1024 “
389 994 520 1059 παρὰ
566 995 768 1061 Πατρός,
813 995 999 1062 πλήρης
1045 996 1235 1064 χάριτος
1281 1000 1356 1048 καὶ
1402 996 1665 1062 ἀληθείας,”
1707 996 1801 1048 ἀπὸ
1845 1001 1927 1062 τῆς
1951 1021 1999 1047 10

336 1076 456 1128 κατὰ
493 1076 685 1129 πάντων
721 1080 953 1146 ὑπεροχῆς
992 1079 1199 1146 εἰσφέρει
1237 1085 1321 1131 τοῦ
1361 1079 1510 1146 λόγου
1546 1078 1632 1143 τὴν
1667 1078 1924 1149 ἀπόδειξιν.

114 1175 188 1213 8³11»
337 1158 479 1226 ὅνπερ
514 1159 605 1227 γὰρ
644 1160 821 1226 τρόπον
850 1169 875 1191 “
897 1160 990 1212 ἀπὸ
1023 1164 1262 1225 καλλονῆς
1295 1161 1568 1225 κτισμάτων
1595 1161 1869 1228 ἀναλόγως”
1899 1163 1927 1226 ἡ

112 1228 262 1299 ἰ315ὒΑ
298 1247 418 1299 ἢτοῦ
470 1241 661 1293 πάντων
706 1248 1041 1309 γενεσιουργοῦ
1092 1247 1330 1309 θεωρεῖται
1381 1243 1586 1306 δύναμις·
1653 1246 1729 1294 καὶ
1776 1250 1803 1273 “
1829 1245 1928 1307 διη-

113 1315 274 1345 PS·⁸‘'¹¹¹'
336 1331 362 1354 ‘⁶
389 1329 581 1389 γοῦνται
619 1323 704 1388 μὲν
743 1324 944 1392 ἀφώνως
983 1327 1025 1376 οἱ
1064 1325 1250 1391 οὐρανοὶ
1290 1324 1436 1394 δόξαν
1472 1329 1610 1389 Θεοῦ,
1645 1327 1840 1391 ποίησιν
1879 1325 1928 1378 δὲ

1530 1407 1540 1423 >

335 1413 360 1435 “
389 1410 556 1473 χειρῶν
608 1407 751 1457 αὐτοῦ
802 1406 1091 1473 ἀναγγέλλει
1140 1406 1194 1457 τὸ
1250 1408 1525 1474 στερέωμα“’
1607 1409 1728 1459 οὕτω
1778 1407 1927 1459 πάλιν
1950 1428 1996 1467 15
2081 1432 2084 1486 i

333 1490 533 1550 ἀμείνων
556 1490 603 1539 ἐν
637 1487 754 1558 δόξῃ
789 1490 863 1540 καὶ
899 1488 1228 1555 λαμπρότερος
1266 1491 1290 1540 ὁ
1330 1488 1608 1554 Μονογενὴς
1643 1489 1921 1558 ἀναδειχθή-

333 1593 482 1633 σεται,
509 1569 594 1635 τὴν
620 1569 719 1633 μὲν,
748 1570 867 1622 ὅσον
893 1571 1004 1636 ἧκεν
1030 1575 1093 1626 εἷς
1124 1573 1381 1641 ὀφθαλμοῦ
1413 1572 1622 1635 δύναμιν,
1649 1572 1924 1641 κατάληψιν

333 1653 616 1715 ἀναβαίνων,
643 1655 704 1706 ὡς
741 1653 876 1716 Θεὸς,
904 1653 986 1723 ἀφ’
1016 1652 1081 1705 ὧν
1116 1653 1164 1704 δὲ
1200 1651 1285 1717 τὴν
1312 1655 1468 1704 κτίσιν
1495 1658 1612 1722 νικᾷ,
1638 1653 1713 1704 διὰ
1747 1654 1927 1705 τούτων

334 1737 395 1788 ὡς
442 1735 667 1802 ὑπάρχων
712 1734 826 1801 ὑπὲρ
870 1735 1028 1799 αὐτὴν,
1070 1735 1316 1800 νοούμενός
1366 1759 1415 1786 τε
1468 1740 1542 1787 καὶ
1596 1735 1922 1805 δοξαζόμενος.

332 1817 507 1881 ταύτην
541 1816 625 1880 μὲν
660 1818 741 1867 οῦν
775 1815 914 1880 οἶμαι,
951 1820 1026 1868 καὶ
1066 1819 1152 1885 οὐχ
1191 1817 1350 1884 ἑτέραν
1390 1817 1473 1882 τὴν
1513 1820 1711 1884 θεωρίαν
1747 1819 1924 1870 ὠδίνειν
1946 1841 1996 1866 20

332 1904 415 1950 τοῦ
441 1900 745 1966 προκειμένου
771 1899 856 1964 τὴν
882 1899 1093 1962 δύναμιν·
1146 1900 1448 1966 ἐπιτηρητέον
1474 1900 1522 1951 δὲ
1557 1898 1718 1962 πάλιν,
1747 1900 1817 1951 ὅτι
1850 1903 1925 1952 καὶ

286 1993 313 2034 b
336 1983 548 2048 Μονογενῆ
575 1983 681 2033 Θεὶν
708 1983 944 2033 ἀποκαλεῖ
969 1981 1050 2033 τὸν
1075 1981 1205 2044 Υὶὸν,
1233 1984 1309 2032 καὶ
1343 1984 1391 2032 ἐν
1421 1984 1615 2036 κόλποις
1651 1980 1770 2033 εἶναι’
1801 1988 1925 2050 φησι

333 2066 405 2114 τοῦ
439 2064 627 2132 Πατρὶς,
664 2065 740 2114 ἵνα
778 2065 1000 2132 φαίνηται
1040 2064 1190 2116 πάλιν
1223 2066 1306 2128 τῆς
1344 2063 1462 2130 πρὸς
1501 2064 1587 2128 τὴν
1625 2066 1778 2116 κτίσιν
1813 2066 1925 2128 ὀμο-

332 2145 471 2213 φυΐας
510 2146 601 2214 ἔξω
643 2146 858 2209 κείμενος,
893 2149 969 2197 καὶ
1005 2145 1274 2213 ἰδιάζουσαν
1308 2146 1428 2214 ε”χων
1461 2148 1509 2197 ἐκ
1542 2147 1732 2213 Πατρὸς
1767 2150 1842 2198 καὶ
1876 2149 1925 2198 ἐν

333 2230 487 2294 Πατρὶ
514 2227 599 2290 τὴν
627 2228 843 2297 ὕπαρξιν.
900 2233 937 2279 εἰ
973 2228 1068 2294 γὰρ
1103 2228 1248 2283 ὅντως
1276 2232 1384 2283 Θεός
1413 2230 1517 2280 ἐστι
1545 2228 1795 2295 Μονογενῆς,
1822 2233 1923 2283 πῶς
1944 2249 1992 2288 25

330 2310 413 2360 οὐκ
455 2310 559 2360 ἔστι
598 2308 718 2360 κατὰ
756 2309 907 2378 φύσιν
945 2311 1112 2377 ἕτερος,
1153 2313 1216 2364 ὡς
1253 2309 1371 2378 πρὸς
1410 2312 1620 2373 ἐκείνους,
1661 2312 1791 2378 οἵπερ
1831 2313 1922 2363 εἶσὶ

329 2390 450 2442 κατὰ
489 2392 621 2442 θέσιν
654 2394 749 2443 θεοὶ
786 2395 861 2443 καὶ
902 2392 994 2444 υἱοί
1011 2415 1023 2455 3
1077 2392 1358 2458 νοηθήσεται
1394 2391 1488 2459 γὰρ
1523 2394 1606 2444 οὐκ
1641 2395 1689 2444 ἐν
1719 2399 1923 2448 πολλοῖς

329 2475 554 2543 ἀδελφοῖς
581 2476 605 2525 ὁ
637 2472 931 2540 Μονογενὴς,
958 2476 1069 2526 ἀλλ’
1099 2478 1160 2529 ὡς
1186 2474 1327 2538 μόνος
1353 2474 1418 2526 ὧν
1443 2477 1493 2526 ἐκ
1521 2475 1724 2542 Πατρός.
1766 2477 1921 2541 ἐπειδὴ

329 2554 377 2606 δὲ
429 2555 548 2606 κατὰ
598 2555 684 2620 τὴν
729 2562 812 2607 τοῦ
859 2556 1060 2608 Παύλου
1111 2555 1275 2624 φωνὴν
1318 2561 1517 2608 πολλῶν
1565 2557 1727 2622 ὅντων,
1771 2557 1799 2623 ἢ
1845 2561 1921 2610 καὶ

377 2691 408 2715 2.
434 2681 528 2714 αὐτοὶ
548 2680 590 2714 Β.
609 2681 690 2715 αὐτὸ
709 2680 775 2715 Ed.
865 2679 897 2715 6.
922 2680 962 2714 τὰ
980 2680 1148 2725 θεοπρεπῆ
1168 2680 1210 2715 Β.
1230 2680 1411 2725 θεοπρεπεῖ
1430 2681 1496 2715 Ed.
1597 2694 1630 2728 9.
1658 2681 1769 2728 λέγων
1786 2694 1856 2717 om.
1877 2682 1920 2718 B.

333 2738 386 2761 10.
414 2727 510 2761 Haec
527 2727 659 2771 πλήρης
676 2742 711 2772 χ.
731 2742 760 2761 κ.
779 2727 834 2761 ἀλ.
854 2738 921 2761 ass.
941 2739 982 2761 ex
1004 2727 1044 2762 Β.
1159 2738 1210 2761 12.
1236 2730 1363 2772 τρόπον
1380 2740 1450 2762 om.
1472 2728 1513 2762 B.
1626 2739 1682 2763 20.
1707 2729 1768 2772 μὲν
1785 2740 1855 2763 om.
1877 2729 1918 2763 B.

331 2784 387 2808 21.
406 2773 544 2818 δύναμιν
563 2774 603 2808 Β.
623 2775 751 2808 ἔννοιαν
769 2773 835 2808 Ed.
917 2785 972 2808 22.
991 2775 1153 2820 μονογενῆ
1173 2775 1259 2808 Θεὸν
1276 2774 1441 2808 ἀποκαλεῖ
1457 2776 1515 2809 τὸν
1528 2776 1600 2809 υἱὸν
1617 2775 1651 2810 b.
1671 2775 1737 2809 Ed.
1755 2777 1918 2821 μονογενῆ

331 2822 417 2854 Θεὸν
434 2820 597 2854 ἀποκαλεῖ
614 2822 671 2855 τὸν
687 2822 850 2866 μονογενῆ
873 2821 944 2855 υἱὸν
962 2821 1004 2855 Β.
1026 2821 1054 2855 Ε
1073 2821 1214 2861 catenis,
1232 2823 1396 2866 μονογενῆ
1419 2821 1583 2856 ἀποκαλεῖ
1605 2824 1664 2857 τὸν
1681 2823 1752 2856 υἱὸν
1769 2834 1798 2855 a.
1816 2837 1916 2865 μονο-

329 2868 408 2911 γενῆ
427 2870 515 2901 Θεοῦ
533 2867 696 2901 ἀποκαλεῖ
713 2868 771 2901 τὸν
788 2868 858 2902 υἱὸν
877 2866 984 2902 Cord.
1041 2869 1102 2902 τοῦ
1119 2869 1254 2910 Πατρός
1272 2869 1361 2911 φησι
1378 2868 1447 2902 inV.
1467 2868 1542 2903 ord.
1564 2868 1605 2903 Β.
1696 2879 1751 2911 24.
1769 2869 1834 2912 ἕξω
1852 2869 1917 2903 κεί-

328 2927 427 2956 μενος
446 2913 522 2948 B.a.
544 2913 768 2959 [ἐξοκείμενος
786 2912 847 2960 Β.]
868 2913 1092 2961 ἐξῳκισμένος
1111 2913 1218 2949 Cord.
1237 2914 1301 2948 Ed.
1416 2915 1472 2949 26.
1498 2916 1542 2951 ὡς
1559 2927 1629 2950 om.
1648 2927 1678 2949 a.
1791 2916 1846 2949 28.
1873 2916 1918 2951 ὡς

329 2970 392 3003 pro
410 2961 428 2993 ὁ
448 2960 487 2994 Ε.
505 2961 615 2995 invito
634 2960 740 2995 Cord.
839 2972 894 3006 ²9·
920 2963 980 2995 τοῦ
997 2967 1218 3006 assumptum
1237 2973 1277 2995 ex
1299 2961 1373 2995 ss.a.
1394 2960 1500 2996 Cord.
1550 2961 1568 3005 ἢ
1588 2973 1657 2997 om.
1679 2961 1720 2996 B.
1739 2961 1845 2997 habet
1861 2973 1892 2997 a.
