2084 3317
130 143 298 189 fvii.22.
379 145 453 186 IN
495 143 912 192 S.‘JOANNEM.
974 143 1099 186 LIB.
1131 144 1212 186 IV.
1273 144 1408 188 CAP.
1431 144 1487 187 V.
1643 143 1727 185 613

139 255 212 306 ὅτι
249 253 315 319 μὴ
352 256 594 321 προσῆκεν
625 255 896 318 ἀποδημεῖν,
922 252 998 305 διὰ
1034 253 1090 304 τὸ
1129 252 1290 318 κύριον
1318 250 1435 304 εἶναι
1470 256 1555 303 τοῦ
1590 256 1722 312 σαβ-

139 334 291 397 βάτου
314 335 398 387 τὸν
423 334 522 387 υἱὸν
545 341 630 387 τοῦ
657 335 927 403 ἀνθρώπου·
971 333 1144 387 λοιπὸν
1169 333 1348 400 ὀνήσας
1373 332 1507 386 οὐδὲν
1531 331 1608 384 διὰ
1641 331 1727 397 τὴν
1748 352 1770 379 c

139 421 235 468 τῶν
275 417 584 484 ἀκροωμένων
623 418 955 482 κακοβουλίαν,
996 418 1068 487 ἐφ’
1111 416 1270 484 ἕτερον
1313 414 1577 480 οἰκονομίας
1620 415 1726 465 δια-

139 499 291 560 βαίνει
319 498 510 566 τρόπον,
537 503 613 552 καὶ
645 505 859 568 πειρᾶται
893 498 1113 552 δεικνύειν
1143 498 1234 565 ἤδη
1266 501 1439 569 σαφῶς
1473 496 1616 549 αὑτὸν
1646 495 1730 548 τὸν

97 599 120 637 5
142 578 423 648 ἱεροφάντην
463 582 679 635 Μωυσέα
718 581 802 635 τὸν
839 587 923 634 τοῦ
969 581 1113 646 νόμου
1156 580 1386 644 διάκονον,
1423 578 1507 632 τὸν
1544 579 1620 631 ἐπὶ
1662 581 1731 647 τῷ

141 662 380 733 σαββάτῳ
416 663 724 732 παραλύοντα
763 662 907 729 νόμον
941 663 1017 716 διὰ
1053 663 1124 725 τὴν
1159 662 1406 735 περιτομὴν,
1439 660 1527 726 τὴν
1558 662 1609 712 ἐκ
1645 662 1731 724 τῆς

140 747 236 795 τῶν
280 744 497 813 πατέρων
540 746 791 811 συνηθείας
833 745 973 815 μέχρι
1016 748 1091 798 καὶ
1135 750 1230 797 τῶν
1275 745 1420 796 αὐτοῦ
1471 741 1730 808 διήκουσαν

141 824 338 893 χρόνων,
376 827 452 878 ἵνα
489 827 660 879 λοιπὸν
697 826 906 894 εὐλόγως
948 828 1174 897 φαίνηται
1214 829 1291 878 καὶ
1331 824 1470 880 αὐτὸς
1509 828 1731 894 πατρῷον

142 906 305 974 ὥσπερ
331 908 595 975 ἀποσώζων
619 909 738 973 ἔθος,
765 912 841 960 καὶ
875 910 1062 976 ἐπείπερ
1094 910 1143 960 ἐν
1169 907 1409 978 σαββάτῳ
1437 906 1559 961 Θεὸς
1584 904 1727 973 ἐργά-

74 1013 123 1038 10
143 988 277 1055 ζέται,
305 988 380 1040 διὰ
418 996 557 1042 τοῦτο
595 993 671 1042 καὶ
710 991 875 1043 ἑαυτὸν
906 991 1097 1059 ἐνεργὸν
1128 989 1396 1053 ἐπιδεικνὺς,
1423 990 1556 1041 οὐδὲν
1583 987 1725 1054 ἡγού-
1751 997 1779 1038 (1

141 1093 281 1134 μενον
303 1077 386 1123 τοῦ
419 1071 674 1135 σαββάτου
707 1072 794 1137 τὴν
818 1071 1113 1140 παράβασιν,
1141 1071 1218 1123 διὰ
1251 1071 1306 1123 τὸ
1341 1075 1637 1140 συμφρονεῖν
1663 1072 1732 1121 ἀεὶ

141 1156 208 1222 τῷ
233 1152 530 1220 γεννήσαντι.
579 1154 655 1206 διὰ
680 1154 774 1222 γὰρ
800 1161 940 1207 τοῦτο
966 1155 1043 1207 καὶ
1071 1155 1281 1225 ἔφασκεν
1306 1162 1334 1185 “
1352 1156 1414 1206 ‘O
1443 1151 1615 1219 Πατήρ
1639 1175 1732 1217 μου

141 1241 170 1264 “
197 1234 281 1290 ἕως
315 1235 420 1303 ἄρτι
453 1236 705 1304 ἐργάζεται,
733 1237 863 1304 κάγὼ
881 1236 1190 1305 ’ἐργάζομαι.”
1241 1237 1317 1288 ἵνα
1350 1237 1507 1288 τοίνυν
1531 1234 1596 1301 μὴ
1633 1235 1730 1300 ἐμὲ,

144 1319 310 1385 φησὶν,
336 1318 613 1386 ἐνεργοῦντα
645 1342 689 1371 τι
723 1319 842 1371 κατὰ
878 1319 932 1371 τὸ
968 1318 1224 1382 σάββατον
1253 1318 1527 1382 βλέποντες,
1560 1320 1622 1373 ὡς
1656 1319 1733 1370 ἐπὶ

77 1411 122 1450 15
144 1398 260 1470 ξένῳ
288 1402 363 1452 καὶ
386 1401 777 1472 παραλογωτάτῳ
804 1401 1068 1469 θαυμάζητε
1099 1400 1358 1469 πράγματι,
1386 1397 1566 1453 δέδωκεν
1588 1404 1686 1469 ὑμῖν
1712 1407 1731 1454 ὁ

144 1481 338 1543 Μωυσῆς
371 1481 440 1553 τῆι(
473 1482 704 1553 περιτομὴν
735 1485 783 1535 ἐν
814 1482 1066 1554 σαββάτῳ,
1100 1485 1176 1534 καὶ
1212 1483 1410 1553 φθάσας
1446 1485 1615 1537 ἐκεῖνος
1649 1481 1733 1534 τὸν

142 1563 213 1615 ἐπ’
261 1565 387 1635 αὐτῷ
434 1565 679 1632 παρέλυσε
731 1565 890 1630 νόμον.
963 1567 1039 1617 καὶ
1090 1564 1166 1617 διὰ
1216 1565 1357 1617 ποίαν
1400 1566 1587 1628 αἶτίαν;
1648 1565 1733 1616 οὐκ
1752 1587 1774 1615 e

143 1644 318 1714 ἐνόμιζε
343 1647 565 1715 πράττειν
589 1648 754 1714 ὀρθῶς,
781 1648 864 1700 τὸν
889 1653 984 1702 τοῖς
1011 1645 1224 1715 πατράσι
1259 1647 1556 1715 διορισθέντα
1591 1647 1737 1711 νόμον

144 1730 220 1780 καὶ
245 1727 299 1781 τὸ
326 1728 382 1798 ἐξ
402 1730 584 1782 ἐκείνων
610 1730 713 1784 ε”θος
750 1729 986 1798 ἀτιμάζων
1011 1729 1087 1781 διὰ
1120 1729 1175 1782 τὸ
1211 1729 1481 1793 σάββατον.
1540 1729 1616 1781 διὰ
1642 1729 1737 1796 γὰρ

74 1827 125 1855 20
145 1816 285 1862 τοῦτο
331 1813 406 1864 καὶ
450 1813 488 1864 ἐν
533 1811 771 1883 σαββάτῳ
814 1811 1116 1883 περιτέμνεται
1163 1810 1404 1883 ἄνθρωπος.
1477 1815 1514 1863 εἱ
1565 1812 1614 1864 δὲ
1665 1811 1737 1863 ὅτι

144 1892 382 1959 προσήκοι
415 1898 555 1958 τιμᾶν
587 1893 641 1946 τὸ
678 1898 899 1964 πατρῷον
928 1894 1031 1949 ε”θος
1066 1896 1091 1945 ὁ
1128 1897 1347 1959 Μωυσῆς
1383 1893 1633 1961 ἐλογίζετο,
1660 1896 1738 1946 καὶ

145 1980 354 2043 κρεῖττον
381 1976 495 2028 αὐτὸ
530 1979 612 2041 τῆς
648 1980 709 2031 εἰς
744 1975 798 2028 τὸ
834 1976 1090 2039 σάββατον
1113 1977 1248 2028 ἐτίθει
1281 1979 1432 2041 τιμῆς,
1459 1976 1509 2028 τί
1538 1976 1734 2044 τεθορύ-

144 2061 301 2123 βησθε
343 2057 498 2125 μάτην
542 2058 612 2110 ἐπ’
661 2060 774 2123 ἐμοὶ,
820 2061 896 2111 καὶ
947 2058 1112 2126 ὥσπερ
1156 2058 1261 2111 τινὰ
1307 2063 1403 2111 τῶν
1446 2064 1738 2127 παρανομεῖν

145 2139 432 2209 ἀφυλάκτως
483 2140 728 2204 εἰωθότων,
781 2142 856 2194 ἐπὶ
915 2145 974 2210 τῇ
1034 2147 1118 2193 τοῦ
1178 2141 1324 2207 νόμου
1383 2140 1738 2211 καταφρονήσει

75 2233 124 2271 25
146 2221 434 2289 θαυμάζετες
496 2223 645 2274 καίτοι
705 2227 772 2294 τῷ
831 2222 1148 2291 γεγεννηκότι,
1202 2225 1341 2293 φησὶ,
1391 2223 1451 2275 τὰ
1505 2223 1591 2275 ’ίσα
1652 2222 1739 2287 μὲν

1792 247 1953 279 S.Matth.

1792 292 1848 323 xii.
1864 291 1895 324 8.

1794 1148 1901 1190 Supra
1916 1159 1948 1181 v.

1799 1199 1848 1233 17.

146 2307 262 2371 δρῶ,
304 2309 569 2374 συμφρονῶ
614 2304 663 2356 δὲ
707 2307 775 2357 ἀεὶ
816 2305 935 2373 πρὸς
976 2310 1072 2358 πᾶν
1111 2306 1167 2358 τὸ
1206 2309 1388 2369 δοκοῦν,
1429 2308 1505 2357 καὶ
1550 2306 1777 2373 ἐπείπεριῑ
1806 2317 1894 2353 420
1908 2317 1962 2354 A.

146 2385 337 2454 ἐνεργής
371 2387 502 2438 ἐστιν
533 2388 582 2438 ἐν
613 2386 865 2458 σαββάτῳ,
896 2387 951 2440 τὸ
986 2390 1148 2455 ἀργεῖν
1182 2389 1230 2440 ἐν
1265 2389 1391 2458 αὐτῳ
1423 2393 1739 2455 παραιτοῦμαι

146 2472 322 2523 καλῶς.
391 2465 627 2525 ὃεὸωκεναι
671 2468 820 2536 γεμὴν
864 2495 933 2531 την
977 2494 1205 2540 περιτομην
1249 2493 1332 2522 τον
1379 2469 1597 2522 Μωυσεα
1645 2473 1735 2521 διι-

147 2551 436 2619 σχυρίζεται,
482 2552 630 2602 καίτοι
681 2551 746 2616 μὴ
798 2553 950 2604 οὖσαν
999 2553 1056 2622 ἐξ
1103 2553 1246 2604 αὐτοῦ
1297 2551 1418 2603 κατὰ
1466 2551 1521 2603 τὸ
1569 2552 1739 2619 ἀρτίως

75 2654 127 2691 30
147 2632 401 2701 εἰρημένον,
438 2637 549 2685 αλλ
590 2633 640 2686 ἐκ
678 2659 757 2687 των
796 2653 1008 2707 πατερων·
1064 2634 1139 2686 δια
1176 2634 1231 2686 τὸ
1268 2632 1490 2686 δεδόσθαι
1524 2632 1609 2698 μὲν
1641 2638 1738 2688 τοῖς

198 2813 231 2848 6.
258 2813 293 2847 ἐκ
310 2814 369 2857 τῆς
385 2816 452 2848 τῶν
467 2813 621 2858 πατέρων
639 2813 835 2860 συνηθείας]
855 2815 890 2849 ἐκ
908 2818 975 2850 τῶν
992 2814 1147 2859 πατέρων
1164 2813 1346 2858 συνήθειαν
1364 2814 1407 2849 Β.
1601 2814 1656 2849 16.
1682 2813 1735 2860 ἐν]

156 2864 193 2901 -4—
214 2862 260 2906 τῲ
281 2860 323 2894 Β.
455 2871 510 2896 20.
536 2861 590 2895 καὶ
608 2861 651 2895 B.
669 2861 713 2896 ὡς
732 2861 799 2896 Ed.
931 2872 987 2896 22.
1014 2862 1052 2896 τὸ
1069 2867 1294 2907 assumptum
1312 2873 1354 2896 ex
1373 2860 1466 2896 B.D.
1605 2872 1661 2906 23.
1688 2861 1740 2896 ἐπ’

152 2907 244 2952 ἐμοὶ]
264 2906 339 2941 εἶπέ
353 2922 410 2949 μοι
430 2907 472 2943 Β.
595 2918 650 2951 24.
676 2909 780 2953 νόμου
800 2908 843 2943 Β.
863 2908 1047 2953 νομοθέτου
1065 2908 1132 2944 Ed.
1253 2916 1308 2953 27.
1335 2907 1478 2954 ἐνεργῶς
1497 2907 1539 2943 Β.
1604 2907 1738 2955 ἀργεῖν]

152 2955 304 3000 ἐναργεῖν
322 2953 365 2989 Β.
