2084 3317
920 760 1237 810 ΚΕΦΑΛΗ
1293 762 1352 809 Α.

334 940 426 983 ’Ότι
457 942 501 983 οὐ
534 944 630 982 κατὰ
659 943 831 996 μετοχὴν
862 943 950 983 οὐδὲ
983 944 1032 985 ὡς
1063 942 1230 983 ἐπακτὸν
1260 943 1303 982 ἐν
1333 942 1385 996 τῷ
1413 941 1493 996 Tic}
1525 940 1569 980 τὸ
1593 939 1737 992 “Ἀγιον
1768 939 1931 991 Πνεῦμά

519 1029 641 1077 ἐστιν,
675 1027 764 1068 ἀλλ’
798 1028 992 1070 οὐσιωὸὣς
1026 1028 1086 1068 καὶ
1118 1029 1212 1068 κατὰ
1242 1027 1364 1079 φύσιν
1395 1026 1603 1079 ἐνυπάρχει
1635 1025 1749 1080 αὐτῷ.

295 1103 320 1143 b

271 1186 318 1221 32
344 1181 418 1222 Καὶ
452 1182 746 1239 ὲμαρτύρΗοεν
768 1182 976 1224 Ἰωάννι-ιε
1010 1183 1145 1229 λέγων
1176 1184 1241 1224 ὅτι
1274 1183 1477 1230 τεθέαμαι
1511 1181 1559 1222 τὸ
1592 1181 1764 1228 Πνεῦμα
1801 1194 1929 1220 κατα-

409 1262 552 1314 βαῖνον
596 1265 699 1307 <hm-:i
744 1264 999 1322 Περιστεραν
1040 1266 1084 1307 ἐξ
1129 1265 1328 1321 οὐρανοῦ,
1367 1265 1435 1306 καὶ
1477 1264 1643 1312 ἔμεινεν
1681 1263 1740 1303 ἐπ’
1786 1262 1975 1318 αὐτὸν,5

271 1353 318 1388 33
408 1348 525 1395 misci>
560 1347 636 1388 οὐκ
674 1347 790 1405 ᾔδειν
825 1347 967 1399 αὐτὸν,
1001 1348 1091 1389 ἀλλ’
1130 1349 1153 1389 ὁ
1187 1349 1358 1398 Πέμψας
1393 1363 1443 1396 με
1480 1345 1687 1404 βαπτίζειν
1719 1345 1764 1386 ὲν
1795 1345 1928 1396 ὕδατι,

406 1431 570 1473 ἑκεινόε
604 1446 675 1480 μοι
710 1427 828 1473 εἶπεν
855 1431 949 1487 Ἐφ’
987 1432 1034 1475 ὃν
1069 1430 1119 1472 ἂν
1155 1428 1248 1488 ἴὸῌο
1282 1430 1330 1473 τὸ
1362 1431 1534 1479 Πνεῦμα
1572 1426 1828 1480 καταβαῖνον
1860 1427 1929 1469 καὶ

407 1516 533 1561 μενον
559 1514 620 1555 ἐπ’
655 1514 797 1565 αὐτὸν,
826 1511 951 1556 οὗτος
977 1515 1090 1556 ἐστιν
1117 1513 1140 1556 ὁ
1168 1513 1375 1570 βαπτίζων
1403 1513 1447 1554 ὲν
1472 1513 1688 1561 Πνεύματι
1706 1511 1849 1566 “ΑΓίῳ,

414 1675 558 1722 ΟΥΚ
602 1671 766 1722 εἰδέναι
807 1671 970 1741 φήσας
1009 1670 1153 1723 αὐτὸν
1192 1673 1240 1723 ἐν
1278 1675 1374 1726 τοῖς
1414 1670 1644 1737 ἀνωτέρω,
1683 1671 1932 1738 χρησίμως

301 1752 709 1822 οέπεξεργάζεται,
750 1757 823 1804 καὶ
863 1752 918 1804 τὸ
957 1758 1082 1804 θεῖον
1121 1755 1391 1819 ἀπογυμνοῖ
1423 1752 1702 1819 μυστήριον,
1734 1753 1812 1802 καὶ
1849 1751 1931 1803 τὸν
1955 1774 2004 1799 ιο

339 1836 465 1903 αὐτῷ
508 1835 790 1900 μηνύσαντα
842 1835 1062 1886 δεικνύων
1108 1834 1299 1902 Πατέρα
1347 1834 1485 1898 Θεὸν,
1531 1836 1606 1885 καὶ
1657 1834 1727 1887 τίς
1777 1835 1802 1883 ὁ
1849 1836 1933 1898 τῆς

340 1916 526 1984 δείξεως
560 1916 726 1982 γέγονε
760 1916 948 1983 τρόπος,
981 1916 1256 1985 ἀναφανδὸν
1290 1916 1616 1985 ἐξηγούμενος.
1673 1917 1854 1984 ὠφελεῖ
1883 1915 1932 1967 δὲ

340 1998 416 2048 διὰ
449 1996 643 2049 πάντων
677 2002 773 2050 τῶν
807 1998 1116 2065 ἀκροωμένων
1150 1997 1232 2049 τὸν
1269 2004 1390 2061 νοῦν,
1424 2000 1500 2049 καὶ
1535 1998 1592 2048 δι’
1626 1995 1692 2048 ὧν
1722 1999 1773 2048 ἐκ
1805 2001 1932 2049 Θεοῦ

338 2081 689 2131 πεπαιδεῦσθαί
730 2085 854 2148 φησι
898 2080 952 2131 τὸ
993 2082 1101 2147 περὶ
1143 2084 1360 2147 Χριστοῦ
1401 2079 1664 2146 μυστήριον
1706 2085 1802 2134 τοῖς
1843 2082 1927 2131 ἀν-

340 2161 560 2228 θρώποις,
595 2167 695 2216 ταῖς
734 2162 912 2214 ἄνωθεν
946 2161 1131 2231 ψήφοις
1170 2168 1498 2226 πολεμοῦντας
1536 2163 1787 2230 ἀποφαίνει
1824 2161 1933 2217 τοὺς
1955 2188 2003 2226 15

340 2242 690 2308 ἀνθεστηκότας
711 2244 849 2313 αὐτῷ,
870 2246 945 2295 καὶ
970 2243 1315 2313 ῥιψοκινδύνως
1341 2248 1400 2312 τῇ
1425 2242 1612 2311 μεγάλῃ
1638 2249 1722 2295 τοῦ
1742 2243 1934 2310 Πατρὸς

341 2323 741 2392 ἀντιπράττοντας
779 2326 962 2393 γνώμῃ.
1024 2331 1163 2377 τοῦτο
1202 2324 1251 2376 δὲ
1288 2325 1346 2390 ἧν
1378 2326 1711 2379 ἀναπείθοντος
1749 2326 1933 2393 εὐφυῶς

297 2417 325 2458 d
342 2410 425 2471 τῆς
450 2406 536 2471 μὲν
562 2408 733 2461 εἰκαίας
759 2407 914 2457 αὐτῶν
940 2407 1245 2475 ἀποσχέσθαι
1271 2410 1466 2471 βουλῆς,
1493 2406 1858 2476 παραδέξασθαι
1884 2407 1933 2458 δὲ

341 2488 424 2540 τὸν
449 2489 634 2558 εὐδοκία
663 2488 854 2555 Πατρὸς
881 2489 955 2540 ἐπὶ
981 2488 1192 2558 σωτηρίᾳ
1219 2493 1315 2540 τῶν
1339 2487 1531 2540 πάντων
1557 2488 1931 2554 ἐπιδημήσαντα.

340 2575 570 2637 μαρτυρεῖ
597 2575 862 2637 τοιγαροῦν,
889 2569 959 2621 ὅτι
994 2573 1069 2621 καὶ
1102 2574 1148 2622 τὸ
1186 2572 1364 2639 πνεῦμα
1399 2569 1619 2622 θεάσοιτο
1656 2573 1933 2632 καταβαῖνον
1953 2597 2003 2622 20

388 2732 421 2761 4.
448 2718 513 2754 SS.
532 2718 733 2764 Scripturae
758 2724 893 2753 textum
916 2720 1061 2764 plenum
1085 2731 1155 2753 non
1183 2718 1242 2753 dat
1261 2719 1290 2753 B
1309 2719 1370 2753 sed
1394 2726 1567 2765 quantum
1592 2721 1636 2755 sit
1653 2720 1784 2756 indicat
1802 2721 1932 2764 solum,

340 2765 407 2800 hoe
433 2766 539 2800 modo
558 2768 621 2800 Καὶ
648 2765 880 2811 ἐμαρτυρὴσεν
894 2765 1049 2810 Ἰωάννης
1072 2765 1184 2811 λέγων
1206 2765 1267 2802 ἕως
1291 2768 1351 2800 τοῦ
1375 2766 1428 2810 (--
1452 2779 1565 2812 usque
1590 2767 1650 2811 ad)
1674 2767 1771 2803 οὗτός
1795 2767 1892 2803 ἐστιν
1913 2770 1932 2802 ὁ

338 2812 511 2855 βαπτίζων
529 2812 563 2847 ἐν
581 2813 752 2857 Πνεὺματι
768 2812 884 2859 “Αγι’ῳ.
1125 2824 1138 2847 1
1150 2825 1178 2847 Ι.
1204 2812 1361 2847 δεικνύων
1377 2813 1572 2857 μηνύσαντα
1590 2814 1729 2848 inverso
1748 2813 1870 2848 ordine
1888 2814 1931 2849 B.

344 2870 396 2900 14.
423 2861 493 2894 τοῖς
510 2859 699 2902 ἀνθρώποις
716 2865 940 2904 assumptum
958 2871 999 2893 ex
1019 2859 1061 2893 B.
1236 2868 1290 2904 17.
1316 2860 1600 2905 ἀντιπράττοντας
1619 2860 1713 2895 B.D.
1734 2859 1932 2906 [ἀντιπράτ-

340 2919 453 2940 τοντες
471 2906 516 2950 (?)
537 2905 601 2951 D.]
621 2905 974 2951 ἀντιπροστάττοντας
991 2905 1059 2940 Ed.
1217 2917 1272 2941 20.
1299 2907 1410 2941 τοίνυν
1427 2909 1607 2953 τοιγαροῦν
1624 2907 1704 2951 (Sic)
1726 2907 1766 2942 B.
1832 2921 1931 2941 κατα-

338 2950 472 2996 βαῖνον]
498 2956 534 2992 ÷
556 2951 606 2986 ἐπ’
625 2953 728 2987 αὐτὸν
746 2952 811 2987 Ed.
830 2953 940 2988 invito
960 2952 1002 2986 Β.
