2084 3317
70 974 91 1012 5

44 1354 90 1379 10

41 1703 86 1740 15

682 549 1140 603 ΚΕΦΑΛΑΙΑ

460 717 525 747 ΤΑ
573 720 642 749 ΕΝ
691 721 771 751 ΤΩι
819 724 1079 756 ΠΕΜΠΤΩι
1128 728 1351 761 ΒῙΒΛΙΩι.

114 859 151 882 α.
177 841 272 884 ’Ότι
295 848 392 887 κατὰ
413 845 626 899 Ἑλλήνων
649 852 810 902 ἀμαθεῖς
831 856 1032 907 ὑπονοίας,
1054 859 1099 899 οὐ
1126 863 1210 903 ταῖς
1238 861 1354 913 ὥραις
1384 863 1432 905 ὡς
1461 862 1507 914 ἐξ
1531 863 1704 917 ἀνάγκης

285 914 484 956 ὑπόκειται
520 919 569 957 τὰ
603 919 691 960 καθ’
724 921 836 972 ἡμᾶς,
869 923 961 964 ἀλλ’
995 926 1036 966 ἐκ
1067 929 1333 980 προαιρέσεως
1364 931 1462 973 ἰδίας
1494 933 1561 972 ἐπί
1586 949 1628 974 τε
1659 934 1703 973 τὸ

285 982 435 1033 ἀγαθὸν
457 985 518 1025 καὶ
546 986 590 1026 τὸ
620 988 801 1030 ἐναντίον
822 991 1032 1044 ἐρχόμεθα,
1056 996 1118 1035 καὶ
1140 996 1200 1036 ὅτι
1220 1001 1302 1040 τοῖς
1323 1001 1391 1038 τοῦ
1411 1003 1518 1040 Θεοῦ
1539 1002 1704 1051 νεύμασι

285 1052 545 1102 διοικούμεθα·
579 1056 832 1106 προκειμένου
852 1060 969 1110 ῥητοῦ
985 1060 1174 1112 Ἐζήτουν
1195 1065 1312 1106 αὐτὸν
1333 1066 1473 1107 πιάσαι
1496 1069 1558 1108 καὶ
1580 1069 1704 1112 οὐδεὶς

285 1118 485 1169 ἐπέβαλεν
525 1122 583 1163 ἐπ’
628 1124 744 1165 αὐτὸν
783 1129 851 1168 τὰς
892 1133 1028 1180 χεῖρας
1068 1131 1127 1171 ὅτι
1168 1133 1274 1173 οὔπω
1322 1136 1507 1185 ἐληλύθει
1552 1138 1575 1189 ἡ
1623 1139 1704 1189 ὥρα

283 1187 412 1228 αὐτοῦ.
1574 1207 1695 1261 [451]

110 1278 152 1322 β.
176 1274 269 1316 ‘'Oi-c
299 1280 397 1327 μετὰ
428 1279 496 1320 τὸν
521 1285 590 1321 τοῦ
619 1286 798 1335 Σωτῆρος
825 1287 996 1338 σταυρὸν
1021 1291 1118 1330 κατὰ
1146 1290 1215 1341 τὴν
1241 1293 1281 1332 ἐκ
1311 1297 1458 1345 νεκρῶν
1479 1295 1702 1346 ἀναβίωσιν

283 1346 475 1400 ἐνῳκίσθη
512 1349 662 1402 παγίως
695 1352 787 1403 ἡμῖν
816 1354 860 1393 τὸ
891 1354 1036 1408 ’Ἀγιον
1068 1361 1241 1409 Πνεῦμα·
1293 1362 1550 1413 προκειμένου
1584 1366 1702 1416 ῥητοῦ

281 1415 402 1455 Οὔπω
425 1418 498 1468 γὰρ
520 1416 569 1468 ἣν
592 1422 755 1471 Πνεῦμα
778 1422 838 1462 ὅτι
858 1422 1013 1473 Ἰησοῦς
1035 1426 1186 1467 οὐδέπω
1208 1429 1415 1481 ἐδοξάσθη.
1572 1433 1692 1487 [470]

109 1516 146 1551 γ.
174 1498 269 1541 ’Ότι
290 1502 335 1542 οὐ
356 1505 422 1554 τῆς
442 1502 644 1548 Ἰουδαίων
667 1510 805 1562 ἰσχύος
827 1510 945 1564 ἔργον
966 1513 1014 1564 ἣν
1036 1514 1080 1555 τὸ
1103 1516 1165 1556 ἐπὶ
1193 1518 1245 1571 τῷ
1275 1522 1427 1574 σταυρῷ
1449 1520 1587 1572 πάθος,
1611 1523 1699 1563 οὐδὲ

280 1572 322 1611 ἐκ
352 1573 419 1622 τῆς
449 1590 568 1615 τινων
596 1579 828 1628 πλεονεξίας
859 1580 1055 1623 ἀπέθανεν
1082 1584 1102 1623 ὁ
1132 1585 1316 1636 Χριστὸς,
1340 1587 1429 1628 ἀλλ’
1457 1589 1569 1632 αὐτὸς
1601 1592 1699 1631 ἑκὼν

278 1641 391 1680 τοῦτο
420 1642 518 1693 ὑπὲρ
547 1643 657 1694 ἡμῶν
688 1645 903 1699 πέπονθεν,
933 1651 996 1690 ἵνα
1027 1651 1175 1695 πάντας
1206 1656 1395 1710 διασώσῃ·
1443 1658 1698 1708 προκειμένου

290 1708 299 1721 t

278 1711 395 1759 ρητοῦ
415 1713 550 1751 Ταῦτα
578 1714 626 1752 τὰ
652 1713 805 1765 ῥήματα
833 1716 1036 1767 ἐλάλησεν
1057 1720 1101 1760 ἐν
1121 1723 1172 1775 τῷ
1202 1725 1477 1780 γαζοφυλακίῳ
1505 1726 1700 1768 διδάσκων

278 1776 322 1816 ἐν
342 1777 395 1831 τῷ
428 1778 517 1833 ἱερῷ
549 1780 610 1820 καὶ
642 1782 768 1824 οὐδεὶς
798 1784 961 1825 ἐπίασεν
985 1786 1104 1828 αὐτὸν
1129 1789 1188 1829 ὅτι
1217 1791 1322 1831 οὔπω
1354 1792 1591 1847 ἐλήλυθενὴ
1620 1796 1700 1847 ὥρα

280 1844 410 1885 αὐτοῦ.
1569 1863 1691 1919 [496]

155 1948 231 1983 Lib.
245 1949 290 1984 V.
315 1950 435 1986 Codex
457 1952 498 1988 Β.
564 1955 673 1990 Hunc
692 1962 724 1991 et
747 1967 952 2004 sequentem
973 1960 1118 1996 Librum
1138 1975 1178 1997 ex
1198 1965 1275 2009 ipso
1293 1966 1412 2003 codice
1434 1969 1461 2002 B
1479 1972 1699 2017 transcripsit

105 1995 189 2029 olim
217 1996 330 2031 Lucas
364 1998 583 2042 Holstenius,
613 2002 852 2039 Bibliothecae
885 2007 1094 2043 Bar-berinae
1125 2010 1337 2054 Praefectus,
1366 2015 1466 2060 cujus
1493 2017 1699 2064 ἀπό-γραφον

106 2047 353 2078 conservatum
377 2051 429 2080 est
453 2046 556 2082 hodie
579 2049 615 2083 in
635 2049 854 2086 Bibliotheca
872 2055 1084 2098 supradicta.
1136 2057 1258 2095 Quum
1284 2067 1401 2095 autem
1427 2064 1564 2098 mendis
1591 2073 1699 2100 scatet

105 2088 215 2122 codex
235 2089 277 2130 B,
297 2090 417 2136 (quem
435 2093 490 2127 his
507 2095 623 2130 verbis
646 2096 829 2142 descripsit
846 2107 966 2134 noster
987 2101 1125 2147 Heyse:
1159 2104 1224 2139 Est
1249 2106 1293 2140 ab
1319 2107 1460 2142 homine
1479 2110 1640 2146 illiterato
1658 2125 1697 2147 ac

105 2146 214 2179 paene
231 2136 335 2171 bruto
353 2139 413 2184 qui
426 2151 559 2183 vocem,
571 2148 610 2176 ut
627 2143 763 2188 opinor,
777 2144 940 2181 dictantis
959 2149 1105 2195 alicujus
1124 2150 1167 2184 de
1181 2154 1369 2188 vetustiore
1387 2155 1504 2190 codice
1522 2159 1697 2203 excipiens

105 2181 229 2216 auditu
246 2189 278 2217 et
296 2185 442 2226 calamo,
454 2189 552 2222 nullo
570 2194 746 2233 praeterea
764 2198 889 2227 auctus
908 2205 1013 2229 sensu
1031 2199 1216 2239 sermonis,
1229 2200 1324 2234 nulla
1337 2201 1525 2237 verborum
1543 2205 1697 2247 scientia,

105 2233 178 2261 tam
207 2229 307 2264 foede
337 2233 456 2267 omnia
485 2233 693 2271 deformavit
722 2243 755 2271 et
785 2241 951 2284 corrupit,
982 2247 1021 2275 ut
1049 2243 1107 2277 vix
1137 2255 1249 2279 unum
1280 2248 1490 2283 vocabulum
1521 2252 1698 2297 reliquerit

106 2285 246 2316 sanum,
272 2277 481 2322 legitimum,
509 2281 722 2327 Graecumz)
762 2296 833 2319 non
863 2287 993 2321 mirum
1020 2295 1083 2330 est,
1111 2291 1140 2324 si
1171 2290 1228 2326 hic
1254 2293 1323 2327 illic
1349 2295 1424 2328 viro
1451 2296 1554 2332 docto
1582 2298 1698 2333 Lucae

108 2320 295 2357 Holstenio
316 2326 481 2360 temerius
504 2329 692 2373 corrigenti
717 2330 811 2365 haud
837 2344 947 2377 pauca
969 2334 1141 2370 fallerent.
1192 2338 1222 2372 E
1241 2351 1310 2384 quo
1328 2340 1521 2389 ἀπογράφω
1538 2345 1644 2379 libros
1663 2358 1696 2380 v.

103 2373 137 2401 et
162 2368 208 2402 vi.
234 2369 342 2405 edidit
360 2372 551 2416 Aubertus‚
576 2382 615 2409 ut
640 2382 790 2411 testatur
815 2378 889 2423 ipse
915 2380 951 2414 in
979 2382 1082 2426 primi
1107 2383 1210 2418 Tomi
1236 2387 1451 2430 praefatione
1477 2391 1696 2438 (quanquam

105 2414 232 2449 menda
257 2427 348 2451 nova
374 2418 611 2456 introduxisse
638 2423 776 2458 videtur
800 2425 1008 2473 ἀπογράφου
1033 2429 1128 2464 illius
1152 2433 1420 2479 transcriptor):
1448 2448 1558 2481 pauca
1579 2445 1696 2473 tamen

103 2461 295 2497 emendans
313 2469 389 2498 tum
408 2477 426 2499 e
444 2467 642 2512 conjectura
660 2475 736 2505 tum
754 2483 772 2505 e
787 2471 935 2508 Niketae
951 2474 1085 2510 Catena
1103 2477 1137 2510 in
1159 2477 1195 2512 S.
1208 2478 1230 2512 J
1234 2491 1383 2515 oannem
1402 2494 1490 2527 quae
1507 2485 1543 2518 in
1564 2485 1696 2520 Biblio-

103 2506 205 2542 theca
223 2509 269 2543 D.
288 2509 331 2544 de
351 2511 482 2558 Harlay
501 2514 747 2551 Maeloviensis
773 2518 938 2565 Episcopi
959 2530 1164 2558 conservata
1186 2531 1269 2568 erat,
1287 2526 1392 2562 hodie
1417 2530 1453 2562 in
1479 2530 1696 2567 Bibliotheca

106 2553 282 2599 Imperiali
318 2557 504 2593 Parisiensi
539 2560 663 2607 Suppl.
700 2563 761 2598 Gr.
794 2574 870 2610 159.
933 2567 1040 2602 Nunc
1074 2576 1191 2604 autem
1223 2573 1379 2608 codicem
1414 2575 1530 2620 ipsum
1567 2578 1608 2612 B.
1644 2580 1696 2613 vir

104 2599 231 2635 doctus
259 2602 393 2638 Theod.
424 2605 542 2652 Heyse
572 2607 614 2642 de
644 2621 735 2644 novo
765 2613 960 2656 conferens,
986 2620 1170 2662 totumque
1200 2618 1234 2652 in
1261 2631 1301 2653 eo
1327 2621 1508 2666 ingenium
1534 2624 1693 2667 afferens,

104 2648 217 2682 multo
234 2649 476 2693 perfectiorem
495 2665 559 2698 pro
577 2655 710 2690 viribus
728 2661 864 2693 textum
883 2660 1054 2696 exhibuit.
1114 2663 1279 2709 capitum
1301 2666 1411 2701 Index
1431 2669 1526 2704 deest
1544 2671 1580 2705 in
1598 2672 1694 2716 Apo-

104 2694 240 2738 grapho
260 2695 492 2733 Holsteniano
510 2706 597 2735 teste
617 2702 734 2748 Heyse
748 2714 995 2762 :tquapropter
1012 2720 1030 2742 e
1048 2709 1167 2744 codice
1184 2711 1261 2756 ipso
1279 2724 1358 2747 eum
1379 2714 1538 2751 hausisse
1556 2718 1695 2753 videtur

642 2748 651 2758 ι

104 2740 199 2774 Aub.
273 2741 352 2778 6—8.
375 2743 472 2779 Haec
489 2760 778 2795 προκειμενου-η
796 2753 866 2795 ὥρα
883 2754 986 2788 αὐτοῦ
1004 2764 1227 2792 accesserunt
1244 2771 1285 2792 ex
1302 2760 1344 2794 Β.
1409 2761 1442 2795 6.
1462 2763 1578 2809 αὐτὸν]
1594 2765 1695 2800 αὐτὸν

105 2786 207 2821 αὐτὸν
225 2788 305 2833 (sic)
321 2789 364 2823 B.
469 2803 521 2828 10.
551 2794 647 2829 Haec
664 2800 1108 2846 προκειμένου-ἐδοξάσθη
1127 2813 1349 2840 accesserunt
1367 2819 1408 2840 ex
1427 2808 1467 2842 B.
1568 2822 1619 2845 12.
1647 2815 1693 2859 τῷ

105 2841 329 2878 assumptum
348 2848 389 2870 ex
410 2837 449 2871 Β.
597 2852 650 2884 14.
676 2846 775 2878 τοῦτο
793 2845 877 2890 ὑπὲρ
895 2846 988 2891 ἡμῶν
1005 2848 1097 2882 edidi
1116 2851 1332 2895 approbante
1353 2852 1482 2899 Heyse.
1502 2856 1585 2901 ὑπὲρ
1603 2858 1695 2902 ἡμῶν

105 2882 205 2914 τοῦτο
222 2881 307 2925 ὑπὲρ
327 2882 418 2926 ἡμῶν
438 2884 479 2918 Β.
498 2886 582 2930 ὑπὲρ
601 2887 692 2932 ἡμῶν
709 2893 809 2925 τοῦτο
829 2893 895 2927 Ed.
1053 2906 1175 2941 14-17.
1207 2898 1304 2932 Haec
1321 2902 1694 2945 προκειμένου-αὐτοῦ

106 2936 328 2963 accesserunt
347 2942 387 2964 ex
410 2930 450 2965 B.

1723 580 1744 603 a
1784 571 1863 605 441
1876 570 1928 606 A.

1721 1304 1747 1344 Ι)
