2084 3317
113 149 355 204 vii.44,45.
388 150 465 190 IN
508 150 549 192 s,
583 149 920 191 JOANNEM.
981 149 1183 190 LIB.V.
1246 149 1381 191 CAP.
1415 149 1477 190 11.
1618 149 1696 189 τοι

112 259 318 325 γνώμας,
345 262 387 310 οἱ
410 258 496 322 μὲν
523 257 636 310 εῖναι
660 258 744 309 τὸν
768 257 1022 326 προφήτην
1048 256 1203 319 αὐτὸν,
1231 261 1273 308 οἱ
1300 256 1347 308 δὲ
1373 257 1456 308 τὸν
1481 255 1698 323 Χριστὸν
1717 275 1738 301 e

114 340 546 405 ὑπολαμβάνοντες.
604 343 680 392 καὶ
717 341 963 409 πρόφασις
1001 341 1157 393 αὐτοῖς
1194 342 1277 403 τῆς
1316 341 1526 389 ἐντεῦθεν
1564 341 1694 405 διχο-

114 423 254 485 νοιάς,
288 422 343 474 τὸ
381 422 445 487 μὴ
483 423 649 474 εἰδέναι
687 421 769 474 τὸν
800 420 1030 488 Χριστὸν,
1066 420 1182 486 μηδὲ
1219 420 1306 485 τὴν
1343 422 1392 471 ἐν
1429 425 1526 473 τοῖς
1566 424 1700 486 ἱεροῖς

113 503 393 571 γράμμασιν
430 505 672 571 ἀκρίβειαν
700 506 923 555 συνιδεῖν·
979 501 1009 568 ἢ
1051 502 1144 570 γὰρ
1184 502 1241 554 ἂν
1273 503 1360 570 οὐχ
1398 502 1555 568 ἕτερον
1586 499 1701 551 εἶναι
1763 495 1870 576 &gra

72 603 94 643 5
114 586 197 638 τὸν
222 589 414 652 Ἰησοῦν
447 586 577 653 παρὰ
614 585 698 638 τὸν
733 588 781 637 ἐν
814 590 880 655 τῷ
919 584 1046 656 νόμῳ
1084 584 1338 655 προφήτην
1376 584 1697 646 πιστεύοντες,

113 672 197 734 τῆς
229 671 423 736 ἀκαίρου
453 670 685 737 διχονοίας
719 668 1002 738 ἐξέστησαν.

1721 757 1744 781 a
1768 747 1855 783 478
1872 746 1924 782 A.

114 834 240 877 Τινὲς
277 835 324 878 δὲ
361 836 406 880 ἐξ
444 836 587 878 αὐτῶν
626 836 782 878 ἤθελον
820 835 970 877 Πιάσαι
1008 834 1150 886 αὐτὸν,
1187 834 1277 875 ἀλλ’
1314 832 1454 875 οὐδεὶς
1490 832 1700 883 ἐπέβαλεν
1721 838 1771 874 44

645 920 706 961 ἐπ’
744 918 873 961 αὐτὸν
911 918 987 960 τὰς
1024 915 1182 975 χεῖρας.

189 1030 254 1079 Οἱ
298 1026 429 1094 παρὰ
473 1031 568 1078 τῶν
612 1026 864 1095 ἀρχιερέων
907 1028 983 1077 καὶ
1029 1025 1307 1092 Φαρισαίων
1354 1021 1705 1086 ἀπεσταλμένοι

46 1138 96 1164 10
114 1109 232 1176 πρὸς
273 1109 328 1160 τὸ
368 1114 638 1170 συλλαβεῖν
678 1109 761 1161 τὸν
797 1108 988 1176 Κύριον,
1027 1109 1239 1174 εὔκαιρον
1276 1112 1360 1158 τοῦ
1400 1104 1705 1170 τολμήματος

114 1183 356 1243 ἐποιοῦντο
394 1190 642 1260 πρόφασιν
674 1190 760 1256 τὴν
790 1192 838 1242 ἐν
869 1189 1101 1254 ἀλλήλοις
1135 1193 1230 1240 τῶν
1263 1187 1423 1256 ὄχλων
1449 1187 1700 1255 διχόνοιαν·

116 1273 524 1343 ἀφιλονεικότερον
568 1273 663 1340 γάρ
709 1296 811 1327 πως
854 1271 1121 1341 ἐπιτρέψειν
1165 1272 1320 1324 αὐτοῖς
1365 1270 1706 1333 ὑπελάμβανον

116 1355 412 1422 ἀποκομίζειν
438 1355 593 1418 αὐτὸν,
619 1354 751 1406 οὐδὲν
773 1353 857 1418 μὲν
884 1354 949 1405 ἔτι
983 1355 1241 1421 ζηλοῦντας
1275 1353 1348 1422 ἐφ’
1377 1351 1444 1406 οἷς
1476 1352 1533 1402 ἄν
1559 1374 1604 1402 τι
1629 1353 1706 1402 καὶ

115 1438 274 1502 πάθοι,
312 1438 528 1505 γεγονότι
567 1437 616 1489 δὲ
654 1437 820 1502 ὥσπερ
857 1437 1073 1501 πολέμου
1111 1439 1186 1487 καὶ
1225 1436 1445 1489 στάσεως
1485 1437 1701 1504 ἀφορμῇ,

50 1536 97 1575 15
118 1523 193 1572 καὶ
220 1519 507 1591 ὑβριζομένῳ
533 1518 720 1574 πάντως
746 1519 1131 1588 ἐφησθήσεσθαι.
1180 1521 1290 1569 ἀλλ’
1322 1515 1452 1572 οὐδεὶς
1482 1516 1704 1576 ἐπέβαλεν
1722 1525 1750 1566 b

117 1604 186 1655 ἐπ’
216 1604 342 1654 αὐτὶν
368 1602 452 1658 τας
479 1605 650 1671 χεῖρας,
676 1603 759 1653 οῦκ
786 1605 911 1652 αἰδοῖ
932 1605 989 1668 τῇ
1015 1603 1118 1668 περὶ
1149 1600 1304 1663 αὑτὸν,
1332 1600 1442 1650 ἀλλ’
1473 1599 1576 1650 οὐδὲ
1611 1604 1706 1653 τοῖς

117 1689 281 1749 θυμοῖς
315 1684 398 1736 τὸν
424 1685 481 1755 ἐξ
513 1685 761 1746 εὐλαβείας
797 1685 1128 1752 ε’πιῤῥίψαντες
1166 1682 1378 1751 χαλινὸν,
1405 1681 1525 1750 μόνῃ
1565 1679 1612 1732 δὲ
1649 1685 1709 1750 τῇ

116 1769 226 1834 παρ’
273 1768 415 1818 αὐτοῦ
462 1768 853 1834 καταραϊσθέντες
897 1765 1103 1830 δυνάμει·
1173 1769 1318 1834 καιρῷ
1362 1764 1457 1832 γὰρ
1508 1765 1608 1834 ἰδίῳ
1653 1763 1708 1815 τὸ

115 1854 283 1901 παθεῖν
317 1848 433 1915 ὑπὲρ
470 1849 602 1913 ἡμῶν
636 1849 889 1917 ἐχαρίζετο,
932 1849 1007 1899 καὶ
1046 1851 1333 1899 δυσωπεῖται
1370 1846 1509 1910 μόλις
1547 1847 1576 1911 ἡ
1614 1850 1710 1897 τῶν

47 1933 354 1985 2ΟἸουδαίων
396 1931 624 1996 ἐπιβουλὴ
669 1936 764 1986 τοῖς
815 1931 994 1982 ἄνωθεν
1040 1930 1282 1997 εἰργομένη
1328 1927 1704 1992 διακωλύμασιν.

115 2016 169 2066 οὐ
195 2014 289 2081 γὰρ
315 2014 404 2065 ε”δει
435 2015 653 2082 πρόωρον
679 2013 765 2078 τὴν
790 2013 1065 2082 μιαιφονίαν
1091 2015 1350 2079 ἐπιχειρεῖν,
1376 2011 1635 2078 περιμένειν
1661 2011 1709 2062 δὲ
1727 2034 1749 2061 0

113 2101 319 2161 μᾶλλον,
346 2097 512 2164 καίπερ
538 2096 676 2150 ὄντας
704 2096 937 2154 ἀνοσίους,
963 2098 1046 2160 τῆς
1072 2094 1378 2158 ἀνοσιότητος
1404 2093 1488 2145 τὸν
1514 2092 1689 2160 καιρόν.

129 2260 296 2304 ΘΗλθον
334 2260 408 2304 οὖν
445 2260 484 2304 οἱ
522 2262 733 2319 ὑΠΗρεται
769 2262 877 2319 Πρὸς
913 2261 1012 2304 τοὺς
1050 2259 1262 2318 ἀρχιερεῖς
1301 2259 1370 2301 καὶ
1408 2257 1686 2317 Φαρισαίους·
1728 2267 1780 2307 45

267 2346 337 2387 καὶ
374 2341 495 2387 εἶπον
533 2342 679 2388 αὐτοῖς
716 2344 872 2388 ἐκεῖνοι
906 2344 1029 2387 Ami
1065 2345 1142 2386 οὐκ
1181 2344 1360 2391 ιέιΓάῙ-ετε
1399 2343 1558 2395 αὐτόν;

50 2468 99 2508 25
194 2454 350 2507 Οὐδὲν
375 2455 602 2524 ἐξανῦσαι
627 2458 722 2505 τῶν
747 2452 1178 2521 προστεταγμένων
1205 2451 1492 2520 ἰσχύσαντες
1520 2455 1560 2503 οἱ
1592 2450 1713 2518 πρὸς

117 2536 173 2589 τὸ
216 2542 424 2604 θηρᾶσαι
468 2535 550 2588 τὸν
592 2535 770 2604 Κύριον
810 2536 1094 2600 ἐσταλμένοι
1138 2535 1246 2605 πρὶς
1286 2533 1384 2590 τοὶς
1427 2533 1712 2600 ἡγουμένους

166 2696 200 2728 4.
226 2684 309 2718 ἰδεῖν
325 2696 356 2718 a.
492 2692 525 2726 5.
550 2681 703 2729 Ἰησοῦν]
723 2685 875 2728 Χριστὸν
892 2695 922 2717 a.
1063 2694 1116 2716 11.
1143 2681 1354 2716 τινενάλλοις
1373 2680 1426 2725 (=
1444 2679 1505 2724 τὴν
1522 2679 1557 2714 ἐν
1574 2679 1709 2723 ἄλλοις)

121 2731 165 2766 Β.
183 2731 243 2775 τὴν
260 2731 295 2764 ἐν
312 2729 478 2774 ἀλλήλοις
495 2742 513 2764 e
532 2729 609 2764 Cat.
630 2730 729 2765 Harl.
749 2730 948 2764 emendavit
966 2729 1061 2763 Aub.
1195 2739 1249 2761 12.
1276 2726 1475 2772 ἐπιτρέψειν
1494 2727 1570 2760 B.a.
1592 2726 1710 2760 Holst.

120 2778 312 2821 ἐπιτρέπειν
329 2777 424 2811 Aub.
556 2787 610 2818 14.
635 2777 979 2822 γεγονότι-ἀφορμῇ
1000 2776 1043 2810 Β.
1064 2775 1129 2809 Ht.
1144 2773 1518 2820 γεγόνοτα-ἆφορμὴν
1535 2773 1630 2807 Aub.
1651 2773 1712 2818 qui

121 2824 267 2858 adnotat
285 2836 321 2858 se
337 2825 502 2869 γεγονότα
519 2835 537 2857 e
556 2822 633 2857 Cat.
652 2823 902 2858 emendavisse.
1090 2822 1142 2855 18.
1168 2820 1447 2865 καταραῖσθέντες
1466 2819 1561 2854 dedit
1581 2819 1613 2865 (e
1633 2819 1712 2854 Cat.

123 2872 225 2906 Harl.
243 2876 282 2905 ut
299 2870 386 2914 vid.)
407 2870 500 2904 Aub.
560 2870 659 2904 Nihil
677 2870 719 2904 de
736 2882 756 2904 a
772 2871 904 2904 notavi.
966 2869 1008 2903 B.
1027 2869 1222 2903 clausulam
1239 2879 1303 2912 pro
1320 2879 1417 2902 more
1434 2866 1487 2901 bis
1506 2866 1594 2900 dans
1611 2880 1712 2900 κατα-

120 2917 306 2963 ρασθέντες
334 2918 445 2962 prima
473 2917 558 2957 vice,
586 2916 849 2960 καταρεσθέντες
876 2917 929 2961 (=
948 2914 1244 2961 καταραισθέντες)
1272 2913 1427 2949 Secunda
1455 2913 1530 2948 vice
1557 2913 1710 2949 exhibet.

122 2964 214 3011 ἰδίῳ]
234 2964 343 3012 οἰκείῳ
361 2976 392 3000 a.
540 2975 593 3009 19.
619 2963 811 3011 ἐχαρίζετο]
832 2963 1024 3008 ἐταμιεύετο
1042 2974 1073 2997 a.
1092 2961 1170 2997 Cat.
1190 2961 1291 2996 Harl.
