2084 3317
316 189 400 229 728
718 165 768 233 B}
802 192 1075 234 CYRILLI
1117 193 1501 235 ALEXANDR.
1728 191 1815 233 viii.
1840 204 1903 245 19.

318 299 633 367 ἀποφέρουσα
659 300 745 366 τὴν
770 304 877 369 περὶ
903 307 987 353 τοῦ
1015 301 1221 368 Πατρὸς,
1248 304 1273 354 ὃ
1298 302 1428 356 Υἱός.
1485 303 1606 353 οὕτω
1641 302 1722 352 καί
1753 305 1907 368 φησιν

96 367 211 443 {3¹3³st
320 387 348 410 ‘⁶
375 383 545 436 Οὐδεὶς
579 382 763 451 ἔρχεται
789 383 909 450 πρὸς
935 383 1018 435 τὸν
1046 385 1252 451 Πατέρα,
1280 388 1317 435 εἰ
1343 383 1407 448 μὴ
1435 385 1488 434 δι’
1516 383 1673 447 ἐμοῦ·”
1715 386 1786 434 δεῖ
1812 381 1907 448 γὰρ

318 462 548 530 πρότερον
586 465 708 530 ἡμᾶς
747 467 797 517 τί
835 465 955 517 κατὰ
999 467 1150 534 φύσιν
1190 468 1322 517 ἐστὶν
1362 467 1387 517 ὁ
1426 465 1558 528 Υἱὸς,
1600 464 1720 516 κατά
1758 488 1812 530 γε
1852 463 1907 515 τὸ

319 546 574 614 ἐγχωροῦν,
602 549 832 611 ἐκμαθεῖν,
859 546 944 599 εἶθ’
973 552 1120 603 οὕτως
1147 551 1209 602 ὡς
1234 548 1291 618 ἐξ
1313 547 1487 602 εἰκόνος
1511 550 1586 599 καὶ
1613 550 1909 616 χαρακτῆρος

97 639 187 674 496
201 638 252 673 A·
280 629 666 695 ειάκριβεστάτου
697 635 906 681 συνεῖναι
936 635 1095 685 καλῶς
1127 630 1181 681 τὸ
1218 630 1494 698 ἀρχέτυπον.
1550 631 1716 696 ὁρᾶται
1753 628 1847 695 γὰρ
1882 630 1950 680 ὁ5

321 710 491 778 Πατὴρ
517 713 565 762 ἐν
591 715 705 781 Υὶῲ,
734 714 808 762 καὶ
834 711 1045 780 καθάπερ
1071 714 1119 763 ἐν
1145 711 1367 783 ἐσόπτρῳ
1393 717 1452 780 τῇ
1477 718 1560 764 τοῦ
1587 713 1704 763 ἰδίου
1735 710 1904 777 γεννή-

318 816 466 857 ματος
505 793 650 861 φύσει
690 794 999 861 διαφαίνεται.
1054 798 1092 845 εἰ
1133 794 1182 845 δὲ
1219 800 1358 846 τοῦτο
1397 794 1585 859 ἀληθὲς,
1624 793 1788 861 ὥσπερ
1827 794 1908 844 οὖν

318 875 450 926 ἐστιν
494 875 683 939 ἀληθὲς,
728 876 1045 928 δυσωπείσθω
1095 876 1244 928 πάλιν
1295 878 1320 928 ὁ
1371 876 1603 944 θεομάχος
1644 876 1904 943 Ἀρειανός.

319 957 501 1023 ἀνάγκη
535 957 630 1024 γὰρ
665 957 827 1021 ὅμοιον
857 956 971 1009 εἶναι
1007 958 1128 1010 κατὰ
1164 959 1321 1011 πάντα
1354 959 1504 1025 λόγον
1538 982 1587 1009 τε
1623 960 1698 1010 καὶ
1733 957 1910 1026 τρόπον

320 1040 446 1109 αὐτῷ
471 1038 553 1090 τὸν
576 1043 852 1107 χαρακτῆρα
876 1044 959 1106 τῆς
985 1042 1149 1096 οὐσίας
1176 1043 1330 1105 αὐτοῦ,
1352 1042 1427 1093 ἵνα
1454 1042 1517 1106 μὴ
1544 1040 1701 1108 ἕτερόν
1727 1064 1771 1092 τι
1797 1042 1907 1106 παρ’
1934 1059 1980 1084 10

320 1120 436 1189 ὅπερ
481 1123 612 1174 ἐστὶν
658 1123 684 1173 ὃ
731 1123 901 1191 Πατὴρ
953 1124 1352 1189 ὑπολαμβάνηται
1402 1127 1450 1176 ἐν
1489 1129 1591 1192 Υὶῷ
1640 1122 1910 1186 διαλάμπον

319 1204 703 1270 ἀπαραποιήτως·
747 1208 822 1256 καὶ
849 1210 886 1257 εἱ
913 1209 1079 1275 ἀγαπᾷ
1108 1205 1162 1258 τὸ
1194 1209 1242 1258 ἐν
1268 1210 1370 1275 Υἰῴ
1405 1205 1716 1272 γνωρίζεσθαι
1754 1206 1829 1256 καὶ
1864 1207 1912 1256 ἐν

320 1287 447 1355 αὐτῷ
486 1288 831 1356 διαφαίνεσθαι,
871 1286 1060 1342 πάντως
1100 1288 1251 1353 δήπου
1290 1291 1365 1340 καὶ
1404 1289 1673 1351 ὁμοούσιον,
1712 1290 1788 1339 καὶ
1829 1290 1912 1351 τῆς

275 1370 303 1411 b
322 1368 521 1433 ἐνούσης
546 1370 672 1439 αὐτῷ
708 1369 850 1439 δόξης
887 1368 1008 1422 οἶδεν
1034 1370 1148 1422 ὄντα
1174 1373 1272 1423 κατ’
1302 1371 1433 1423 οὐδὲν
1459 1371 1585 1426 ὅλως
1610 1372 1814 1439 χείρονα·
1859 1372 1912 1421 οὐ

321 1450 416 1517 γὰρ
451 1449 508 1501 ἂν
533 1451 772 1516 ἠθέλησεν
802 1454 850 1504 ἐν
876 1454 1131 1505 ἐλάττοσιν
1158 1452 1272 1505 εἶναι
1305 1454 1631 1517 πιστεύεσθαι,
1656 1454 1767 1520 παρ’
1797 1453 1912 1520 ὅπερ
1935 1469 1982 1508 15

322 1535 426 1584 ἐστὶ
468 1533 588 1585 κατὰ
627 1534 778 1603 φύσιν
816 1535 969 1590 αὐτός.
1036 1537 1191 1602 ἐπειδὴ
1235 1536 1284 1588 δὲ
1330 1543 1469 1588 τοῦτο
1514 1538 1590 1587 καὶ
1634 1538 1798 1604 ἀγαπᾷ
1837 1538 1913 1586 καὶ

321 1615 629 1682 βεβούληται,
679 1622 780 1671 πῶς
833 1620 916 1669 οὐκ
966 1618 1149 1685 ἀνάγκη
1201 1619 1371 1671 λοιπὸν
1419 1619 1579 1683 ὅμοιον
1631 1616 1745 1670 εἶναι
1794 1618 1914 1675 κατὰ

322 1697 479 1750 πάντα
524 1698 702 1767 τρόπον
744 1702 997 1767 ὁμολογεῖν
1037 1706 1103 1772 τῷ
1143 1704 1301 1770 Πατρὶ
1341 1700 1424 1754 τὸν
1462 1700 1594 1764 Υἰὸν,
1635 1702 1710 1753 ἵνα
1748 1724 1817 1755 τις
1855 1702 1911 1752 δι’

323 1781 466 1832 αὐτοῦ
505 1782 719 1851 γινώσκῃ
758 1785 834 1835 καὶ
877 1783 960 1835 τὸν
997 1784 1271 1852 γεννήτορα,
1310 1783 1523 1851 καθάπερ
1560 1784 1650 1848 ἤδη
1688 1783 1906 1850 προειρή-

324 1886 486 1928 καμεν,
513 1863 608 1916 ἀπὸ
635 1867 717 1929 τῆς
750 1864 925 1921 εἰκόνος
961 1868 1036 1918 ε’πῖ
1072 1866 1126 1918 τὸ
1163 1867 1429 1935 ἀρχέτυπον
1454 1868 1723 1928 ἀναβαίνων
1748 1866 1913 1932 ὀρθῶς,
1937 1887 1986 1913 20
2060 1876 2084 1945 §.3

324 1945 681 2013 ἀκατηγόρητον
707 1948 827 2015 ἔχειν
858 1948 1049 2013 δύνηται
1084 1949 1172 2013 τὴν
1197 1951 1272 2000 ἐπὶ
1309 1948 1395 2014 τὴν
1421 1948 1560 2015 ἁγίαν
1586 1948 1770 2015 Τριάδα
1807 1947 1911 1998 διοί-
2071 1950 2084 1997 ἶ,

325 2031 495 2095 ληψιν.
552 2031 674 2080 οὕτω
712 2030 799 2094 μὲν
839 2032 921 2081 οὖν
959 2032 984 2082 ὁ
1023 2031 1275 2097 γινώσκων
1313 2030 1395 2082 τὸν
1421 2031 1552 2093 Υὶὸν,
1585 2029 1679 2082 οἶδε
1717 2033 1793 2082 καὶ
1831 2030 1915 2082 τὸν

288 2130 309 2157 e
330 2110 537 2178 Πατέρα.
596 2111 810 2163 κατανόει
845 2112 893 2164 δὲ
931 2113 1058 2168 ὅπως
1089 2113 1208 2178 μετὰ
1235 2119 1317 2164 τοῦ
1344 2113 1502 2179 λέγειν
1528 2112 1586 2163 τὰ
1613 2115 1770 2178 ἀληθῆ
1797 2113 1916 2179 πρὸς

325 2194 578 2248 Ἰουδαίους
615 2196 640 2245 ὁ
674 2195 861 2262 Κύριος,
889 2197 970 2246 καί
1000 2219 1104 2247 τινα
1140 2196 1310 2264 τέχνην
1336 2195 1497 2262 ἑτέραν
1522 2198 1816 2263 παραπλέκει
1850 2199 1917 2263 τῷ

325 2274 472 2345 λόγῳ·
505 2281 679 2345 σαφῶς
705 2276 800 2345 γὰρ
827 2278 970 2329 εἰπών
987 2278 1103 2330 Οὔτε
1130 2278 1207 2347 ἐμὲ
1236 2276 1380 2330 οἴδατε
1409 2277 1498 2330 οὔτε
1524 2280 1590 2330 τὶν
1613 2276 1793 2348 Πατέρα
1817 2303 1917 2346 μου,

324 2357 408 2409 τὸν
434 2363 529 2410 τῶν
554 2360 792 2411 Ἰουδαίων
821 2359 1069 2430 ὑπεξὲλκει
1096 2367 1205 2412 νοῦν
1233 2365 1294 2416 εἰς
1320 2360 1374 2412 τὸ
1405 2359 1470 2425 μὴ
1496 2359 1618 2425 μόνα
1643 2362 1748 2428 περὶ
1775 2361 1918 2412 αὐτοῦ
1977 2378 1981 2381 “

325 2446 517 2510 φρονεῖν
543 2441 602 2493 τὰ
637 2442 924 2509 ἀνθρώπινα,
951 2444 1069 2508 μήτε
1095 2443 1188 2508 μὴν
1216 2443 1398 2495 οἴεσθαι
1422 2443 1542 2494 κατὰ
1568 2442 1794 2507 ἀλήθειαν
1820 2442 1919 2495 υἱὸν

324 2521 467 2574 αὐτὸν
497 2521 611 2575 εἶναι
648 2530 732 2575 τοῦ
759 2524 948 2594 Ἰωσὴφ
983 2527 1386 2595 παραληφθέντος
1422 2529 1738 2588 οἰκονομικῶς,
1770 2525 1919 2592 ζητεῖν

325 2604 374 2656 δὲ
398 2610 592 2670 μᾶλλον
619 2609 694 2658 καὶ
720 2607 1134 2674 περισκέπτεσθαι,
1161 2610 1231 2662 τίς
1256 2608 1342 2672 μὲν
1368 2610 1392 2660 ὁ
1420 2610 1468 2660 ἐν
1494 2611 1552 2676 τῇ
1579 2609 1724 2674 σαρκὶ
1747 2607 1919 2674 Λόγος,

323 2687 395 2742 τίς
421 2687 470 2739 δὲ
498 2689 522 2739 ὁ
549 2688 719 2740 τούτου
746 2688 866 2741 κατὰ
894 2690 1046 2760 φύσιν
1074 2690 1256 2758 Πατήρ.

373 2812 407 2843 4.
444 2800 600 2845 ἐκμαθεῖν
629 2802 737 2837 B.a.c.
766 2803 927 2847 ἐμμαθεῖν
955 2804 1075 2839 Holst.
1105 2804 1172 2839 Ed.
1261 2805 1306 2840 ὣς
1339 2805 1447 2840 ss.a.c.
1477 2804 1584 2839 Cord.
1614 2805 1731 2849 ὥσπερ
1760 2804 1823 2838 Ht.
1853 2803 1921 2839 Ed.

326 2855 360 2891 5.
388 2850 538 2882 συνεῖναι
559 2849 668 2884 ss.a.c.
689 2849 796 2884 Cord.
816 2850 965 2885 συνιέναι
986 2851 1049 2885 Ht.
1069 2851 1137 2886 Ed.
1317 2863 1369 2886 10.
1396 2853 1485 2899 αὐτῷ
1506 2852 1581 2886 B.a.
1604 2851 1666 2885 Ht.
1685 2852 1788 2885 αὐτοῦ
1805 2863 1823 2885 e
1843 2850 1920 2885 Cat.

329 2893 429 2928 Harl.
448 2895 688 2930 emendavisse
706 2909 742 2931 se
760 2897 906 2932 adnotat
923 2898 1019 2933 Aub.
1196 2908 1250 2932 11.
1277 2899 1469 2944 διαλάμποι]
1489 2899 1531 2933 Β.
1551 2899 1751 2943 διαλάμπων
1769 2897 1833 2932 Ht.
1852 2897 1919 2932 Ed.
1973 2906 1978 2926 Ρ
2010 2903 2018 2931 ⁴,

326 2940 618 2986 ὑπολαμβάνηται·
645 2944 846 2988 διαλάμπων
862 2944 1124 2990 ἀπαραποιὴτως
1140 2945 1175 2980 ἐν
1191 2946 1251 2991 υἱῷ
1271 2958 1301 2980 a.
1399 2957 1454 2980 21.
1482 2945 1618 2990 δύνηται
1637 2945 1679 2979 Β.
1703 2945 1764 2979 Ht.
1783 2943 1921 2979 δύναται

326 2987 423 3021 Aub.
570 3001 624 3023 22.
653 2991 706 3024 καὶ
724 2997 949 3036 assumptum
967 3004 1008 3026 ex
1029 2992 1071 3027 B.
1217 2991 1271 3026 26.
1298 2992 1481 3038 ὑφεξέλκει
1500 2992 1594 3027 Aub.

915 3076 1065 3107 ΔΟΞΑ
1115 3078 1330 3107 ΧΡΙΣΤΩ.
