2084 3317
129 165 272 206 vi.68.
340 166 413 207 IN
457 165 499 207 S.
533 163 869 207 JOANNEM.
931 164 1056 205 LIB.
1090 163 1168 205 IV.
1231 163 1364 205 CAP.
1399 164 1477 204 IV.
1635 163 1718 204 567

1783 266 1879 296 Cant.
1896 264 1930 295 ii.

131 273 293 336 ἡλίοις,
326 278 400 325 καὶ
437 273 712 340 κυπρίζουσι
748 274 832 337 μὲν
870 275 1158 336 ἀμπελῶνες,
1190 277 1292 326 ταῖς
1329 271 1376 322 δὲ
1412 276 1507 322 τῶν
1543 269 1721 321 ἀνθέων
1788 317 1836 348 13-

131 356 371 420 εὐοσμίαις
407 356 431 406 ὁ
465 356 674 421 γηπόνος
709 358 932 424 ἐντρυφᾷ,
961 357 1036 406 καὶ
1070 359 1309 423 ποηφορεῖ
1339 354 1423 417 μὲν
1448 354 1598 416 πεδιά,
1626 357 1722 406 τοῖς

131 437 179 488 δὲ
223 441 317 488 τῶν
358 437 616 504 ἀσταχύων
658 438 822 505 ὀχμοῖς
867 437 975 487 ὅλαι
1021 438 1304 504 φρίττουσιν
1350 437 1560 502 ἄρουραι,
1604 432 1724 484 κατά

130 540 258 573 τινας
289 523 383 569 τῶν
409 520 518 584 παρ’
546 519 765 583 “Έλλησι
798 523 1021 582 ποιητῶν·
1076 518 1151 570 ὅτε
1186 521 1433 584 παρῆλθεν
1465 519 1490 568 ὁ
1526 514 1719 584 χειμὼν,
1786 520 1901 593 {kg-1¹,

89 599 249 651 5κατά
287 599 341 652 τὸ
379 599 720 667 γεγραμμένον,
753 600 983 667 ἐπορεύθη
1019 599 1067 651 δὲ
1105 602 1179 651 καὶ
1219 602 1243 651 ὁ
1280 598 1411 654 ὑετὸς
1446 600 1610 668 ἑαυτῷ,
1641 597 1717 648 ὅτε
1742 620 1763 647 e

130 685 212 746 τῆς
265 685 408 747 τομῆς
461 682 674 750 ἔφθασεν
719 683 743 733 ὁ
795 682 969 748 καιρός.
1044 688 1192 733 ταῦτα
1237 681 1287 733 δὲ
1332 680 1490 733 πάντα
1537 679 1723 745 νοήσεις

129 769 465 828 πνευματικῶς,
502 766 578 815 καὶ
613 769 820 831 χειμῶνα
856 763 942 828 μὲν
973 765 1184 832 ἐκλείψει
1224 768 1299 815 καὶ
1340 763 1473 815 ὑετὸν
1504 760 1719 830 παρελά-

130 869 298 909 σαντα,
339 847 445 901 τοὺς
484 848 533 897 ἐκ
572 849 849 910 διαβολικῆς
886 847 1159 912 τυραννίδος
1198 845 1578 910 ἐπισκήπτοντας
1619 866 1722 896 πει·

128 927 357 994 ρασμοῦς,
385 930 462 979 καὶ
499 926 586 991 τὴν
613 927 732 978 κατὰ
770 928 962 979 πάντων
992 928 1291 996 πλεονεξίαν·
1334 926 1533 979 λέλυται
1568 925 1661 993 γὰρ
1696 928 1724 990 ἡ

65 1025 111 1049 10
129 1014 224 1060 τῶν
270 1012 505 1073 δαιμόνων
550 1009 688 1077 ἰσχῦς
731 1011 780 1060 ἐν
819 1009 1011 1076 ἡμέραις
1050 1013 1284 1075 Χριστοῦ.
1342 1010 1477 1074 ἥλιος
1522 1007 1569 1060 δὲ
1616 1009 1727 1073 ἡμῖν

129 1093 363 1143 ἀνέτειλεν
390 1093 415 1142 ὁ
443 1091 679 1158 λαμπρὸς,
707 1091 847 1146 αὐτὸς
882 1090 1104 1156 δηλονότι
1137 1094 1242 1157 περὶ
1281 1092 1335 1142 οῦ
1371 1097 1525 1160 φησιν
1552 1092 1576 1141 ὁ
1605 1090 1726 1145 Θεὸς

129 1177 205 1226 καὶ
227 1174 397 1241 Πατήρ
415 1181 441 1203 “
458 1176 552 1225 Καὶ
580 1175 803 1225 ἀνατελεῖ
825 1175 931 1237 ὑμῖν
955 1174 1089 1238 ἥλιος
1116 1173 1458 1238 δικαιοσύνης,”
1477 1172 1585 1227 τοῦς
1612 1175 1725 1224 ἀπε-
1788 1174 1870 1247 {ffl-
1890 1175 1932 1205 iv·

129 1255 404 1325 ψυγμένους
447 1260 510 1310 εἷς
554 1257 802 1323 ἁμαρτίαν,
846 1260 905 1324 τῇ
951 1261 1034 1307 τοῦ
1083 1256 1361 1319 Πνεύματος
1412 1255 1536 1322 ζέσει
1580 1278 1724 1307 κατα-

131 1338 333 1389 θάλπων
359 1343 421 1392 εἰς
448 1337 767 1402 δικαιοσύνην·
811 1337 1056 1402 ἀμπέλους
1083 1338 1131 1390 δὲ
1157 1338 1308 1389 πάλιν
1333 1337 1418 1392 τὰς
1444 1336 1628 1402 νοητὰς,
1650 1339 1724 1389 καὶ
1744 1359 1765 1384 a
1798 1350 1882 1386 387
1896 1349 1947 1384 A·

65 1434 111 1472 15
131 1420 251 1484 ἄνθη
277 1420 335 1472 τὰ
362 1420 667 1484 πνευματικὰ,
695 1422 772 1472 καὶ
808 1419 1054 1487 ἀστάχυας
1091 1421 1165 1472 ἐπὶ
1200 1420 1394 1483 τούτοις,
1421 1419 1529 1473 τοὺς
1565 1419 1726 1485 ἁγίους

132 1502 328 1568 νοήσεις,
355 1502 644 1573 πολυτρόπῳ
679 1507 737 1571 τῇ
773 1506 835 1557 εἷς
860 1502 985 1554 Θεὸν
1011 1503 1228 1571 εὐσεβείᾳ
1264 1502 1623 1569 διαπρέποντας,
1651 1504 1726 1552 καὶ

130 1587 356 1648 πολυειδῆ
388 1588 471 1648 τῆς
505 1586 673 1651 ἀρετῆς
708 1584 1036 1651 ἀναβρύοντας
1071 1584 1154 1635 τὸν
1179 1584 1380 1651 καρπόν·
1423 1588 1565 1636 εἰπεῖν
1591 1583 1639 1634 δὲ
1666 1585 1729 1637 ὡς

131 1667 180 1716 ἐν
206 1665 428 1736 συντόμῳ
457 1665 627 1718 λοιπὸν
653 1668 927 1732 ἀναγκαῖον
970 1669 1224 1730 ἀνθοκομεῖ
1254 1665 1308 1718 τὸ
1344 1666 1440 1733 ἔαρ,
1467 1668 1542 1717 καὶ
1571 1672 1722 1733 χλοη-

131 1752 296 1816 φορεῖν
334 1748 418 1810 μὲν
457 1746 654 1799 ἅπασαν
692 1746 1039 1815 παρασκευάζει
1077 1747 1163 1813 τὴν
1201 1751 1305 1814 γῆν,
1348 1749 1638 1816 καταστέφει
1678 1747 1727 1799 δὲ

63 1851 113 1877 20
132 1830 218 1899 νέῳ
245 1829 351 1884 τοὺς
376 1835 610 1894 λειμῶνας
635 1829 858 1900 βλάστῳ,
885 1833 961 1882 καὶ
992 1831 1177 1895 πρέμνα
1211 1830 1270 1881 τὰ
1303 1830 1454 1882 πάλαι
1490 1830 1614 1900 ξηρὰ
1651 1831 1727 1882 διὰ

131 1910 218 1976 τὴν
261 1918 344 1963 τοῦ
389 1917 614 1980 χειμῶνος
658 1913 901 1982 ἀφόρητον
947 1914 1084 1979 ὕβριν
1128 1914 1313 1978 ἀνηβᾶν
1356 1914 1611 1975 ἀναπείθει,
1650 1916 1726 1964 καὶ

131 1992 250 2059 πρὸς
288 1993 406 2062 ὄψιν
438 1994 540 2060 ἄγει
579 1995 665 2058 τὴν
700 1995 935 2058 ἀμείνονα,
967 1997 1045 2046 καὶ
1083 1995 1262 2064 φύλλῳ
1300 1993 1386 2059 μὲν
1425 1999 1491 2064 τῷ
1531 1994 1771 2059 συνήθειὶ)

130 2076 509 2143 περιανθίζεσθαι
546 2082 682 2140 ποιεῖ,
722 2082 918 2143 καρποῖς
959 2075 1008 2128 δὲ
1047 2082 1143 2131 τοῖς
1185 2076 1305 2128 κατὰ
1349 2077 1500 2146 φύσιν
1539 2082 1727 2147 φιλοτι-

131 2163 323 2223 μεῖσθαι
361 2158 706 2225 παρασκευάζει
744 2159 828 2211 τὸν
865 2161 1116 2227 ἐφεστῶτα
1154 2160 1383 2226 γηπόνον.
1433 2160 1645 2211 τοιοῦτόν
1682 2183 1728 2211 τι

64 2259 113 2296 25
133 2242 209 2292 καὶ
246 2242 318 2309 ἐφ’
349 2241 480 2305 ἡμῶν
515 2242 826 2307 γεγενημένον
864 2240 1144 2308 εὑρήσομεν·
1188 2245 1230 2293 οἱ
1268 2240 1362 2309 γὰρ
1400 2242 1552 2293 πάλαι
1591 2242 1727 2311 ξηροὶ

133 2321 210 2373 διὰ
233 2321 320 2386 τὴν
345 2321 419 2391 ἐφ’
443 2323 563 2386 ἡμᾶς
588 2323 949 2384 βασιλεύουσαν
975 2324 1223 2390 ἁμαρτίαν,
1245 2326 1320 2375 καὶ
1349 2329 1543 2390 καρπῶν
1566 2324 1727 2391 ε”ρημοι

133 2408 228 2455 τῶν
266 2407 328 2457 εἷς
372 2403 555 2470 ἀρετὴν,
594 2404 888 2470 ἀνεθάλομεν
925 2409 988 2460 εἰς
1029 2405 1333 2471 δικαιοσύνην
1372 2405 1448 2456 διὰ
1486 2409 1723 2473 Χριστοῦ,

133 2489 209 2537 καὶ
245 2484 328 2536 τὸν
359 2485 435 2536 διὰ
470 2487 678 2541 πίστεως
714 2488 804 2553 ἤδη
839 2486 1022 2555 καρπὸν
1053 2490 1288 2557 ἀρτιφανῆ
1327 2511 1378 2539 τε
1417 2491 1493 2539 καὶ
1524 2489 1628 2540 νέον
1661 2493 1728 2558 τῷ

134 2572 229 2618 τῶν
266 2567 547 2631 πνευμάτων
584 2569 781 2640 γηπόνῳ
819 2570 1215 2638 προσ-κομίζομεν·
1270 2571 1391 2621 οὕτω
1436 2592 1487 2621 τε
1533 2576 1728 2635 νοοῦμεν

185 2724 216 2749 Ι.
242 2713 386 2760 ἀνθέων]
406 2714 532 2749 ἄνωθεν
550 2714 593 2749 Β.
689 2726 723 2761 3.
747 2715 870 2762 ἇχμοῖς
889 2716 931 2750 Β.
1037 2725 1071 2759 5.
1097 2716 1204 2751 υἶετός
1222 2714 1318 2750 Aub.
1337 2715 1471 2750 correxi
1489 2718 1570 2761 post
1589 2715 1725 2761 Migne.

134 2761 168 2796 6.
195 2761 304 2796 πάντα
321 2767 401 2806 post
417 2764 647 2805 πνευματικῶς
663 2767 707 2797 tr.
727 2762 770 2797 B.
913 2773 944 2808 7.
970 2762 1031 2807 μὲν
1051 2762 1093 2797 Β.
1113 2763 1148 2796 ἐν
1166 2762 1233 2796 Ed.
1299 2763 1542 2805 παρελάσαντα
1562 2762 1604 2796 B.
1622 2778 1726 2808 παρε-

134 2808 304 2843 λάσαντες
323 2807 389 2842 Ed.
490 2820 503 2841 1
515 2819 543 2842 Ι.
562 2810 579 2841 ὁ
599 2809 695 2853 prius
713 2815 935 2854 assumptum
955 2821 996 2844 ex
1017 2809 1059 2844 B.
1129 2809 1229 2844 αὐτὸς
1246 2820 1316 2844 om.
1336 2808 1379 2843 B.
1480 2820 1533 2844 12.
1552 2809 1725 2855 ἀπεψοιμ-

134 2869 254 2913 μένους
274 2869 315 2903 Β.
433 2881 485 2913 15.
512 2869 666 2914 ἄσταχυς
686 2870 728 2905 Β.
843 2870 896 2905 16.
922 2863 1130 2915 πολυτρόπῶ
1149 2872 1191 2906 Β.
1305 2881 1358 2917 17.
1385 2872 1615 2916 ἀναβρύοντας
1634 2873 1726 2908 B.D.

135 2915 347 2959 ἀναβρύοντα
366 2915 432 2949 Ed.
484 2915 610 2950 Statim
627 2917 686 2950 τὸν
703 2924 926 2962 assumptum
944 2930 984 2951 ex
1006 2918 1047 2951 Β.
1135 2930 1190 2953 22.
1217 2919 1276 2961 τὴν
1296 2918 1337 2952 Β.
1356 2919 1396 2953 τὰ
1417 2919 1484 2954 Ed.
1569 2930 1624 2965 27.
1651 2920 1728 2965 ἀρε-

135 2965 194 3006 τὴν
215 2963 307 2997 B.D.
325 2962 491 3007 ἁμαρτίαν
509 2962 575 2996 Ed.
596 2964 767 3008 σωτηρίαν
785 2965 935 2999 correxit
954 2964 1090 3009 Migne.
1159 2965 1287 3000 Statim
1304 2966 1536 3010 ἀνεθάλλομεν
1555 2966 1598 3002 Β.
