2084 3317
229 579 685 653 Ἀπολογησάμενος
720 597 1000 665 ἀρκούντως,
1028 607 1103 656 καὶ
1138 606 1223 672 τὴν
1250 612 1403 662 αἰτίαν
1429 615 1554 683 αὐτῷ
1586 639 1741 684 παρα-

109 667 131 706 5
154 662 259 724 θεὶς,
300 665 358 715 δι’
397 667 454 731 ἢν
493 672 576 722 οὐκ
620 678 681 729 εἱς
727 678 929 746 ἄμετρόν
969 707 1014 735 τι
1055 689 1132 738 καὶ
1172 691 1403 761 ὑπερφυὲς
1443 697 1468 746 ὁ
1506 701 1588 761 τῆς
1626 701 1744 767 πρὸς

152 743 295 796 αὐτὸν
340 750 650 809 διδασκαλίας
692 761 934 831 ἀνατρέχει
978 767 1137 832 λόγος,
1185 776 1453 835 καταβαίνει
1500 779 1548 831 δὲ
1594 781 1743 833 πάλιν

149 826 222 876 ε’πῖ
268 827 326 879 τὰ
375 831 450 883 διὰ
490 838 738 895 Μωυσέως
775 851 979 901 τυπικῶς
1017 850 1197 903 ἄνωθεν
1236 860 1536 924 γεγενημένα,
1575 886 1736 930 χειρα-

147 910 340 974 γωγίαις
376 919 569 977 μᾶλλον
601 921 742 973 αὐτὸν
773 931 874 981 ταῖς
915 928 990 980 διὰ
1029 935 1291 1000 σχημάτων
1324 938 1464 1002 μόλις
1505 943 1776 999 δύνασθαιο

145 989 265 1054 πρὸς
289 994 548 1060 ἐπίγνωσιν
573 1005 656 1066 τῆς
681 1007 903 1071 ἀληθείας
929 1014 1097 1077 ἐλθεῖν,
1125 1014 1152 1080 ἢ
1179 1029 1510 1084 πνευματικαῖς
1536 1027 1731 1093 ἀκριβο-

77 1088 126 1114 10
145 1073 342 1137 λογίαις,
371 1078 751 1148 ἐξεπιστάμενος.
809 1087 891 1142 δεῖν
925 1093 973 1145 δὲ
1012 1096 1069 1161 δὴ
1108 1101 1297 1156 πάντως
1336 1104 1478 1156 αὐτὸν
1511 1105 1742 1177 ὑψωθῆναί

144 1157 309 1220 φησιν,
345 1161 402 1215 ὡς
440 1166 506 1214 τὸν
546 1166 643 1234 ὄφιν
681 1169 763 1222 τὸν
801 1172 877 1224 διὰ
919 1179 1178 1244 Μωυσέως,
1214 1185 1591 1256 ἀναγκαιοτάτην
1629 1196 1729 1245 ε’πι·

143 1237 320 1293 δεικνὺς
364 1245 446 1306 τῆς
498 1249 708 1315 ἱστορίας
753 1253 839 1319 τὴν
881 1258 1116 1326 βάσανον,
1162 1267 1236 1315 καὶ
1286 1273 1536 1340 μονονουχὶ
1586 1275 1735 1328 πάλιν

141 1319 284 1371 ἐκεῖνο
338 1324 494 1391 λέγων
550 1331 669 1396 πρὸς
704 1335 809 1387 ’τὸν
859 1346 1054 1394 νοοῦντα
1102 1347 1248 1410 μηδέν
1296 1357 1322 1379 “
1350 1352 1597 1418 Ἐρευνᾶτε
1647 1358 1731 1414 τὰς
1794 1374 1888 1406 Infra

139 1407 168 1429 “
193 1404 397 1473 γραφὰς,
427 1408 497 1461 ὅτι
524 1412 665 1465 αῦταί
686 1421 807 1469 εἰσιν
831 1425 877 1472 αἱ
901 1433 1228 1492 μαρτυροῦσαι
1253 1435 1359 1498 περὶ
1391 1436 1544 1498 ἐμοῦ.”
1597 1439 1729 1509 ὄφεις
1791 1429 1821 1449 x.
1842 1428 1893 1460 39-

68 1495 114 1535 15
135 1482 221 1543 μὲν
253 1486 348 1554 γὰρ
382 1495 478 1545 τοῖς
511 1494 568 1561 ἐξ
594 1496 795 1564 Ἰσραὴλ
830 1504 1075 1570 ἐπεπήδων
1107 1511 1227 1562 κατὰ
1263 1513 1348 1578 τὴν
1380 1517 1569 1585 ἔρημον,
1602 1526 1644 1573 οἱ
1680 1522 1727 1574 δὲ

134 1567 391 1636 ἀσταχύων
415 1575 667 1632 πίπτοντες
704 1583 847 1648 δίκην,
876 1590 950 1638 καὶ
986 1589 1103 1656 πρὸς
1139 1592 1220 1644 τὸν
1247 1597 1485 1663 ἀδοκήτως
1523 1605 1721 1670 ἐπισκή-

131 1650 297 1716 ψαντα
331 1654 542 1709 κίνδυνον
569 1661 623 1711 οὐ
659 1666 857 1731 μετρίως
893 1671 1239 1739 ἀσχάλλοντες,
1268 1683 1571 1747 οἷκτροτάτας
1604 1690 1719 1756 ἀφι-
1743 1702 1770 1743 d

131 1729 255 1785 ε’ντες
294 1735 457 1802 φωνὰς
491 1739 578 1805 τὴν
603 1743 783 1798 ἄνωθεν
808 1750 883 1800 καὶ
917 1753 1048 1820 παρὰ
1077 1759 1203 1808 Θεοῦ
1236 1764 1477 1829 σωτηρίαν
1502 1767 1717 1823 ἐκάλουν.

129 1813 154 1863 ὁ
182 1814 231 1866 δὲ
257 1818 442 1886 ε’πείπερ
476 1822 534 1889 ἧν
559 1828 738 1892 ἀγαθός
773 1855 822 1883 τε
859 1837 934 1885 καὶ
971 1841 1332 1908 φιλοικτίρμων,
1360 1848 1421 1901 ὡς
1449 1849 1583 1914 Θεὸς,
1611 1852 1723 1921 ὅφιν
1785 1864 1886 1939 {¹512-

59 1915 109 1941 20
127 1897 284 1954 αὐτοῖς
317 1903 590 1970 ἀναστῆσαι
625 1918 839 1978 χαλκοῦν
871 1920 1046 1970 κελεύει
1074 1925 1307 1976 Μωυσέα·
1355 1931 1431 1980 καὶ
1468 1931 1525 1997 δὴ
1560 1937 1635 1984 καὶ
1673 1938 1721 1987 ἐν
1784 1932 1815 1939 ‘¹
1847 1924 1899 1951 Δ·

125 1980 250 2051 αὐτῷ
283 1994 582 2051 προμελετᾶν
609 1994 843 2048 ε’πιτοῖττει
877 1999 964 2064 τὴν
995 2001 1071 2053 διὰ
1106 2006 1313 2062 πίστεως
1349 2014 1605 2080 σωτηρίαν.
1663 2017 1720 2082 ἧν

121 2061 216 2130 γὰρ
254 2071 321 2135 τῷ
358 2071 575 2138 δηχθέντι
613 2074 667 2126 τὸ
707 2078 972 2146 φάρμακον,
1009 2084 1064 2135 τὸ
1100 2091 1162 2141 εἷς
1197 2090 1460 2157 πρόσωπον
1492 2099 1603 2148 ι’δεΐν
1635 2107 1718 2151 τοῦ

120 2147 344 2213 κειμένου,
386 2154 461 2203 καὶ
506 2154 592 2220 τὴν
629 2159 703 2210 ἐπὶ
749 2167 846 2216 τοῖς
886 2165 1105 2233 ἐσχάτοις
1150 2172 1444 2241 ἀπαλλαγὴν
1484 2179 1510 2242 ή
1555 2181 1716 2236 πίστις

118 2227 237 2290 μετὰ
268 2233 351 2295 τῆς
385 2234 492 2290 θέας
527 2243 623 2294 τοῖς
658 2241 836 2306 ὁρῶσιν
862 2247 1259 2314 ἐπραγματεύετο.
1315 2257 1374 2307 τὰ
1410 2259 1497 2323 μὲν
1524 2263 1605 2312 οῦν
1631 2267 1714 2327 τῆς

51 2319 98 2357 25
119 2311 330 2377 ἱστορίας
364 2317 412 2366 ἐν
443 2319 637 2375 τούτοις·
691 2323 807 2376 ὅλον
834 2327 881 2378 δὲ
917 2329 1078 2394 πάλιν,
1105 2336 1167 2387 ὡς
1203 2338 1251 2386 ἐν
1284 2339 1415 2409 τύπω
1450 2347 1515 2411 τῷ
1549 2344 1707 2411 πράγ-
1731 2370 1752 2395 0

115 2414 240 2456 ματι,
267 2394 321 2446 τὸ
363 2401 444 2462 τῆς
481 2402 882 2472 ε’νανθρωπήσεως
919 2416 1218 2485 καταγράφει
1257 2422 1534 2489 μυστήριον.
1603 2427 1711 2495 ὄφις

113 2472 201 2536 μὲν
225 2475 320 2544 γὰρ
355 2478 442 2544 τὴν
475 2484 648 2552 πικρὰν
680 2491 756 2540 καὶ
791 2491 1185 2559 ἀνθρωποκτόνον
1212 2501 1444 2567 ἁμαρτίαν
1470 2509 1706 2572 σημαίνει,

119 2554 137 2572 Α

111 2578 141 2620 η
182 2560 258 2609 καὶ
299 2561 499 2626 σύμπαν
536 2566 590 2618 τὸ
635 2570 709 2621 ἐπὶ
750 2575 834 2636 τῆς
874 2578 962 2640 γῆς
1000 2580 1321 2641 κατεβόσκετο
1362 2586 1509 2650 γένος,
1547 2597 1703 2641 πολυ-

158 2713 191 2749 6.
218 2715 254 2749 δέ
273 2726 495 2764 assumptum
514 2735 555 2757 ex
576 2724 617 2759 B.
747 2729 780 2763 8.
808 2731 909 2766 αὐτὸν
924 2735 1060 2775 μᾶλλον
1076 2735 1216 2771 inverso
1234 2738 1355 2774 ordine
1377 2741 1416 2775 B.
1553 2756 1605 2780 10.
1632 2747 1704 2782 ἐπι-

111 2761 278 2805 στάμενος
297 2763 339 2797 Β.
392 2766 517 2803 Statim
536 2771 606 2805 δεῖν
625 2772 667 2808 Β.
685 2774 736 2808 δεῖ
754 2776 821 2812 Ed.
887 2780 988 2814 αὐτὸν
1008 2781 1049 2816 Β.
1068 2784 1188 2817 ἑαυτὸν
1206 2784 1272 2819 Ed.
1471 2800 1526 2825 20.
1554 2794 1701 2840 Μωσέα]

751 2832 843 2849 ΤαΤΤΕι

109 2837 202 2884 οἶμαι
222 2846 344 2878 Μωσεῖ
362 2846 395 2879 D
414 2858 486 2892 mg.
608 2863 662 2887 21.
689 2854 867 2892 ἐπίσταται
888 2859 929 2895 Β.
1044 2872 1097 2906 23.
1125 2864 1184 2907 τὴν
1204 2865 1245 2898 Β.
1265 2869 1331 2899 τῶν
1349 2867 1414 2901 Ed.
1481 2870 1699 2919 ἀπαλλαγὴν]

112 2891 150 2927 -Ι-
168 2890 327 2925 κινὸύνων
345 2892 412 2927 Ed.
432 2894 542 2929 invito
562 2897 603 2932 Β.
622 2901 780 2937 κινδύνων
797 2904 902 2939 habet
922 2907 980 2949 D.,
995 2908 1054 2941 ses]
1074 2910 1113 2943 οὐ
1130 2911 1195 2955 γρ’.
1215 2913 1253 2945 τὸ
1271 2913 1429 2948 κινδύνων
1443 2916 1480 2959 (i.
1493 2929 1522 2951 e.
1543 2918 1617 2953 dele
1635 2936 1701 2955 κιν-

108 2933 230 2979 δύνων)
250 2937 284 2970 D
303 2950 374 2983 mg.
520 2944 574 2977 28.
603 2950 909 2986 καταβοσκεισαιτο
928 2955 1008 2996 (sic)
1031 2955 1071 2989 B.

166 3002 257 3032 vor„
282 3006 311 3033 1.
877 3020 903 3047 G
924 3024 954 3061 g
