2084 3317
353 149 437 187 430
758 150 805 190 B.
840 150 1109 191 CYRILLI
1152 149 1531 191 ALEXANDR.
1795 150 1849 190 vi.
1872 162 1936 191 21.

353 257 661 320 δεικνύμενος·
720 260 887 310 οὐκοῦν
927 259 1040 310 ὅταν
1079 261 1187 323 ἡμῖν
1231 261 1529 328 ἐπιφαίνηται
1573 259 1648 309 καὶ
1693 257 1938 325 ἐπιλάμπῃ

352 338 580 404 Χριστὸς,
607 341 783 391 ἀκονιτὶ
809 342 1177 405 κατορθώσομεν
1203 343 1279 391 καὶ
1311 339 1365 392 τὸ
1397 340 1550 406 μεῖζον
1577 339 1605 404 ἢ
1642 340 1740 391 κατ’
1768 339 1940 390 ἐλπίδα

352 419 438 483 τὴν
476 422 524 471 ἐν
562 421 684 485 ἡμῖν,
717 424 792 472 καὶ
831 425 873 472 οἱ
912 422 987 473 διὰ
1025 428 1108 473 τοῦ
1145 420 1211 486 μὴ
1250 422 1370 490 ε”χειν
1410 422 1551 472 αὐτὸν
1583 420 1938 480 κινδυνεύοντες,

352 501 536 556 οὐδενὸς
562 502 627 553 ε”τι
653 502 1053 569 προσδεησόμεθα
1076 502 1225 556 πόνου
1258 502 1377 569 πρὸς
1413 504 1466 554 τὸ
1503 503 1734 554 δύνασθαι
1766 524 1935 567 κατορ-

352 587 465 634 θοῦν
496 582 555 634 τὰ
593 587 839 648 λυσιτελῆ,
866 584 1100 650 παρόντος
1135 586 1291 637 αὐτοῦ.
1343 584 1484 639 λύσις
1523 586 1604 635 οῦν
1637 584 1729 651 ἄρα
1766 582 1941 637 παντὸς
1961 598 1984 636 5

351 664 563 716 κινδύνου
613 664 841 732 Χριστὸς,
887 668 960 717 καὶ
1012 666 1390 734 κατορθωμάτων
1438 666 1634 727 ἔκβασις
1683 670 1777 717 τῶν
1827 664 1942 731 ὑπὲρ

351 747 525 797 ἐλπίδα
561 752 659 801 τοῖς
695 748 1096 816 προσδεχομένοις
1134 748 1290 800 αὐτόν.

311 841 333 867 0
423 827 618 893 Ἐπειδὴ
658 829 706 880 δὲ
744 829 827 881 τὸν
862 832 934 898 ἐφ’
969 830 1155 900 ἑκάστῳ
1192 835 1287 881 τῶν
1325 831 1640 897 προκειμένων
1678 828 1768 880 ἀνὰ
1805 828 1942 896 μέρος

350 909 674 974 ἐποιησάμεθα
701 911 864 977 λόγον,
893 912 977 978 ἄγε
1012 911 1069 977 δὴ
1103 912 1251 964 πάλιν
1277 917 1377 966 ταῖς
1413 917 1507 963 τῶν
1532 911 1622 976 ἤδη
1648 911 1945 981 φθασάντων

350 993 651 1047 ἀκολουθιάις
689 996 765 1044 καὶ
803 993 886 1045 τὸν
924 996 972 1045 ἐν
1010 994 1189 1048 τούτοις
1228 995 1519 1062 συνείροντες
1567 1000 1689 1058 νοῦν,
1727 1017 1938 1058 πνευμα-
1966 1014 2014 1040 10

351 1073 485 1138 τικὴν
511 1075 817 1144 ἐξυφήνωμεν
844 1077 1057 1143 θεωρίαν.
1114 1078 1279 1128 οὐκοῦν
1313 1075 1477 1144 ὥσπερ
1516 1081 1578 1130 εἰς
1617 1076 1725 1142 ὅρος
1763 1078 1934 1137 ἀναβε-

126 1149 234 1189 Supra

126 1203 181 1233 pp.
197 1191 269 1230 288,

130 1237 201 1277 289.

351 1156 545 1220 βηκέναι
596 1157 679 1208 τὸν
723 1158 921 1224 οὐρανὸν
965 1159 1189 1224 ἐλέγομεν
1229 1158 1313 1210 τὸν
1357 1160 1562 1223 Ἰησοῦν,
1607 1159 1944 1227 ἀναληφθέντα

352 1237 585 1302 δηλονότι,
625 1238 743 1303 μετὰ
781 1241 866 1304 τὴν
904 1242 954 1291 ἐκ
994 1246 1168 1306 νεκρῶν
1207 1242 1484 1301 ἀναβίωσιν·
1539 1241 1650 1290 ἀλλ’
1692 1240 1765 1291 ὅτε
1804 1246 1944 1291 τοῦτο

349 1319 570 1384 γενέσθαι
596 1322 887 1386 συμβέβηκε,
914 1323 1019 1373 τότε
1045 1322 1180 1387 μόνοι
1208 1325 1284 1374 καὶ
1311 1323 1416 1373 καθ’
1445 1321 1634 1376 ἑαυτοὺς
1665 1327 1707 1374 οἱ
1737 1326 1943 1387 μαθηταὶ

349 1402 500 1452 τύπον
533 1403 777 1471 ἐπέχοντες
815 1408 910 1454 τῶν
942 1404 1114 1473 ἐφεξῆς
1154 1406 1230 1455 καὶ
1269 1403 1388 1455 κατὰ
1424 1403 1579 1455 πάντα
1618 1403 1780 1471 καιρὸν
1810 1407 1940 1455 διδα-
1967 1427 2013 1464 15

305 1495 332 1536 d
349 1483 549 1536 σκάλων
573 1487 1002 1550 ἐκκλησιαστικῶν,
1024 1485 1237 1552 καθάπερ
1263 1485 1368 1538 τινὰ
1395 1486 1672 1550 θάλασσαν,
1696 1487 1780 1538 τὸν
1804 1489 1852 1538 ἐν
1876 1491 1944 1557 τῷ

348 1566 548 1633 παρόντι
595 1569 686 1637 βίῳ
732 1567 1033 1636 διανήχονται
1084 1568 1316 1631 κλύδωνα,
1359 1573 1552 1637 συχνοῖς
1598 1571 1673 1619 καὶ
1716 1568 1944 1635 μεγάλοις

349 1650 707 1716 περιπίπτοντες
741 1655 1038 1717 πειρασμοῖς,
1065 1652 1141 1701 καὶ
1171 1649 1278 1704 τοὺς
1315 1652 1390 1702 ἐπὶ
1423 1654 1489 1720 τῷ
1523 1650 1762 1702 διδάσκειν
1792 1650 1945 1702 κινδύ-

352 1756 457 1786 νους
497 1734 580 1783 οὐκ
613 1732 1049 1801 εὐκαταφρονήτους
1087 1733 1393 1797 ὑπομένοντες
1425 1733 1554 1800 παρὰ
1589 1737 1684 1784 τῶν
1715 1735 1946 1798 ἀνθεστη-

352 1814 504 1866 κότων
528 1819 587 1883 τῇ
622 1815 780 1866 πίστει
816 1818 891 1866 καὶ
928 1815 1208 1883 μαχομένων
1240 1821 1336 1869 τοῖς
1371 1817 1692 1882 εὐαγγελικοῖς
1725 1813 1946 1879 δηλονότι
1966 1836 2016 1863 20

352 1895 669 1964 κηρύγμασιν·
714 1896 846 1946 ἀλλὰ
880 1899 956 1947 καὶ
987 1902 1070 1947 τοῦ
1096 1896 1254 1966 φόβου
1279 1900 1606 1948 πεπαύσονται
1631 1899 1706 1948 καὶ
1733 1896 1945 1948 κινδύνου

352 1977 543 2042 παντὸς,
569 1977 898 2047 καταλήξουσι
925 1978 972 2030 δὲ
1000 1982 1074 2030 καὶ
1102 1982 1184 2042 τῆς
1209 1981 1257 2029 ἐν
1282 1980 1443 2033 πόνοις
1469 1980 1804 2046 ταλαιπωρίας,
1832 1979 1946 2030 ὅταν

312 2061 509 2115 εαύτοῖς
549 2063 623 2112 καὶ
666 2064 874 2114 εἰσαῦθις
916 2061 1215 2127 ἐπιφαίνηται
1260 2059 1474 2126 Χριστὸς
1518 2063 1567 2112 ἐν
1608 2060 1797 2125 δυνάμει
1843 2065 1946 2112 θεο-

351 2147 532 2209 πρεπεΐ,
562 2145 638 2193 καὶ
676 2147 842 2194 πᾶσαν
877 2143 997 2210 ε”χων
1031 2143 1120 2194 ὑπὸ
1158 2142 1306 2196 πόδας
1344 2143 1431 2207 τὴν
1463 2143 1750 2208 οἰκουμένην.
1805 2150 1945 2195 τοῦτο

352 2224 446 2291 γὰρ
479 2223 606 2289 οἶμαι
637 2228 813 2289 δηλοῦν
839 2223 892 2276 τὸ
928 2226 1002 2276 ἐπὶ
1041 2224 1298 2290 θαλάσσης
1334 2231 1616 2292 περιπατεῖν,
1644 2227 1739 2277 ἐπεὶ
1773 2227 1849 2277 καὶ
1884 2230 1946 2280 εἷς
1966 2250 2014 2287 25

355 2306 540 2370 κόσμου
573 2305 722 2358 τύπον
747 2306 1045 2370 πολλάκιςη
1034 2308 1043 2321 ‘
1082 2308 1316 2359 θάλασσα
1347 2307 1477 2373 παρὰ
1511 2312 1570 2375 τῇ
1608 2309 1709 2359 θεια
1747 2307 1940 2373 λαμβά-

128 2389 182 2472 12³}
198 2387 262 2418 θῶ·
355 2411 484 2440 νεται
521 2392 687 2458 γραφῇ
723 2388 842 2440 κατὰ
876 2388 930 2440 τὸ
965 2391 1013 2440 ἐν
1048 2395 1262 2458 ψαλμοῖς
1300 2389 1540 2456 ειρημένον
1572 2391 1748 2455 ί(Αὕτη
1787 2391 1814 2454 ἡ
1854 2388 1944 2442 θά-

354 2477 383 2500 “
407 2479 580 2522 λασσα
603 2472 630 2536 ἡ
657 2469 845 2537 μεγάλη
873 2494 947 2521 και
974 2471 1252 2538 εὐρύχωρος·
1302 2474 1397 2522 ἐκεῖ
1417 2470 1590 2536 ἑρπετα
1616 2470 1681 2523 ὡν
1707 2473 1791 2523 οὐκ
1814 2495 1946 2523 εστιν

354 2551 616 2620 “ἀριθμὸς,
641 2553 734 2623 ζῷα
771 2552 913 2619 μικρὰ
952 2553 1069 2614 μετὰ
1108 2557 1201 2603 τῶν
1232 2554 1501 2619 μεγάλωνῗ
1557 2553 1671 2604 ὅταν
1707 2554 1789 2605 οὖν
1826 2552 1946 2622 ’έλθῃ

129 2635 289 2667 S.Matth.

129 2680 262 2719 xvi.27.
357 2635 380 2685 ὁ
411 2633 623 2701 Χριστὸς
660 2637 709 2686 ἐν
739 2639 797 2703 τῇ
834 2633 951 2705 δόξῃ
987 2641 1069 2686 τοῦ
1099 2636 1288 2700 Πατρὸς
1325 2638 1480 2700 αὐτοῦ,
1514 2637 1635 2687 καθὰ
1671 2636 1945 2702 γέγραπται,
1965 2663 2016 2699 30

401 2824 434 2853 4.
459 2811 750 2856 προσδεησόμεθα
769 2812 811 2846 Β.
830 2811 1164 2857 προσδεηθησόμεθιι
1183 2812 1248 2847 Ed.
1385 2824 1437 2848 12.
1464 2814 1610 2859 λέγομεν
1629 2813 1670 2848 Β.
1810 2825 1863 2874 13.
1889 2814 1944 2848 ὅτε

356 2857 398 2891 Β.
404 2858 450 2891 D.
471 2859 606 2904 ΝΙίἓἩθ.
624 2858 676 2892 ὅτι
693 2858 788 2893 Aub.
891 2870 942 2902 14.
971 2860 1024 2893 καὶ
1041 2871 1111 2894 om.
1133 2859 1172 2893 B.
1275 2871 1327 2904 19.
1352 2875 1398 2894 πα
1401 2859 1495 2906 ρὰ](
1481 2862 1546 2894 υπὸ
1568 2860 1608 2894 Β.
1706 2871 1762 2905 23.
1787 2859 1882 2895 αυθις
1902 2861 1942 2895 Β.

356 2915 411 2948 29.
440 2904 537 2939 Haec
555 2906 621 2950 ζῷα
639 2907 740 2950 μικρὰ
757 2921 840 2948 μετα
858 2909 923 2940 τῶν
940 2907 1098 2951 μεγάλων
1115 2914 1295 2951 assumpta
1314 2919 1353 2940 ex
1377 2875 1421 2941 Βρ
1481 2905 1601 2950 ἔλθῃ
1585 2922 1603 2940 o
1621 2908 1770 2952 Χριστὸς
1787 2908 1822 2941 ἐν
1839 2909 1879 2951 τῇ
1902 2907 1942 2941 Β.

354 2950 493 2995 εῖσελθῃ
515 2954 664 2996 Χριστὸς
682 2953 716 2986 ἐν
736 2952 802 2986 Ed.
