2021 3296
125 181 150 223 i.
174 195 214 238 3.
386 181 462 222 IN
504 180 546 222 S.
580 177 915 220 ιῘΟΑΝΝΕΜ.
978 175 1104 216 LIB.
1138 174 1174 215 I.
1237 174 1370 215 CAP.
1401 173 1455 214 V.
1663 173 1712 212 71

124 291 229 357 γιάς
266 288 414 352 ὄνομα
452 293 632 355 θερμῶς
670 285 961 355 ἐπιφέρουσι,
997 287 1170 336 δοῦλον
1206 283 1302 334 ἀντ’
1340 280 1602 347 ἐλευθερου,
1643 283 1716 329 καὶ
1737 300 1758 326 e

125 370 416 438 θεραπευτὴν
447 370 476 436 ἢ
517 369 755 432 δεσπότην
788 368 1198 434 ὀνειροπολοῦντες
1230 363 1314 415 τὸν
1341 362 1476 414 Υἱόν·
1531 360 1715 427 μανθά-

126 477 282 508 νοντες
327 452 376 503 δὲ
418 451 567 504 πάλιν
612 451 683 502 ὅτι
733 455 868 519 χωρὶς
920 449 1052 499 αὐτοῦ
1102 447 1265 513 ἐγένετο
1312 442 1404 497 οὐδὲ
1450 444 1504 503 ἓν,
1548 445 1622 495 ἐπὶ
1666 442 1721 493 τὸ

126 540 317 604 φρονεῖν
342 535 412 586 ἐπ’
442 535 566 602 αὐτῷ
592 532 715 599 με’γα
739 554 783 583 τι
809 533 885 582 καὶ
917 527 1214 598 ἀξιάγαστον
1240 529 1323 579 οὐκ
1360 525 1715 586 ἀναβαίνουσιν.

82 619 188 671 5ὡς
239 617 333 683 γὰρ
384 616 550 683 ἑτέρως
600 616 654 666 οὐ
697 611 962 683 πεφυκότος
1006 614 1302 677 δημιουργεῖν
1347 615 1430 660 τοῦ
1475 612 1600 660 Θεοῦ
1645 610 1721 658 καὶ

127 697 332 767 Πατρός,
372 702 408 749 εἰ
452 695 517 762 μὴ
563 695 638 748 διὰ
682 701 765 747 τοῦ
811 696 927 746 ἰδίου
968 693 1272 761 γεννήματος,
1314 691 1365 746 ὅς
1409 692 1541 742 ἐστιν
1582 688 1722 743 αὐτὸς

124 781 278 850 σοφία
305 783 380 832 καὶ
406 780 613 842 δύναμις,
645 775 756 830 οὐδὲν
783 777 908 831 ὅλως
934 779 1067 845 χωρὶς
1094 777 1225 827 αὐτοῦ
1251 774 1545 840 γεγενῆσθαί
1567 776 1722 841 φησιν

126 865 151 914 ὁ
191 860 567 929 Εὐαγγελιστής·
629 859 705 911 δια
750 859 844 926 γὰρ
888 864 1027 910 τοῦτο
1070 859 1146 908 καὶ
1190 855 1310 925 δόξα
1352 862 1434 907 τοῦ
1475 859 1600 906 Θεοῦ
1645 857 1722 905 καὶ

127 944 318 1011 Πατρός
353 947 486 996 ἐστιν
517 945 542 995 5
581 941 874 1008 Μονογενής·
923 939 1166 1010 δοξαζεται
1203 962 1299 1006 γαρ
1337 940 1399 992 ὡς
1439 935 1722 1003 δημιουργὸς

58 1053 106 1078 10
126 1028 180 1079 δι’
209 1030 340 1078 Υἱοῦ·
387 1025 446 1078 τὰ
471 1025 629 1079 πάντα
655 1048 749 1092 γαρ
775 1027 988 1091 ἐνεργῶν,
1017 1024 1093 1074 καὶ
1118 1024 1180 1076 εἰς
1206 1021 1261 1073 τὸ
1287 1019 1400 1073 εἶναι
1427 1019 1487 1071 τὰ
1510 1018 1575 1084 μὴ
1609 1018 1724 1070 ὅντα

124 1110 428 1178 παραφερων.

200 1191 392 1256 Νοήσαι
419 1192 462 1241 δ’
492 1190 550 1241 ἄν
576 1213 645 1245 τις
671 1194 829 1244 καλῶς
853 1189 908 1241 τό
943 1193 1084 1258 Χωρῖς
1118 1188 1247 1239 αὐτοῦ
1278 1184 1440 1253 ἐγένετο
1472 1181 1563 1236 οὐδὲ
1592 1180 1644 1248 ἓν,
1668 1183 1722 1235 τὸ

126 1273 366 1340 εἰρημένον
407 1275 481 1325 ἐπὶ
531 1276 590 1341 τῇ
642 1278 725 1324 τοῦ
769 1271 1021 1339 ἀνθρώπου
1072 1272 1356 1337 κατασκευῇ,
1398 1268 1506 1319 καθ’
1558 1265 1724 1318 ἑαυτὸν

126 1356 480 1421 ἐνθυμούμενος·
547 1362 575 1385 “
603 1354 892 1420 Ποιήσωμεν
940 1353 1033 1420 γὰρ
1088 1353 1352 1418 ἄνθρωπον,
1405 1351 1570 1417 φησὶν,
1623 1350 1720 1400 κατ’

62 1461 108 1499 15
129 1445 156 1468 “
181 1437 335 1490 εἰκόνα
360 1437 588 1506 ἡμετέραν
615 1438 690 1488 καὶ
717 1436 825 1488 καθ’
854 1436 1127 1501 ὁμοίωσιν.”
1183 1434 1343 1503 ε”ξεστι
1378 1432 1473 1499 γὰρ
1499 1433 1548 1482 ἐν
1573 1431 1723 1500 τούτῳ

129 1519 186 1585 δὴ
212 1520 428 1585 μάλιστα
454 1519 844 1571 καταθεάσασθαι
871 1522 1043 1588 σαφῶς
1070 1515 1202 1568 οὐδὲν
1222 1518 1270 1567 ἐν
1286 1518 1388 1584 Υῖῷ
1413 1513 1467 1565 τὸ
1492 1511 1725 1575 ταπεινὸν,

129 1605 191 1656 ὡς
217 1603 265 1653 ἐν
290 1604 512 1671 ὑπουργῷ
535 1606 602 1671 τῷ
629 1600 748 1652 κατὰ
774 1600 856 1652 τὸν
881 1601 1066 1651 ἐκείνων
1093 1599 1256 1665 λόγον.
1303 1598 1356 1648 οὐ
1383 1595 1476 1664 γάρ
1506 1596 1724 1660 Ποίησον

0 1733 1 1753 ¹
128 1684 395 1751 ἄνθρωπον,
423 1683 655 1736 ἐπιτάττει
692 1686 758 1753 τῷ
788 1683 934 1752 Λόγῳ
974 1684 999 1733 5
1036 1681 1158 1736 Θεὸς
1197 1682 1272 1732 καὶ
1305 1678 1489 1745 Πατὴρ,
1522 1676 1634 1729 ἀλλ’
1662 1679 1724 1732 ὡς

0 1804 2 1842 7
127 1765 334 1818 συνόντα
375 1765 495 1817 κατὰ
538 1765 700 1834 φύσιν,
741 1767 816 1816 καὶ
855 1763 1154 1818 ἀδιαστάτως
1192 1760 1517 1828 ἐνυπάρχοντα
1555 1782 1723 1825 συνερ-

0 1846 3 1907 ἰ
61 1874 110 1899 20
128 1848 280 1914 γοῖτην
324 1846 500 1913 ὥσπερ,
545 1850 741 1899 ἐποιεῖτο
793 1849 867 1897 καὶ
912 1849 995 1910 τῆς
1039 1845 1109 1896 ἐπ’
1155 1844 1391 1913 ἀνθρώπῳ
1442 1841 1723 1905 βουλήσεως

0 1909 2 1942 ι
128 1929 364 1994 κοινωνὸν,
391 1931 444 1981 οὐ
476 1928 835 1996 προλαμβάνων
861 1927 946 1992 μὲν
972 1926 1058 1992 τὴν
1085 1929 1133 1978 ἐν
1158 1930 1260 1996 Υὶῷ
1295 1930 1479 1991 γνῶσιν
1505 1926 1553 1975 ἐν
1579 1927 1646 1993 τῷ
1681 1946 1724 1974 τι

128 2018 262 2076 νοεῖν,
290 2016 352 2068 ὡς
379 2012 426 2064 δὲ
454 2018 560 2066 νοῦς
586 2011 883 2065 ἀδιαστάτως
910 2034 960 2062 τε
987 2013 1061 2062 καὶ
1097 2008 1308 2077 ἀχρόνως
1338 2012 1405 2078 τῷ
1437 2009 1724 2073 ἐγκεχαραγ-

127 2096 251 2165 μένῳ
277 2097 353 2147 καὶ
378 2094 687 2163 ἐνυπάρχοντι
716 2094 861 2164 Λόγῳ
888 2092 1250 2162 φανερούμενος.

196 2176 368 2230 ’Έστω
404 2176 453 2228 δὲ
486 2177 634 2229 πάλιν
662 2175 776 2243 ὑπὲρ
811 2175 897 2241 τὴν
926 2182 1010 2227 τοῦ
1034 2174 1415 2242 παραδείγματος
1442 2171 1640 2234 δύναμιν
1665 2170 1725 2222 τὰ

61 2272 110 2311 25
128 2263 363 2327 θεοπρεπῆ
410 2259 704 2326 θεωρήματα·
764 2257 1138 2325 συνεργάζεσθαι
1183 2257 1239 2307 δέ
1277 2261 1437 2324 φαμεν
1478 2253 1621 2305 αὐτὸν
1658 2258 1726 2323 τῷ

129 2347 243 2412 Υἱῲ,
272 2344 358 2410 οὐχ
397 2345 459 2396 ὡς
498 2342 581 2393 δύο
620 2347 831 2395 νοοῦντες
871 2340 1170 2409 διῃρημένως,
1196 2339 1273 2390 ἵνα
1306 2337 1371 2402 μὴ
1407 2337 1491 2388 δύο
1527 2340 1725 2387 νοῶνται

130 2427 238 2488 θεοὶ,
277 2425 377 2476 οὐδ’
424 2426 486 2479 ὡς
535 2424 583 2475 ἓν
626 2422 681 2475 τὸ
727 2423 1107 2491 συναμφότερον,
1146 2422 1222 2472 ἵνα
1270 2420 1386 2484 μήτε
1428 2423 1491 2473 εἰς
1532 2417 1724 2483 Πατέρα

130 2506 264 2569 Υἱὸς,
319 2506 435 2572 μήτε
483 2505 577 2570 μὴν
629 2508 654 2557 5
705 2505 875 2572 Πατὴρ
926 2510 988 2559 εἷς
1033 2502 1151 2555 Υὶὸν
1201 2502 1546 2565 συστέλληται,
1592 2499 1724 2550 ἀλλὰ

1741 1209 1764 1233 a
1819 1199 1946 1234 48A.

1785 1353 1869 1384 Gen.
1880 1354 1900 1385 i.

1743 1853 1768 1892 b

130 2593 323 2654 μᾶλλον
367 2589 562 2653 ἐκείνως,
609 2591 672 2642 ὡς
716 2588 773 2639 ἄν
818 2611 887 2642 τις
939 2589 1040 2651 δοίη
1091 2591 1299 2637 συνεῖναι
1349 2588 1415 2654 τῷ
1465 2585 1515 2634 ἐκ
1564 2580 1763 2651 φωτὸςο

179 2758 212 2793 6.
237 2758 338 2793 αὐτὸς
356 2756 398 2791 Β.
417 2757 506 2791 αὐτῶ
525 2757 592 2792 Ed.
613 2756 720 2803 [forte
736 2757 805 2801 Ieg-
825 2756 1031 2801 αὐτοσοφία.
1036 2754 1050 2800 ]
1165 2765 1217 2789 10.
1244 2755 1318 2788 υἱοῦ
1338 2753 1379 2786 Β.
1384 2752 1431 2786 D.
1436 2751 1476 2785 E.
1497 2750 1535 2785 οὗ
1555 2750 1621 2784 Ed.
1640 2749 1725 2786 ἰ’σως

131 2806 168 2849 (i.
182 2818 211 2840 e.
229 2804 333 2847 forte)
351 2805 424 2838 υἱοῦ
443 2793 510 2838 Ed.
528 2816 600 2849 mg.
664 2805 729 2849 γὰρ
748 2810 971 2847 assumptum
991 2815 1031 2836 ex
1052 2802 1094 2836 B.
1216 2812 1267 2843 14
1295 2801 1360 2845 γὰρ
1379 2805 1602 2843 assumptum
1620 2809 1661 2831 ex
1682 2797 1723 2832 B.

136 2852 187 2886 16.
214 2851 491 2885 καταθεάσασθαι
510 2851 553 2884 Β.
572 2851 799 2885 καταθεᾶσθαι
818 2850 885 2884 Ed.
951 2850 989 2883 τὸ
1007 2853 1229 2893 assumptum
1249 2859 1289 2880 ex
1310 2847 1351 2880 Β.
1358 2847 1402 2879 D.
1408 2846 1448 2880 E.
1513 2846 1552 2879 τὸ
1569 2845 1726 2879 ταπεινὸν

131 2905 211 2933 ante
228 2898 263 2933 ἐν
280 2899 339 2943 υἱῲ
360 2904 402 2932 tr.
423 2897 465 2931 B.
558 2906 610 2943 17.
628 2900 674 2943 τῷ
692 2903 913 2941 assumptum
934 2908 974 2930 ex
996 2896 1040 2930 Β.
1136 2906 1188 2938 19.
1207 2894 1429 2939 ἐνυπάρχοντι
1449 2892 1490 2926 Ε.
1581 2903 1636 2926 21.
1656 2905 1724 2925 κοι-

132 2946 235 2980 νωνὸν
254 2946 296 2979 Β.
315 2946 482 2979 κοινωνεῖν
500 2944 567 2979 Ed.
633 2959 667 2979 εν
684 2943 799 2989 prius]
820 2948 856 2985 -†-
872 2946 917 2989 τῷ
939 2943 1004 2977 Ed.
1024 2942 1142 2976 invitis
1163 2941 1204 2974 Β.
1210 2941 1255 2974 D.
1264 2940 1302 2973 E.
1400 2948 1456 2985 25.
1473 2939 1574 2974 αυτὸν
1593 2939 1635 2974 Β.
1656 2938 1723 2973 Ed.

132 3005 204 3038 mg.
223 2993 326 3027 αὐτοῦ
344 2992 391 3026 D.
412 2991 479 3025 Ed.
674 3001 726 3035 27.
754 2992 823 3026 υἶ)ς
842 2991 888 3026 εἷς
904 3004 1032 3034 πατεριι
1050 2990 1188 3024 inverso
1207 2986 1328 3022 Ordine
1348 2986 1390 3021 B.
