2084 3317
326 196 409 240 274
730 196 777 240 Β.
812 190 1085 240 CYRILLI
1127 190 1504 240 ALEXAND'R.
1683 195 1736 235 iv.
1758 207 1824 238 20,
1843 204 1908 233 21.

261 341 379 383 2001
423 343 606 399 Πατερεο
649 343 770 391 ἡμῶν
809 344 852 384 ἐν
894 345 950 397 τῲ
991 344 1082 400 ὄρει
1126 345 1265 396 τούτῳ
1307 343 1644 399 ΠροσεκύνΗοαν,
1683 338 1750 379 καὶ
1794 335 1911 385 ὑμεῖς

396 426 541 472 Aes-ere
584 427 647 467 ὅτι
691 426 735 466 ἐν
767 427 1084 482 Ἱεροσολύμοις
1127 426 1240 467 ἐστὶν
1279 427 1300 469 ὁ
1339 425 1470 466 τόπος
1509 425 1617 465 ὅπου
1657 415 1910 477 Προσκυνεῖν

262 518 304 541 2ῐ
396 507 472 549 δεῖ.
531 509 643 555 λεί-ει
682 508 788 565 αὐτῷ
828 509 850 549 ὁ
882 508 1061 549 ἸΗσοὺε.

282 578 307 617 b
565 625 576 640 Ι
724 625 746 643 ,Ι
926 627 936 641 ε
996 624 1009 639 Ι
1248 628 1261 643 x
1306 627 1315 642 ‚
1465 630 1483 639 ἢ
1603 627 1613 642 ’
1702 627 1722 637 Α
1863 619 1876 634 x

402 630 666 693 Προφητην
717 648 862 680 οντως
914 648 1137 694 υπαρχειν
1188 649 1263 676 και
1323 628 1533 677 Ιουδαιον
1574 627 1786 687 οιηθεισα
1830 643 1913 671 τον

329 707 517 773 Κύριον,
543 712 638 759 τοῖς
663 708 925 774 ἐπιχωρίοις
952 708 1080 758 ε”θεσι
1106 707 1233 759 πολὺ
1269 706 1324 771 δὴ
1362 708 1471 758 λίαν
1496 704 1811 772 ἐναβρύνεται,
1837 703 1912 752 καὶ
1932 719 1953 757 5

326 791 409 852 τῆς
431 789 668 839 Ἰουδαίων
697 790 915 843 ὑπονοίας
941 794 1293 850 βεβουλεῦσθαι
1318 789 1377 840 τὰ
1401 790 1593 855 κρείττω
1619 786 1725 839 τοὺς
1752 789 1913 848 Σαμα-

325 870 478 935 ρείτας
517 871 864 938 διισχυρίζεται.
919 872 1134 923 Ἰουδαῖοι
1171 870 1255 935 μὲν
1292 871 1386 938 γὰρ
1424 868 1689 938 παχυτέρας
1727 867 1793 918 ἔτι
1830 865 1915 920 τὰς

326 954 429 1018 περὶ
467 955 550 1016 τῆς
589 953 713 1007 θείας
752 975 802 1004 τε
841 956 917 1004 καὶ
956 953 1212 1018 ἀσωμάτου
1251 955 1442 1022 φύσεως
1488 951 1738 1019 διαλήψεις
1780 948 1912 1015 δεχό-

327 1056 470 1097 μενοι,
521 1035 559 1085 ἐν
602 1033 761 1098 μόνοις
807 1040 904 1089 τοῖς
948 1035 1276 1104 Ἰεροσολύμοις,
1322 1036 1424 1100 ἤτοι
1469 1032 1592 1085 Σιὼν
1636 1034 1693 1099 τῇ
1744 1031 1916 1096 γείτονι

289 1141 310 1167 e
327 1118 497 1182 χρῆναι
535 1121 907 1182 προσκυνεῖσθαι
945 1116 1028 1168 τὸν
1060 1119 1136 1169 ἐπὶ
1169 1117 1349 1170 πάντας
1382 1115 1506 1167 Θεὸν
1537 1114 1821 1176 διετείνοντο,
1850 1114 1916 1165 ὡς
1938 1133 1985 1159 10

329 1197 444 1262 ὅλης
486 1196 620 1266 ἅπαξ
663 1201 744 1262 τῆς
788 1198 991 1266 ἀῤῥήτου
1033 1202 1107 1250 καὶ
1149 1198 1487 1263 ἀκαταλήπτου
1532 1196 1722 1264 φύσεως
1767 1217 1910 1246 κατα-

330 1279 539 1343 λυούσης
580 1281 742 1343 ἐκεῖσε,
784 1282 859 1331 καὶ
899 1280 1238 1348 χειροποιήτοις
1281 1278 1728 1342 ἐναποκλεισθείσης
1770 1281 1912 1330 ναοῖς.

330 1360 399 1411 διὸ
437 1360 493 1425 δὴ
531 1364 604 1412 καὶ
642 1365 751 1412 λίαν
782 1364 1119 1416 ἀσυνετοῦ-ντες
1154 1365 1228 1414 ἐπὶ
1263 1362 1414 1431 τούτῳ
1449 1360 1525 1412 διὰ
1559 1363 1642 1424 τῆς
1673 1363 1768 1410 τῶν
1795 1382 1914 1426 προ·-

107 1444 194 1473 Aeta
207 1443 263 1473 SS.

106 1487 241 1526 Ap.vii.

105 1530 266 1603 ffifsXIES·
331 1532 358 1554 ‘⁶
384 1548 463 1588 μοι
505 1524 684 1592 θρόνος,
726 1526 754 1590 ἡ
796 1525 844 1576 δὲ
885 1528 946 1592 γῆ
990 1525 1245 1577 ὑποπόδιον
1285 1529 1380 1576 τῶν
1420 1529 1579 1576 ποδῶν
1620 1547 1726 1588 μου·
1782 1528 1919 1576 ποῖον
1941 1545 1986 1583 15

331 1447 496 1511 φητῶν
530 1442 792 1511 ἠλέγχοντο
832 1447 1006 1511 φωνῆς,
1040 1450 1123 1495 τοῦ
1163 1448 1288 1495 Θεοῦ
1326 1443 1548 1509 λέγοντος
1582 1450 1609 1472 “
1633 1442 1696 1493 Ὁ
1723 1442 1917 1507 οὐρανός

332 1615 359 1637 “
386 1605 513 1658 οἷκον
553 1607 891 1672 οἰκοδομήσετέ
929 1631 1021 1672 μοι,
1066 1609 1192 1674 λέγει
1237 1607 1425 1673 Κύριος,
1466 1606 1494 1671 ἦ
1538 1607 1607 1661 τίς
1649 1606 1793 1660 τόπος
1837 1609 1917 1675 τῆς

329 1697 357 1719 “
385 1688 727 1744 καταπαύσεώς
761 1713 852 1754 μου
870 1691 913 1752 ;”
957 1694 1242 1757 Σαμαρεῖται
1281 1688 1330 1741 δὲ
1367 1690 1516 1740 πάλιν
1547 1689 1600 1739 οὐ
1638 1687 1798 1756 πόῤῥω
1837 1691 1919 1752 τῆς

329 1772 568 1822 Ἰουδαίων
595 1773 797 1835 ἀμαθίας
833 1771 1046 1836 κείμενοι,
1073 1772 1234 1840 χώραν
1259 1795 1308 1823 τε
1344 1773 1461 1834 ὁμοῦ
1497 1772 1571 1822 καὶ
1608 1770 1919 1822 ἀπαιδευσίαν

289 1854 514 1921 (Ιέχοντες
553 1852 740 1919 ὅμορον,
779 1856 826 1904 ε’ν
866 1852 960 1919 ὄρει
999 1857 1065 1921 τῷ
1107 1852 1316 1919 Γαρίζειν
1355 1854 1476 1904 οὕτω
1515 1852 1803 1922 καλουμένῳ,
1843 1854 1919 1903 καὶ

330 1934 687 2002 προσεύχεσθαι
739 1937 833 1985 δεῖν
878 1938 953 1985 καὶ
997 1940 1284 2001 προσκυνεῖν
1328 1934 1540 1998 οἰόμενοι,
1585 1934 1638 1985 τὸ
1681 1938 1919 2000 γελᾶσθαι
1940 1950 1989 1980 20

333 2019 517 2070 δικαίως
553 2018 606 2067 οὐ
641 2018 966 2085 διαφεύγουσι.
1024 2017 1190 2082 γέγονε
1223 2016 1271 2067 δὲ
1307 2018 1381 2067 καὶ
1417 2017 1572 2070 αὐτοῖς
1599 2019 1682 2080 τῆς
1707 2017 1918 2080 ἀνοίαςὴ

413 2098 423 2114 Ι
650 2098 664 2113 x
799 2097 809 2113 Ι
994 2098 1006 2114 x
1100 2100 1110 2114 9
1222 2099 1232 2115 Ι
1326 2101 1335 2114 ›
1395 2098 1416 2115 ’l
1619 2099 1645 2117 l‘
1868 2098 1880 2113 x

332 2104 591 2168 προφασις,
618 2119 672 2150 το
706 2102 929 2150 δεδοσθαι
955 2122 1040 2163 την
1066 2106 1288 2163 ευλογιαν
1313 2122 1361 2149 εν
1388 2120 1481 2164 ορει
1507 2102 1734 2165 Γαριζειν,
1766 2103 1919 2152 καθως

111 2179 211 2209 Dent.

111 2222 272 2253 xxviin.
334 2184 382 2232 ἐν
427 2185 493 2250 Τῷ
538 2181 892 2250 ΔΕυΤΕρΟνΟμίῳ
944 2180 1270 2247 γεγραμμένον
1314 2182 1603 2247 ΕὑρίσΚΟμΕΙ).
1673 2181 1848 2245 Ταύτην
1892 2182 1919 2245 ἡ

334 2263 453 2329 γυνὴ
493 2266 559 2332 τῷ
601 2265 785 2328 Σωτῆρι
827 2262 913 2327 τὴν
955 2262 1164 2328 ζήτησιν,
1209 2261 1268 2316 ὥς
1309 2285 1353 2312 τι
1392 2262 1514 2328 μέγα
1560 2286 1634 2313 και
1678 2263 1916 2314 δυσκατά-

334 2352 518 2410 ληπτον
550 2345 813 2412 πρόβλημα
850 2344 1130 2413 προίσχεται
1169 2345 1381 2410 λεγουσα
1414 2352 1474 2396 Οἱ
1514 2369 1698 2414 πατερες
1738 2344 1852 2414 ἡμων
1884 2369 1921 2398 εν
1942 2366 1989 2405 25

333 2434 393 2498 τῷ
419 2451 494 2497 opst
524 2426 655 2495 ’τουτῳ
682 2427 1014 2494 προσεκύνησαν,
1043 2449 1116 2476 και
1142 2425 1201 2477 τὰ
1227 2422 1349 2494 εξῆς.

383 2577 415 2612 7.
441 2567 500 2603 τὰς
516 2578 585 2600 om.
604 2578 634 2600 a.
653 2565 758 2600 habet
777 2565 884 2600 Cord.
1028 2566 1062 2600 8.
1087 2580 1122 2599 τε
1140 2577 1209 2600 om.
1230 2566 1271 2599 B.
1287 2565 1391 2600 habet
1412 2565 1518 2601 Cord.
1654 2578 1706 2601 11.
1732 2567 1822 2610 ἅπαξ
1839 2567 1921 2611 ὅλης

334 2615 474 2648 inverso
492 2613 614 2647 ordine
632 2625 663 2647 a.
683 2612 788 2647 Cord.
933 2623 985 2646 12.
1012 2612 1079 2645 ἐκεῖ
1098 2612 1204 2647 Cord.
1344 2624 1396 2657 19.
1423 2614 1558 2658 ἔχοντες
1575 2612 1698 2658 ὅμορον
1716 2613 1782 2648 hoc
1799 2613 1921 2649 ordine

336 2661 378 2694 B.
397 2661 536 2694 inverso
554 2659 675 2694 ordine
693 2659 799 2693 Cord.
820 2658 885 2692 Ed.
951 2659 1086 2716 γαριζὶν
1105 2659 1175 2703 (hic
1194 2666 1226 2693 et
1244 2659 1397 2702 infra)a.
1501 2671 1555 2694 21.
1582 2660 1695 2695 αὐτοῖς
1715 2660 1754 2693 B.
1762 2660 1806 2694 D.
1828 2660 1920 2696 Catt.

334 2708 434 2750 αὐτῆς
452 2706 518 2741 Ed.
583 2707 729 2741 ὃιανοιας
745 2717 776 2740 a.
843 2705 1001 2739 Statim‘
987 2720 1005 2748 η
1024 2717 1092 2739 om.
1116 2705 1156 2739 B.
1176 2705 1279 2740 habet
1298 2706 1404 2740 Cord.
1606 2716 1662 2751 25.
1687 2707 1855 2752 λεγουσα]
1880 2712 1917 2749 4-

335 2754 386 2788 ὅτι
406 2753 513 2788 Cord.
703 2752 757 2787 26.
787 2751 856 2786 Hic
873 2753 1018 2786 collocat
1035 2753 1157 2797 capitis
1176 2753 1352 2797 sequentis
1370 2753 1511 2787 titulum
1534 2753 1574 2794 B,
1593 2765 1697 2799 quem
1716 2760 1831 2788 tamen
1849 2766 1920 2789 non

336 2806 490 2840 secutuS,
509 2811 619 2845 quum
637 2799 671 2833 in
691 2800 842 2844 capitum
862 2799 990 2839 tabula,
1009 2806 1114 2843 caput
1131 2798 1216 2833 illud
1236 2800 1350 2834 versui
1369 2799 1529 2845 sequenti
1546 2800 1668 2835 tribuit
1684 2807 1717 2834 et
1736 2800 1778 2834 B.
