2084 3317
325 173 410 213 358
730 177 779 218 B.
814 178 1090 219 CYRILLI
1131 178 1511 219 ALEXANDR.
1700 192 1738 218 v.
1759 189 1910 233 31,32.

101 269 197 300 Prov.
484 283 494 299 ι
544 285 568 301 n
670 287 682 303 x
768 286 780 299 l
932 286 943 302 ‚
1219 288 1231 303 l
1431 287 1441 301 z
1528 285 1538 303 ι
1727 287 1741 304 x
1815 284 1827 300 x
1891 285 1904 300 x

101 313 201 344 xxvii.
222 322 236 343 2
327 288 353 311 “
379 290 536 353 λογιᾳ·
609 308 683 336 και
710 295 859 337 παλιν
885 294 912 316 “
949 287 1291 354 Εγκωμιαζετω
1327 309 1384 337 σε
1421 309 1446 337 ο
1481 292 1633 340 πελας
1669 308 1743 336 και
1768 309 1833 349 μη
1859 307 1913 335 το

326 370 354 392 “
379 364 470 415 σὸν
509 365 681 429 στόμα,
720 369 973 434 ἀλλότριος
1013 371 1088 419 καὶ
1126 367 1191 432 μὴ
1229 368 1288 419 τὰ
1328 367 1397 418 σὰ
1434 366 1615 435 χείλη.”
1672 368 1775 418 ἔστι
1819 366 1914 433 γὰρ

281 451 309 492 d
327 444 471 500 ὅντως
498 448 724 516 φορτικὸν
747 451 822 500 καὶ
847 453 1007 517 χρῆμα
1033 455 1130 504 τοῖς
1156 450 1466 516 ἀκροωμένοις
1492 448 1914 517 δυσφορητότατον

326 526 380 578 τὸ
420 528 485 592 μὴ
524 530 600 580 διὰ
638 533 719 594 τῆς
758 529 925 596 ἑτέρων
963 534 1252 582 ἐπαινεῖσθαι
1293 533 1454 600 φωνῆς
1497 531 1728 594 ἐθελῆσαί
1762 554 1909 594 τινας,

326 612 437 660 ἀλλ’
465 611 642 664 ἑαυτοῖς
669 613 836 676 ἀνέδην
862 613 1190 679 ἐπιμαρτυρεῖν
1215 613 1274 663 τὰ
1301 611 1545 664 κάλλιστα
1571 615 1646 664 καὶ
1678 613 1907 682 ἐξαίρετα.
1933 627 1956 667 5

325 694 574 743 ἀπιστοῖτο
607 694 651 743 δ’
681 691 738 744 ἂν
773 695 848 744 καὶ
884 694 994 744 λίαν
1022 694 1208 748 εἰκότως
1243 695 1268 745 ὃ
1301 700 1510 749 τοιοῦτος
1545 693 1705 758 λόγος·
1753 694 1909 762 πεφύ-

326 796 471 837 καμεν
497 773 590 841 γὰρ
615 772 779 840 ὥσπερ
805 778 902 826 τισὶ
934 781 1154 845 φυσικοῖς
1179 799 1226 828 τε
1254 778 1330 828 καὶ
1361 777 1630 842 ἀναγκαίοις
1663 776 1915 844 φιλαυτίας

326 857 485 909 ὁλκοῖς
536 862 788 909 καλεῖσθαι
836 859 1108 913 σπουδαίως
1158 862 1219 913 εἰς
1271 858 1325 910 τὸ
1375 864 1566 928 φαῦλον
1610 859 1694 921 μὲν
1737 859 1916 912 ἑαυτοῖς

325 937 602 1007 ἐπιγράφειν
644 940 788 1003 οὐδὲν,
827 941 896 991 ἀεὶ
935 940 984 992 δὲ
1020 941 1316 1008 περιτιθέναι,
1356 943 1430 992 καὶ
1471 942 1524 991 οὐ
1561 939 1750 994 πάντως
1788 942 1908 1005 ἀλη-

324 1019 559 1084 θεύοντας,
591 1021 650 1073 τὰ
689 1023 760 1091 ἐφ’
797 1020 865 1076 οἷς
903 1022 960 1073 ἂν
995 1022 1150 1087 οἴηταί
1182 1046 1251 1077 τις
1286 1023 1490 1090 ὁρᾶσθαι
1527 1022 1722 1086 κόσμιός
1757 1045 1805 1073 τε
1839 1024 1915 1073 καὶ
1940 1044 1987 1069 10

324 1102 515 1167 ἀγαθός.

284 1204 305 1230 e
398 1185 591 1250 Ἐπειδὴ
631 1188 786 1237 τοίνυν
826 1188 849 1237 ὁ
894 1187 1067 1252 Κύριος
1106 1188 1238 1251 ἡμῶν
1276 1188 1464 1250 Ἰησοῦς
1505 1186 1718 1252 Χριστὸς
1764 1189 1912 1255 ἑαυτῷ

323 1266 462 1317 τὸτὰ
497 1269 650 1318 δίκαια
687 1270 857 1335 κρίνειν
883 1270 1214 1337 ἐπεψηφίζετο,
1243 1268 1307 1333 μὴ
1344 1268 1582 1319 δύνασθαί
1612 1291 1655 1318 τι
1691 1271 1805 1332 δρᾶν
1831 1270 1912 1336 ἀφ’

322 1349 486 1400 ἑαυτοῦ
527 1350 780 1417 διαῤῥήδην
816 1349 970 1413 εἰπὼν,
1009 1349 1182 1401 κανόνα
1222 1350 1270 1400 δὲ
1310 1349 1474 1415 ὥσπερ
1514 1349 1586 1418 ἐφ’
1628 1349 1781 1400 ἅπασι
1821 1355 1916 1403 τοῖς

322 1431 567 1496 πρακτέοις
605 1437 845 1483 ποιεῖσθαι
883 1432 969 1497 τὴν
1008 1438 1092 1483 τοῦ
1132 1431 1322 1498 [Ἰατρὸς
1369 1431 1624 1496 βούλησιν,
1663 1434 1737 1482 καὶ
1778 1437 1916 1482 τοῦτο
1940 1452 1986 1490 15

326 1512 493 1578 λέγων,
516 1512 654 1568 αὐτὸς
681 1515 753 1583 ἐφ’
780 1516 928 1585 ἑαυτῷ
955 1513 1134 1580 μάρτυς
1160 1515 1454 1578 εἰσβέβηκεν,
1475 1518 1511 1565 εἰ
1536 1517 1610 1565 καὶ
1638 1513 1695 1578 ἧν
1721 1511 1915 1577 ἀληθὴς,

326 1596 590 1661 ἀναγκαίως
616 1599 690 1647 καὶ
717 1599 799 1659 τῆς
825 1596 954 1663 παρὰ
981 1601 1076 1647 τῶν
1105 1597 1382 1663 Φαρισαίων
1410 1598 1734 1663 εὑρεσιλογίας
1762 1601 1912 1663 φρον-

323 1677 474 1740 τίσας,
517 1677 632 1744 ὅπερ
677 1678 881 1741 ε”μελλον
926 1680 1043 1745 ἐρεῖν
1091 1680 1444 1743 ἀμαθαίνοντες·
1503 1681 1556 1730 οὐ
1601 1677 1695 1744 γὰρ
1738 1676 1917 1746 ᾕδεσάν

323 1782 423 1813 πως
458 1759 579 1810 κατὰ
615 1760 764 1829 φύσιν
797 1759 911 1811 ὄντα
939 1760 1077 1812 Θεόν·
1120 1765 1182 1814 εἰς·
1218 1761 1370 1824 μέσον
1397 1761 1499 1827 ἄγει
1533 1759 1812 1827 προλαβὼν,
1841 1761 1917 1811 καὶ

103 1859 187 1894 243
201 1858 250 1892 Α.
284 1868 304 1891 a
326 1841 476 1910 φησίν
502 1843 680 1908 Ἐρεῖτε
712 1841 769 1906 δὴ
805 1843 1008 1906 πάντως,
1035 1847 1136 1897 ταῖς
1161 1848 1256 1894 τῶν
1281 1847 1483 1895 πολλῶν
1509 1844 1776 1907 συνηθείαις
1801 1842 1912 1893 ἑπό-
1939 1862 1988 1886 20

323 1947 466 1987 μενοι,
509 1925 583 1974 καὶ
628 1924 714 1988 τὴν
755 1926 995 1978 Ἰουδαίοις
1040 1927 1319 1991 πρέπουσαν
1362 1925 1588 1976 ἀπόνοιαν
1631 1925 1714 1975 οὐκ
1759 1925 1917 1985 ἐκβαί-

101 2006 195 2037 Infra

100 2050 155 2080 viii
183 2059 220 2090 13
326 2029 482 2059 νοντες
509 2013 535 2035 “
558 2005 626 2056 Σὺ
663 2008 771 2072 περὶ
808 2012 1012 2057 σεαυτοῦ
1051 2012 1315 2073 μαρτυρεῖς”
1365 2008 1392 2071 ἡ
1432 2007 1664 2072 μαρτυρία
1702 2029 1794 2056 σου
1834 2007 1918 2056 οὐκ

325 2095 352 2117 “
378 2087 510 2138 ἔστιν
549 2087 777 2152 ἀληθής·”
836 2088 968 2139 ἀλλὰ
1013 2088 1131 2154 πρὸς
1175 2094 1313 2140 τοῦτο
1351 2088 1499 2140 πάλιν
1543 2087 1914 2147 ἀντακούσεσθε,

324 2170 476 2238 φησίν
518 2169 775 2237 Ἀνέχομαι
827 2170 1207 2239 δυσφημούντων
1252 2171 1332 2233 ἔτι,
1378 2172 1650 2238 χαλεπαίνω
1702 2170 1758 2234 δὴ
1809 2171 1918 2220 λίαν

325 2252 540 2315 οὐδαμῶς
584 2251 644 2302 τὰ
688 2252 745 2321 ἐξ
780 2252 983 2316 ἀμαθίας
1010 2255 1093 2317 τῆς
1133 2254 1239 2317 ὑμῖν
1278 2252 1561 2322 φιλαιτάτης
1606 2251 1918 2319 ἐρευγομένων
1939 2272 1987 2311 25

324 2333 527 2400 ῥήματα·
569 2335 735 2399 δίδωμι
773 2333 880 2386 καθ’
918 2333 1158 2398 ὑπόθεσιν,
1199 2340 1356 2389 καλῶς
1395 2336 1503 2402 παρ’
1541 2336 1669 2398 ὑμῶν
1704 2337 1919 2401 εἰρῆσθαι

326 2420 401 2467 καὶ
428 2421 580 2467 τοῦτο·
622 2416 762 2479 ἔστω,
789 2415 875 2481 τὴν
901 2415 1017 2481 ἐμὴν
1042 2416 1401 2484 παρακρούεσθε
1428 2416 1607 2486 φωνὴν,
1632 2416 1780 2471 ἄλλος
1807 2417 1919 2467 ἐστὶν

281 2504 345 2552 bo‘
385 2497 606 2568 μαρτυρεῖν
638 2502 730 2568 περὶ
771 2500 891 2567 ἐμοῦ.
956 2500 1176 2563 σημαίνει
1215 2498 1265 2550 δὲ
1305 2499 1380 2551 διὰ
1418 2499 1586 2550 τούτου
1623 2498 1706 2550 τὸν
1741 2500 1788 2549 ἐν
1823 2502 1920 2552 τοῖς

374 2680 406 2713 5.
433 2671 570 2706 ἑαυτοὺς
589 2671 631 2706 Β.
814 2671 848 2705 6.
874 2672 927 2705 καὶ
943 2671 1022 2706 λίαν
1039 2678 1260 2716 assumptum
1281 2685 1321 2706 ex
1345 2672 1386 2707 Β.
1571 2681 1601 2717 7.
1629 2673 1672 2707 ὡς
1689 2672 1768 2717 περί
1784 2686 1855 2706 τισι
1877 2671 1917 2707 Β.

327 2717 360 2751 8.
386 2718 447 2761 μὲν
464 2729 534 2752 om.
556 2718 597 2752 B.
769 2729 821 2752 10.
849 2717 975 2764 οἴηταί]
995 2719 1110 2761 νόηταί
1129 2719 1207 2762 (sic)
1230 2719 1271 2753 B.
1347 2734 1400 2753 και
1418 2717 1561 2764 ἀγαθός]
1581 2719 1635 2752 καὶ
1653 2719 1747 2763 ἅξιος
1764 2733 1817 2752 και
1835 2718 1918 2764 ἀγα·

328 2764 387 2800 θός
406 2764 448 2798 Β.
582 2775 634 2799 12.
660 2765 726 2810 γὰρ
744 2765 855 2800 τοίνυν
875 2765 917 2799 Β.
1047 2776 1100 2810 13.
1126 2767 1164 2799 τὸ
1182 2777 1252 2800 om.
1273 2765 1316 2801 B.
1448 2776 1501 2808 ῐ5.
1529 2766 1664 2810 Πατρὸς
1682 2765 1724 2800 Β.
1743 2767 1832 2799 Θεοῦ
1850 2765 1917 2800 Ed.

332 2811 384 2845 18.
412 2809 508 2856 οἷπερ
528 2811 571 2845 Β.
758 2823 810 2857 19.
838 2814 929 2846 οὔπω
946 2823 1010 2856 pro
1027 2825 1098 2848 πως
1118 2812 1158 2846 Β.
1352 2823 1406 2847 21.
1432 2813 1591 2847 ἀπόνοιαν
1610 2812 1652 2847 Β.
1671 2812 1830 2847 ὑπόνοιαν
1849 2811 1916 2846 Ed.

328 2859 536 2930 ἐκβῗιιῒνοντες
556 2890 597 2924 Β.
697 2902 752 2933 24.
778 2893 868 2936 φησι
886 2897 919 2925 et
936 2898 1015 2925 ante
1033 2897 1066 2924 et
1083 2897 1164 2935 post
1180 2890 1340 2936 ἀνέχομαι
1360 2892 1426 2926 Ed.
1445 2892 1555 2926 invito
1574 2892 1616 2926 B.
1676 2892 1716 2936 δὴ
1732 2891 1775 2926 Β.
1794 2891 1830 2926 δὲ
1849 2890 1916 2925 Ed.

329 2946 369 2969 2⁷
362 2962 384 2980 ,.
404 2938 479 2980 ὑμῖν
499 2937 569 2970 B.‘
574 2938 638 2971 ‘.al
656 2938 745 2981 ὑμῐν’
751 2938 846 2973 'E.d
866 2950 938 2982 mg.
956 2938 1047 2979 ὑμῶν
1067 2937 1131 2971 Ed.
1182 2937 1345 2973 Formam
1362 2946 1548 2985 utramque
1566 2938 1705 2974 exhibet
1724 2939 1770 2973 D.
1821 2937 1915 2983 ἐρευ-

328 2985 470 3028 γόμενον
486 2984 607 3028 ῥήματι
628 2984 668 3018 Β.
814 2995 867 3029 27.
896 2983 1170 3029 παρακρουεσθαι
1191 2985 1232 3019 Β.
