2084 3317
143 147 212 189 vii.
236 161 270 188 1.
384 148 457 188 IN
500 148 542 187 S.
577 145 915 187 JOANNEM.
978 145 1102 185 LIB.
1136 144 1214 185 IV.
1277 144 1409 184 CAP.
1433 144 1487 183 V.
1649 144 1728 182 581

143 263 170 285 “
197 256 344 323 ἄρσεν
370 256 566 320 ιῖίμωμον
591 255 827 323 προσάξει
861 253 990 316 αὐτὸ,
1017 255 1093 304 καὶ
1128 251 1344 316 ἐπιθήσει
1376 251 1462 315 τὴν
1488 255 1620 318 χεῖρα
1658 252 1731 301 ἐπὶ

144 345 170 368 “
195 337 281 401 τὴν
312 336 527 405 κεφαλὴν
558 338 715 400 αὐτοῦ,
742 339 817 387 καὶ
853 334 1134 405 σφάξουσιν
1168 332 1282 384 αὐτὸ
1317 335 1366 384 ἐκ
1401 333 1623 398 πλαγίων
1647 337 1731 382 τοῦ

143 427 169 449 “
196 419 538 484 θυσιαστηρίου
573 417 693 485 πρὸς
727 419 906 485 βοῤῥᾶν
937 416 1089 468 ἔναντι
1119 416 1337 481 Κυρίου.”
1389 419 1490 468 πῶς
1525 414 1607 464 οῦν
1641 413 1732 480 ἄρα

141 503 218 552 καὶ
255 499 332 551 διὰ
364 501 543 552 τούτων
570 501 679 565 ἡμῖν
705 498 760 551 τὸ
792 501 865 551 ἐπὶ
893 503 1110 565 Χριστοῦ
1143 502 1411 565 μορφοῦται
1445 494 1728 561 μυστήριον,

101 596 123 634 5
143 583 407 649 ἀναγκαίως
433 582 709 649 ἐρευνητεόν.
762 586 952 648 πρῶτον
979 579 1027 631 δὲ
1063 577 1190 643 οἶμαι
1223 577 1483 645 προσήκειν
1510 578 1652 628 αὑτοῦ
1683 599 1733 627 τε

143 671 227 717 τοῦ
262 671 374 717 ναοῦ
409 671 493 717 τοῦ
527 667 575 716 ἐν
604 663 974 731 Ἱεροσολύμοις,
1004 664 1079 713 καὶ
1114 667 1196 712 τοῦ
1230 661 1353 712 θείου
1388 659 1778 725 θυσιαστηρίουᾶ

143 747 230 811 τὴν
255 747 389 799 θέσιν
415 751 569 809 εἰπεῖν,
595 746 671 797 ἵνα
706 746 827 797 οὕτω
864 749 1055 809 νοῶμεν,
1082 744 1107 795 ὅ
1141 766 1186 794 τι
1222 742 1335 795 ποτὲ
1371 743 1463 809 ἄρα
1497 744 1650 806 δηλοῖ,
1678 739 1732 791 τὸ

144 829 210 894 μὴ
255 830 353 881 κατ’
394 827 503 880 εὐθὺ
544 833 639 879 τῶν
682 827 932 894 εἰρημένων
976 828 1104 893 ὁρᾶν,
1143 825 1404 894 τετράφθαι
1449 823 1497 875 δὲ
1541 828 1734 887 μᾶλλον

143 910 264 977 πρὸς
307 913 487 978 βοῤῥᾶν
525 910 579 962 τὸ
624 910 883 977 πρόβατον.
949 913 1094 959 κεῖται
1138 912 1390 973 τοιγαροῦν
1428 907 1476 957 ἐν
1514 904 1600 969 μὲν
1638 909 1735 957 τοῖς

77 1010 125 1035 10
144 993 431 1059 νοτιωτέροις
468 995 551 1056 τῆς
589 994 677 1058 γῆς
714 991 878 1057 με’ρεσι
915 995 1011 1042 τῶν
1042 989 1281 1040 Ἰουδαίων
1320 989 1348 1052 ἡ
1387 987 1533 1055 χώρα,
1566 986 1736 1049 βλέπει

144 1073 193 1125 δὲ
236 1079 299 1129 εἷς
342 1073 463 1144 ἑῴαν
504 1076 530 1125 ὁ
576 1073 701 1136 νεὼς,
741 1075 816 1124 καὶ
860 1077 961 1126 ταῖς
1003 1071 1211 1137 πρώταις
1255 1075 1340 1121 τοῦ
1384 1070 1521 1134 ἡλίου
1566 1072 1736 1131 βολαῖς

144 1157 319 1223 ἀνοίγει
357 1155 440 1210 τὰς
479 1156 636 1222 θύρας·
684 1154 816 1206 ἀλλὰ
855 1156 930 1206 καὶ
969 1153 1083 1205 αὐτὸ
1121 1152 1176 1204 τὸ
1215 1156 1339 1204 θεῖον
1373 1149 1733 1217 θυσιαστήριον,

145 1238 344 1290 κατευθὺ
378 1243 473 1291 τῶν
504 1238 651 1305 ἁγίων
677 1236 1020 1304 ἐρηρεισμένον,
1049 1234 1213 1302 ὥσπερ
1247 1236 1295 1286 ἐν
1326 1234 1439 1303 ὄψει
1474 1237 1614 1296 Θεοῦ,
1641 1237 1737 1285 τοῖς

145 1320 203 1389 ἐξ
237 1320 353 1391 ἑῴας
391 1320 715 1382 εἰσβάλλουσι
753 1319 807 1371 τὸ
845 1323 1037 1386 πρῶτον
1072 1319 1224 1369 ἐδίδου
1262 1316 1492 1380 μέτωπον,
1525 1319 1621 1367 τῶν
1653 1314 1736 1365 δύο

79 1421 126 1459 15
146 1403 365 1468 πλαγίων
390 1408 473 1454 τοῦ
498 1401 584 1466 μὲν
611 1402 814 1469 ὁρῶντος
839 1405 902 1455 εἷς
937 1400 1089 1458 νότον,
1117 1405 1200 1451 τοῦ
1235 1398 1283 1451 δὲ
1317 1401 1391 1451 ἐπὶ
1426 1399 1621 1465 βοῤῥᾶν·
1666 1395 1736 1447 ὅτι
1755 1416 1776 1442 e

147 1483 196 1537 δὲ
239 1485 371 1536 ταῦθ’
413 1485 559 1538 οὕτως
603 1483 712 1551 ἔχει,
757 1481 968 1549 καθάπερ
1015 1482 1277 1549 εἰρήκαμεν,
1318 1479 1738 1548 πληροφορηθήσῃ

146 1567 311 1631 μαθὼν
336 1565 391 1619 τὸ
419 1566 550 1634 παρὰ
584 1569 650 1636 τῷ
676 1564 901 1635 προφήτῃ
927 1563 1149 1632 Ἰεᾷκιὴλ
1176 1565 1402 1627 κείμενον.
1457 1562 1532 1614 ὅτε
1560 1563 1654 1629 γὰρ
1680 1560 1737 1624 δὴ

146 1650 206 1702 τὰ
241 1653 347 1718 περὶ
383 1652 465 1714 τῆς
498 1655 582 1701 τοῦ
610 1649 824 1700 Φαλτίου
862 1650 1082 1712 τελευτῆς
1119 1644 1405 1708 ἐδιδάσκετο,
1433 1644 1509 1696 διὰ
1544 1644 1738 1710 θεωρίας
1800 1651 1959 1683 CfiEzek.

1799 1707 1843 1726 Xl.
1863 1704 1875 1724 Ῑ
1906 1720 1912 1726 .

148 1731 198 1783 δὲ
224 1732 444 1798 δηλονότι
474 1733 800 1795 πνευματικῆς,
828 1731 949 1781 οὕτω
977 1729 1106 1798 φησί
1129 1735 1155 1757 “
1178 1730 1273 1778 Καὶ
1299 1725 1422 1778 εἶδον
1449 1728 1524 1778 καὶ
1552 1724 1650 1778 ἰδοῦ
1676 1727 1738 1780 ὡς
1800 1705 1922 1813 Εῑέῑίῗό

1800 1793 1865 1814 VIII.
1926 1805 1933 1813 ο

80 1813 567 1865 20“elt<oot1<ac7re'v7·e
607 1813 783 1879 ἄνδρες,
823 1811 882 1863 τὰ
921 1813 1118 1863 ὀπίσθια
1156 1811 1311 1861 αὐτῶν
1347 1808 1467 1875 πρὸς
1505 1808 1588 1860 τὸν
1626 1807 1739 1859 ναὸν

149 1903 178 1926 “
205 1897 384 1962 Κυρίου
411 1898 485 1947 καὶ
512 1893 572 1945 τὰ
596 1893 838 1961 πρόσωπα
865 1894 1018 1944 αὐτῶν
1044 1892 1280 1944 ἀπέναντι·
1322 1894 1398 1942 καὶ
1424 1891 1551 1942 οὗτοι
1577 1912 1736 1957 προσ-

149 1987 176 2010 “
202 1979 394 2030 εκύνουν
434 1977 554 2029 κατὰ
595 1975 832 2030 ἀνατολὰς
873 1979 939 2044 τῷ
980 1975 1147 2045 ἡλίῳ.”
1208 1978 1245 2025 εἰ
1292 1973 1340 2025 δὲ
1386 1974 1630 2041 ἀνίσχοντι
1675 1975 1742 2041 τῷ

147 2062 268 2131 ἡλίῳ
306 2064 590 2128 προσκυνῶν
621 2060 917 2125 ὀπισθομερῆ
956 2080 1025 2112 τις
1064 2057 1148 2108 τὸν
1183 2056 1297 2108 ναὸν
1327 2057 1464 2108 ἐτίθει
1502 2061 1587 2107 τοῦ
1627 2055 1742 2105 ἰδίου

148 2143 388 2205 σώματος,
417 2147 519 2196 πῶς
554 2142 636 2192 οὐκ
671 2140 854 2206 ἀνάγκη
887 2144 1007 2191 νοεῖν
1033 2143 1096 2194 εἷς
1128 2138 1366 2193 ἀνατολὰς
1397 2137 1659 2206 τετράφθαι
1685 2136 1740 2188 τὸ

81 2244 129 2283 25
148 2225 414 2292 πρόσωπον
440 2225 581 2276 αὐτοῦ
601 2245 614 2285 ;
657 2222 777 2273 κατὰ
802 2227 941 2273 τοῦτο
968 2221 1016 2274 δὲ
1041 2221 1100 2287 ἧν
1125 2220 1180 2273 τὸ
1216 2224 1384 2289 σχῆμα
1418 2222 1493 2272 καὶ
1527 2217 1581 2271 τὸ
1618 2223 1741 2270 θεῖον
1759 2243 1779 2268 a
1807 2234 1892 2269 397
1910 2233 1961 2267 A.

150 2307 263 2358 αὐτὸ
291 2305 648 2372 θυσιαστήριον,
674 2304 885 2370 καθάπερ
911 2304 1175 2371 εἰρήκαμεν.
1220 2305 1387 2354 οὐκοῦν
1413 2303 1556 2353 αὐτοῦ
1582 2323 1633 2352 τε
1658 2306 1741 2352 τοῦ

151 2394 265 2440 ναοῦ
297 2391 371 2439 καὶ
406 2393 489 2439 τοῦ
526 2387 648 2439 θείου
683 2387 1027 2453 θυσιαστηρίου
1062 2386 1281 2449 μέτωπον
1306 2383 1389 2449 μὲν
1414 2382 1473 2448 ἧν
1498 2382 1552 2435 τὸ
1577 2405 1735 2449 προσ-

150 2469 362 2534 βάσιμον
401 2475 463 2524 εἰς
505 2467 758 2523 ἀνατολάς·
812 2468 997 2535 πλάγια
1039 2467 1087 2519 δὲ
1128 2467 1224 2530 δύο,
1266 2466 1319 2517 τὸ
1359 2465 1446 2530 μὲν
1484 2470 1547 2520 εἰς
1586 2464 1738 2527 νότον,

151 2552 349 2619 θάτερον
376 2551 423 2603 δὲ
449 2550 568 2618 πρὸς
593 2553 789 2619 βοῤῥᾶν,
819 2557 902 2602 τοῦ
930 2550 1087 2617 ἑτέρου
1115 2548 1336 2614 δηλονότι
1367 2551 1444 2600 καὶ
1476 2548 1740 2610 λείποντος,

81 2633 176 2688 3οῧ
215 2634 272 2699 δὴ
313 2635 486 2685 νοεῖταί
522 2657 622 2688 πως
661 2636 736 2684 καὶ
774 2632 1097 2702 ὀπισθοφανές
1136 2636 1231 2685 τοῖς
1271 2634 1353 2695 τῆς
1390 2630 1594 2697 ἑσπέρας
1637 2632 1738 2681 ε’νο-

200 2814 232 2849 6.
259 2813 351 2848 θείου
369 2819 592 2859 assumptum
609 2825 651 2848 ex
671 2813 713 2848 B.
888 2825 940 2848 10.
968 2812 1177 2857 νοτιωτέροις
1196 2811 1290 2845 B.D.
1309 2816 1342 2844 et
1359 2811 1408 2844 sic
1427 2810 1574 2856 conjecit
1591 2810 1686 2845 Aub.
1704 2811 1741 2845 in

153 2873 225 2906 mg,
245 2860 418 2905 νεωτέροις
436 2860 503 2895 Ed.
667 2870 720 2905 17.
747 2859 801 2893 ὅτε
823 2860 916 2894 B.D.
935 2860 987 2894 ὅτι
1007 2859 1073 2893 Ed.
1238 2858 1290 2892 18.
1317 2860 1377 2891 τοῦ
1395 2862 1618 2902 assumptum
1636 2869 1678 2891 ex
1698 2857 1740 2892 B.

154 2919 210 2943 20.
238 2907 446 2942 εἰκοσιπέντε
468 2907 509 2941 Β.
531 2906 811 2953 [εἰκοσικαιπὲντε
829 2907 935 2941 habet
952 2905 1072 2951 Alex]
1224 2915 1279 2938 22.
1307 2907 1353 2950 τῷ
1372 2904 1456 2950 ἡλίῳ
1475 2904 1557 2938 κατὰ
1574 2904 1741 2940 ἀνατολάς

152 2955 292 2990 inverso
311 2954 432 2989 ordine
452 2954 494 2988 Β.
639 2953 693 2987 26.
721 2952 818 2999 αὐτὸ]
839 2954 942 2988 αὐτοῦ
962 2954 1004 2987 B.
1149 2961 1204 2996 27.
1232 2951 1323 2985 θείου
1342 2963 1412 2985 om.
1434 2951 1475 2985 B.
