2084 3317
150 492 257 532 Supra

148 545 216 566 ver.
236 544 287 576 49,

152 587 203 618 50.

146 1967 157 1989 1
175 1959 251 1990 Cor.

144 2013 199 2034 ΧΠ.
218 2010 269 2042 27.

370 137 456 177 534
774 139 825 180 B.
858 139 1132 180 CYRILLI
1174 140 1558 181 ALEXANDR.
1815 141 1870 181 vi.
1890 140 1958 194 56.

371 244 581 312 φθάσας,
608 252 748 298 τοῦτο
781 246 930 299 πάλιν
961 247 1162 299 ἐνταῦθά
1196 251 1334 316 φησι,
1362 246 1677 315 πολυτρόπως
1711 247 1794 299 τὸν
1819 249 1961 299 αὐτὸν

371 327 638 395 ἐξυφαίνων
680 328 841 396 λόγον.
913 331 966 380 οὐ
1012 329 1106 396 γὰρ
1152 329 1209 393 δὴ
1254 333 1422 396 χρῆναι
1468 330 1577 381 λίαν
1616 329 1962 396 ἀποθαυμάζειν

327 416 354 457 b
373 409 527 463 αὐτοῖς
551 409 606 461 τὸ
636 410 790 474 μάννα
821 415 1082 480 παρεγγυᾷ,
1109 411 1465 478 προσδέχεσθαι
1501 410 1550 463 δὲ
1583 417 1775 476 μᾶλλον
1799 412 1960 475 αὐτὸν,

373 492 435 545 ὡς
470 491 612 557 ἄρτον
645 493 701 561 ἐξ
734 494 933 557 οὐρανοῦ
968 496 1043 544 καὶ
1079 492 1290 560 χορηγὸν
1320 496 1402 556 τῆς
1441 493 1627 544 αἰωνίου
1661 493 1793 559 ζωῆς.
1849 502 1877 524 “
1898 497 1963 546 Οἱ

373 580 400 603 “
424 572 510 636 μὲν
547 573 640 640 γὰρ
678 573 875 640 πατέρες
915 576 1059 637 ὑμῶν,
1099 576 1267 642 φησὶν,
1308 574 1490 643 ἔφαγον
1528 574 1582 625 τὸ
1622 573 1778 636 μάννα
1817 576 1866 625 ἐν
1903 573 1962 642 τῇ
1982 593 2004 631 5

373 661 400 683 “
425 653 581 724 ἐρήμῳ
619 658 694 706 καὶ
734 655 985 706 ἀπέθανον·
1048 656 1184 710 οὗτος
1221 655 1276 707 δέ
1314 658 1445 707 ἐστιν
1483 657 1508 706 ὁ
1548 656 1689 721 ἄρτος
1728 657 1753 707 ὁ
1792 658 1842 707 ἐκ
1880 662 1963 707 τοῦ

374 743 402 765 “
427 736 627 802 οὐρανοῦ
679 738 993 800 καταβαίνων,
1044 738 1119 789 ἵνα
1169 761 1238 792 τις
1289 738 1347 807 ἐξ
1394 739 1536 789 αὐτοῦ
1588 737 1724 807 φάγῃ
1770 740 1847 789 καὶ
1897 737 1962 803 μὴ

374 825 401 848 “
428 817 689 887 ἀποθάνῃ·”
743 820 771 883 ἡ
813 818 899 883 μὲν
945 819 1039 886 γὰρ
1084 825 1168 871 τοῦ
1213 820 1366 884 μάννα
1411 818 1566 890 τροφὴ
1610 820 1729 886 πρὸς
1773 820 1957 886 ὀλίγον,

374 902 511 967 φησὶ,
548 903 715 969 κομιδῇ
753 901 837 953 τὸν
871 901 1031 968 καιρὸν
1069 902 1155 966 τὴν
1191 908 1274 953 τοῦ
1312 903 1536 966 σώματος
1573 903 1734 970 χρείαν
1770 902 1955 953 διαπαί-

373 981 518 1050 ξασα,
545 984 619 1033 καὶ
647 983 701 1034 τὸ
727 985 776 1034 ἐκ
802 987 885 1048 τῆς
910 986 1083 1038 ἐνδείας
1119 984 1456 1049 δυσωπήσασα
1492 983 1695 1047 βλάβος,
1721 985 1959 1049 ἠσθὲνησε
1985 1008 2032 1033 10

372 1062 520 1115 πάλιν
547 1066 631 1116 οὐκ
657 1067 889 1116 ἐντιθεῖσα
925 1071 1021 1120 τοῖς
1058 1065 1332 1133 βεβρωκόσι
1364 1066 1448 1130 τὴν
1475 1067 1660 1118 αἰώνιον
1686 1064 1820 1132 ζωήν.
1877 1066 1960 1116 οὐκ

334 1160 356 1186 0
376 1145 431 1210 ἧν
455 1147 537 1196 οὖν
562 1147 654 1212 ἄρα
679 1147 844 1215 βρῶσις
869 1147 1032 1208 ἀληθὴς
1058 1151 1133 1199 καὶ
1161 1149 1302 1215 ὀίρτος
1329 1149 1385 1218 ἐξ
1408 1150 1608 1215 οὐρανοῦ
1637 1147 1863 1199 τουτέστι·
1905 1146 1960 1198 τὸ

373 1227 423 1278 δὲ
475 1226 610 1294 ἅγιον
652 1234 796 1293 σῶμα
844 1235 928 1280 τοῦ
970 1233 1201 1296 Χριστοῦ,
1244 1231 1363 1297 πρὸς
1405 1231 1671 1281 ἀθανασίαν
1714 1231 1790 1280 καὶ
1841 1228 1960 1294 ζωὴν

371 1309 558 1360 αἰώνιον
596 1311 881 1380 ἀποτρέφον,
921 1311 1085 1381 βρῶσις
1127 1312 1273 1366 ὅντως
1314 1311 1489 1372 ἀληθής.
1556 1312 1667 1362 ἀλλ’
1713 1311 1842 1363 ε”πιον
1883 1312 1959 1361 καὶ

374 1393 498 1457 ὕδωρ
531 1394 581 1443 ἐκ
615 1393 789 1459 πέτρας
824 1395 1001 1444 ἐκεῖνοι.
1058 1396 1132 1444 καὶ
1168 1395 1216 1445 τί
1248 1393 1303 1445 τὸ
1338 1397 1564 1456 ἐντεῦθεν,
1595 1396 1734 1462 φησὶ,
1761 1393 1875 1444 ποία
1909 1392 1957 1443 δὲ
1983 1415 2027 1453 15

372 1478 469 1527 τοῖς
503 1474 832 1539 πεπωκόσινὴ
867 1475 1061 1540 ὅνησις;
1105 1476 1467 1541 τετελευτήκασι
1497 1475 1606 1542 γάρ.
1663 1473 1721 1540 ἧν
1753 1476 1833 1526 οὖν
1866 1474 1958 1540 ἄρα

370 1557 553 1607 κάκεῖνο
592 1555 737 1611 πόσις
777 1558 860 1608 οὐκ
900 1558 1095 1622 ἀληθὴς,
1134 1559 1297 1620 ἀληθὴς
1336 1557 1384 1609 δὲ
1425 1560 1523 1610 κατ’
1563 1557 1789 1622 ἀλήθειαν
1829 1557 1952 1623 εὑρί-

362 1660 528 1689 σκεται
574 1639 706 1694 πόσις
752 1639 807 1690 τὸ
851 1641 1004 1703 τίμιον
1050 1639 1177 1709 αἷμα
1224 1644 1456 1707 Χριστοῦ,
1506 1640 1624 1705 ὅλην
1669 1642 1719 1691 ἐκ
1762 1638 1958 1705 βάθρων

365 1721 644 1788 ἀποῤῥιζοῦν
675 1721 761 1786 τὴν
791 1721 992 1790 φθορὰν,
1020 1725 1096 1773 καὶ
1131 1725 1461 1790 ἀναμοχλεῦον
1486 1723 1570 1774 τὸν
1595 1725 1645 1774 ἐν
1669 1726 1728 1790 τῇ
1767 1724 1953 1789 ἀνθρω-

321 1808 347 1849 d
365 1802 473 1871 πείᾳ
499 1806 642 1870 σαρκὶ
668 1805 1018 1869 κατοικήσαντα
1045 1804 1263 1857 θάνατον.
1315 1805 1430 1867 αἷμα
1455 1805 1549 1873 γάρ
1575 1807 1708 1856 ἐστιν
1734 1806 1821 1872 οὐχ
1856 1803 1955 1858 ἑνὸς
1977 1828 2026 1853 20

364 1888 460 1935 τῶν
497 1885 737 1952 τυχόντων
775 1887 955 1948 ἁπλῶς,
995 1887 1107 1937 ἀλλ’
1149 1888 1290 1951 αὐτῆς
1335 1890 1417 1951 τῆς
1462 1887 1582 1938 κατὰ
1627 1886 1777 1955 φύσιν
1819 1886 1951 1953 ζωῆς.

366 1964 442 2016 διὰ
468 1972 607 2018 τοῦτο
634 1968 710 2017 καὶ
736 1972 879 2031 σῶμα
905 1970 981 2019 καὶ
1005 1967 1128 2032 με’λη
1156 1971 1372 2034 Χριστοῦ
1399 1967 1755 2036 χρηματίζομεν,
1784 1971 1846 2023 ὡς
1879 1968 1955 2020 διὰ

365 2050 447 2112 τῆς
472 2049 690 2114 εὐλογίας
717 2049 858 2100 αὑτὸν
883 2051 931 2100 ἐν
958 2051 1136 2104 ἑαυτοῖς
1162 2051 1403 2118 δεχόμενοι
1428 2050 1511 2102 τὸν
1537 2050 1668 2103 Υὶόν.

296 2227 346 2272 56
395 2225 449 2266 ‘O
486 2224 665 2282 τρώγων
702 2240 782 2275 μου
820 2225 896 2268 τὴν
934 2226 1071 2283 σάρκα
1110 2225 1179 2266 καὶ
1216 2224 1352 2267 Πίνων
1389 2240 1469 2274 μου
1507 2225 1555 2268 τὸ
1595 2222 1699 2275 αἷμα
1737 2226 1781 2268 ἐν
1819 2227 1914 2276 ἐμοὶ

899 2310 1029 2360 μένει,
1068 2308 1187 2356 κάΓὼ
1224 2309 1269 2350 ὲν
1308 2309 1439 2363 αὐτῷ.
1975 2323 2022 2361 25

439 2421 766 2490 Πολυτρόπως
804 2423 924 2487 ἡμᾶς
962 2422 1036 2474 διὰ
1074 2422 1254 2474 τούτων
1290 2428 1612 2489 μυσταγωγεῖ,
1652 2426 1726 2475 καὶ
1766 2424 1954 2490 ἐπείπερ

324 2506 464 2556 θέστῖ
503 2505 788 2573 δυσέφικτός
824 2528 926 2558 πως
963 2509 1059 2559 τοῖς
1099 2505 1437 2571 ἀμαθεστέροις
1476 2506 1501 2556 ὁ
1541 2505 1700 2570 λόγος,
1738 2504 1824 2570 τὴν
1858 2504 1953 2557 ἀπὸ

363 2592 447 2637 τοῦ
491 2587 730 2638 πιστεύειν
767 2587 964 2638 σύνεσιν
1002 2587 1076 2655 ἐφ’
1117 2589 1265 2655 ἑαυτῷ
1309 2592 1502 2649 μᾶλλον
1545 2589 1758 2639 ἀπαιτῶν
1800 2587 1828 2653 ἦ
1877 2588 1953 2655 ζή-

363 2691 518 2733 τησιν,
564 2670 662 2720 ἄνω
705 2693 754 2722 τε
799 2671 874 2721 καὶ
920 2669 1046 2721 κάτω
1097 2673 1192 2720 τῶν
1231 2670 1386 2720 αὐτῶν
1431 2670 1627 2721 ἑλίττων
1671 2670 1953 2739 ἐξευμαρίζει

414 2813 444 2837 Ι.
471 2802 630 2847 ἐνταῦθα]
651 2803 685 2838 ἐν
702 2803 833 2839 τούτοις
853 2804 894 2838 Β.
1106 2805 1138 2838 6.
1165 2804 1259 2838 ἐστιν
1277 2816 1346 2838 om.
1370 2805 1410 2838 B.
1626 2806 1659 2839 8.
1684 2805 1798 2850 τροφὴ
1817 2816 1888 2839 om.
1910 2804 1952 2839 B.

364 2861 396 2894 9.
423 2849 586 2894 διαπὴξας
606 2850 647 2884 Β.
795 2862 849 2885 11.
877 2851 936 2884 οὐκ
954 2851 1011 2885 alt.
1031 2862 1100 2885 om.
1121 2850 1162 2885 B.
1310 2862 1362 2896 13.
1390 2852 1425 2885 δὲ
1443 2863 1513 2885 om.
1535 2852 1577 2886 B.
1649 2854 1708 2886 τοῦ
1726 2857 1951 2896 assumptum

364 2908 405 2929 ex
425 2896 467 2930 B.
591 2908 643 2939 14.
669 2896 789 2942 ὅντως]
814 2902 850 2937 -ὒ-
872 2898 970 2932 ἔσται
990 2897 1055 2932 Ed.
1073 2898 1182 2932 invito
1203 2897 1241 2931 B.
1309 2899 1362 2932 καὶ
1380 2910 1449 2933 om.
1472 2898 1513 2932 B.
1628 2899 1683 2933 26.
1712 2897 1867 2944 ἐπείπερ]
1889 2895 1951 2932 εἴτι

364 2957 427 2986 περ
449 2942 490 2977 B.
620 2945 675 2978 28.
703 2945 898 2979 συναίνεσιν
918 2945 964 2978 D.
