2084 3317
181 167 218 193 v.
242 167 305 210 19.
409 159 483 200 IN
526 161 568 202 S.
603 162 939 208 JOANNEM.
1002 170 1126 212 LIB.
1161 173 1220 214 Π.
1283 176 1416 218 CAP.
1443 179 1519 219 VI.
1681 185 1760 224 3:21

174 261 386 320 τεκόντος
436 269 600 324 οὐσίας
649 276 965 342 κατηγορήσει
1016 278 1070 330 τὸ
1121 287 1352 349 πρᾶγμας
1408 290 1444 337 εἰ
1494 288 1587 355 γὰρ
1638 291 1762 346 ὅλως

170 345 385 398 ἀσθενεῖν
409 350 638 419 ἐνδέχεται
669 354 752 407 τὸν
783 358 902 409 κατὰ
933 360 1084 428 φύσιν
1109 362 1223 415 ὄντα
1251 367 1388 430 Θεὸν,
1415 370 1464 419 τί
1490 369 1543 421 τὸ
1575 372 1761 424 κωλύον

167 426 269 476 ἐστὶ
307 435 446 482 τοῦτο
482 439 649 487 παθεῖν
679 437 762 490 τὸν
789 441 997 509 Πατέρα,
1024 445 1226 512 ἐχούσης
1264 448 1401 518 ἅπαξ
1435 450 1488 502 τὸ
1527 453 1759 506 δύνασθαι

165 512 331 560 παθεῖν
356 515 437 576 τῆς
464 516 589 571 θείας
625 522 701 571 καὶ
736 521 940 589 ἀῤῥήτου
967 526 1172 593 φύσεως,
1199 531 1275 580 καὶ
1303 533 1449 587 οὕτως
1477 534 1564 599 ἤδη
1592 540 1755 602 φαινο-

122 604 144 641 5
163 589 303 655 με’νης
333 594 382 644 ἐν
411 598 513 666 Υὶῷ
547 600 666 652 κατὰ
703 603 786 654 τὸν
810 606 994 658 ἐκείνων
1019 608 1168 675 λόγον
1190 633 1202 674 3
1247 613 1415 665 οὐκοῦν
1441 616 1544 667 οὐδὲ
1578 619 1755 674 ἀπαθὲς

162 670 238 722 διὰ
272 681 411 727 τοῦτο
447 679 500 730 rb
528 685 665 747 θεῖον,
693 687 804 736 ἀλλ’
833 688 937 739 οὐδὲ
969 691 1016 740 ἐν
1042 693 1289 759 ταυτότητι
1325 699 1401 748 καὶ
1436 700 1754 772 ἀμεταβλήτῳ

160 755 364 808 κείσεται
409 759 596 817 πάντως
634 769 956 834 μακαριότητι.
1018 772 1116 824 εἶτα
1161 777 1243 840 τίς,
1286 779 1389 830 εἶπέ
1422 804 1515 845 μοι,
1557 787 1651 834 τῶν
1693 782 1753 835 τὰ

158 843 350 890 τοιαῦτα
392 843 686 911 δοξαζόντων
730 851 978 920 ἀνέξεταις
1036 856 1105 910 τίς
1151 857 1201 908 δὲ
1253 863 1336 924 τῆς
1381 864 1506 917 θείας
1556 866 1751 931 βοώσης

157 923 358 988 γραφῆς,
387 923 457 975 ὅτι
487 927 660 992 Κύριος
684 935 778 982 τῶν
806 933 1045 997 δυνάμεων
1072 940 1203 990 ἐστιν
1231 943 1255 992 ὁ
1283 942 1410 1006 Υἱὸς,
1439 947 1492 996 οὐ
1518 969 1744 1015 καταναρ-
1769 977 1790 1004 c
1812 965 1971 998 Ps.xxiii.

88 1019 136 1043 10
155 999 290 1064 κήσει
326 1005 495 1070 λε’γων,
536 1012 858 1075 δυναμοῦσθαι
903 1016 1090 1085 χρῄζειν
1126 1022 1281 1086 αὐτὸν,
1319 1027 1395 1075 καὶ
1439 1028 1585 1093 ἀτελῆ
1628 1031 1748 1082 κατὰ
1815 1018 1865 1041 10’

153 1088 291 1134 τοῦτο
330 1086 568 1157 ὑπάρχειν,
605 1092 630 1144 ὃ
668 1096 835 1162 κυρίως
873 1103 948 1150 καὶ
986 1100 1115 1172 μόνω
1157 1104 1419 1170 πρόσεστιν
1461 1111 1588 1180 αὐτῷ
1628 1113 1747 1176 μετὰ

153 1167 344 1232 Πατρὸς
369 1174 442 1221 καὶ
468 1173 636 1239 ‘Ayc‘ov
665 1179 970 1243 Πνεύματος;

223 1249 356 1316 Ἐρεῖ
391 1253 439 1305 δὲ
479 1255 627 1308 πάλιν
665 1259 774 1324 ἡμῖν
814 1263 839 1313 ὁ
881 1265 938 1315 δι’
970 1267 1180 1324 ἐναντίας
1222 1272 1361 1323 Κατὰ
1404 1275 1541 1327 τοῦτό
1586 1281 1745 1347 φαμεν

150 1330 449 1397 ὑπερκεῖσθαι
493 1344 575 1390 τοῦ
619 1345 737 1393 Υὶοῦ
781 1343 863 1396 τὸν
908 1348 1114 1413 Πατέρα.
1167 1353 1192 1402 ὁ
1236 1354 1320 1415 μὲν
1362 1356 1455 1423 γάρ
1500 1360 1602 1410 ε’στι
1648 1366 1744 1413 τῶν

81 1424 126 1458 15
147 1410 298 1477 ἐργων
324 1423 738 1488 προκαταρκτικὸς,
766 1428 828 1481 ὡς
861 1428 981 1496 ε”χων
1008 1431 1057 1481 ἔν
1088 1456 1136 1484 τε
1172 1438 1230 1503 τῇ
1266 1439 1457 1502 δυνάμει
1493 1444 1567 1492 καὶ
1602 1444 1651 1493 ἐν
1677 1453 1744 1513 τῷ

144 1493 300 1547 πάντα
326 1500 489 1552 εἰδέναι
515 1503 569 1555 τὸ
601 1505 796 1558 τέλειον·
839 1511 864 1560 ὁ
896 1510 945 1562 δὲ
983 1514 1211 1581 πρότερον
1237 1519 1412 1584 γίνεται
1440 1523 1620 1588 θεατὴς,
1649 1523 1738 1577 εἶθ’

143 1577 290 1632 οὕτως
323 1582 522 1649 ἐργάτης
557 1590 639 1651 τῆς
675 1595 758 1641 τοῦ
782 1593 974 1660 Πατρὸς
1006 1597 1235 1664 ἐνεργείας
1270 1603 1649 1669 ἀναματτόμενος
1676 1613 1736 1663 εἰς
1758 1623 1786 1664 d

142 1662 306 1715 ἑαυτὸν
331 1666 416 1732 τὴν
448 1670 664 1737 μίμησιν,
690 1675 764 1727 ἵνα
802 1677 877 1727 διὰ
916 1682 997 1743 τῆς
1036 1686 1132 1734 τῶν
1167 1684 1317 1752 ἔργων
1352 1689 1623 1755 ὁμοιότητος
1661 1696 1738 1745 καὶ

141 1745 280 1800 αὐτὸς
319 1753 480 1814 νοῆται
519 1754 656 1810 Θεός·
700 1765 838 1810 τοῦτο
878 1761 970 1828 γὰρ
1005 1764 1124 1828 ἡμᾶς
1163 1769 1427 1823 ἐκδιδάσκει
1467 1775 1637 1841 λε’γων,
1671 1777 1736 1842 μὴ

71 1844 120 1868 20
140 1822 361 1882 δύνασθαι
394 1839 526 1887 ποιεῖν
555 1841 638 1907 ἀφ’
667 1839 819 1893 ἑαυτοῦ
847 1842 979 1911 μηδὲν
1007 1846 1080 1898 ε’ἒιν
1106 1852 1169 1916 μή
1196 1876 1235 1901 τι
1266 1853 1421 1927 βλέπῃ
1457 1860 1524 1907 τὸν
1553 1859 1736 1928 Πατέρα.

138 1913 353 1964 ποιοῦνται.
411 1917 461 1967 τί
495 1918 591 1987 φῂς
629 1920 665 1972 ὦ
703 1922 947 1990 πάντολμε
986 1929 1080 1992 σύ,
1135 1935 1217 1996 τῆς
1256 1941 1339 1986 τοῦ
1375 1937 1567 2004 Πατρὸς
1604 1942 1728 2007 ε’νερ-

136 1994 263 2057 γείας
301 1997 615 2061 ἀναμάττεται
656 2004 763 2060 τοὺς
801 2007 976 2064 τύπους
1015 2016 1077 2065 εἰς
1116 2015 1282 2067 ἑαυτὸν
1318 2019 1342 2068 ὁ
1380 2019 1509 2079 Υἱὸς,
1544 2024 1617 2073 ἵνα
1659 2024 1734 2075 διὰ

134 2075 302 2129 τούτου
343 2083 502 2145 νοῆται
543 2085 700 2150 Θεός,
746 2092 973 2146 διδακτῶς
1013 2095 1095 2146 οὖν
1133 2096 1267 2149 ε”σται
1301 2099 1436 2164 Θεὸς,
1469 2106 1543 2155 καὶ
1583 2107 1732 2158 οὐκέτι

133 2158 252 2210 κατὰ
279 2161 444 2229 φύσιν·
487 2165 652 2235 ὥσπερ
688 2169 736 2221 δὲ
771 2173 818 2222 ἐν
857 2174 966 2238 ἡμῖν
1001 2178 1238 2246 ἐπιστήμη
1279 2185 1355 2233 καὶ
1393 2185 1534 2253 τέχνη
1572 2187 1730 2256 τυχὸν,

65 2255 112 2292 25
132 2241 278 2296 οὕτως
317 2244 409 2311 ἄρα
447 2248 495 2298 ἐν
531 2251 656 2321 αὐτῷ
697 2255 799 2305 ἐστι
840 2254 894 2307 rb
933 2258 1134 2327 ἀξίωμα,
1173 2266 1248 2314 καὶ
1287 2267 1500 2333 τεχνίτης
1537 2270 1767 2332 μᾶλλόνθ

129 2323 232 2375 ε’στι
270 2331 364 2378 τῶν
400 2331 483 2392 τῆς
521 2330 739 2398 θεότητος
779 2337 930 2403 ἔργων
969 2339 997 2405 ἢ
1038 2342 1160 2398 Θεὸς
1204 2347 1439 2410 ἀληθινός·
1480 2351 1632 2418 ἕτερος
1680 2352 1728 2404 δὲ

129 2405 280 2469 δήπου
305 2409 495 2466 πάντως
529 2414 666 2470 αὐτὸς
703 2418 830 2485 παρὰ
868 2420 954 2486 τὴν
980 2425 1028 2474 ἐν
1054 2426 1180 2496 αὐτῷ
1213 2427 1395 2496 τέχνην,
1424 2431 1511 2482 κᾶν
1541 2434 1728 2503 ὑπάρχῃ

128 2491 404 2556 θεοπρεπής.
459 2500 559 2550 πῶς
596 2499 677 2549 οὖν
709 2501 801 2567 ἄρα
834 2502 916 2554 τὸν
947 2510 1042 2556 τῶν
1075 2511 1157 2572 τῆς
1190 2509 1409 2576 θεότητος
1446 2514 1568 2580 ὅρων
1595 2517 1725 2575 ἐκβε-

124 2570 320 2636 βηκότα,
356 2578 431 2627 καὶ
469 2579 517 2628 ἐν
551 2579 672 2649 μόνῃ
710 2587 769 2650 τῇ
810 2585 949 2654 τέχνῃ
986 2592 1225 2656 φοροῦντα
1255 2592 1341 2656 τὴν
1376 2594 1535 2664 δόξαν,
1569 2620 1723 2663 προσ-

59 2673 107 2708 3ο
125 2659 319 2706 κυνοῦσι
363 2658 448 2721 μὲν
491 2660 689 2727 ἄγγελοι
741 2668 840 2717 κατ’
887 2669 1099 2734 οὐρανὸν,
1147 2682 1505 2741 προσκυνοῦμεν
1550 2679 1599 2730 δὲ
1644 2682 1721 2732 καὶ

125 2733 253 2797 ἡμεῖς
285 2738 597 2807 ἀνεγκλήτως,
624 2744 678 2797 rb
717 2747 782 2812 μὴ
820 2753 989 2818 χρῆναι
1029 2756 1269 2820 λατρεύειν
1296 2758 1434 2828 ἑτέρω
1472 2760 1601 2827 παρὰ
1638 2761 1720 2814 τὸν

169 2927 203 2963 5.
229 2919 356 2957 ἀπαθὲς
377 2921 417 2956 Β.
439 2922 572 2969 Migne.
591 2926 721 2973 ἀπαθὴς
741 2930 807 2966 Ed.
920 2946 972 2979 13.
1000 2935 1076 2979 ἡμῖν
1094 2944 1174 2982 post
1192 2938 1339 2976 ἐναντίας
1361 2947 1401 2976 tr.
1424 2942 1466 2977 B.
1596 2956 1648 2991 15.
1676 2950 1715 2990 τῇ

123 2975 192 2999 om.
213 2965 254 3000 Β.
400 2979 455 3015 23.
482 2972 579 3007 ἕσται
599 2973 640 3009 Β.
660 2975 735 3011 ἐστι
755 2978 820 3013 Ed.
967 2983 1021 3017 28.
1049 2987 1114 3018 τῶν
1131 2996 1200 3019 om.
1222 2986 1262 3020 B.

179 3032 270 3061 VOL.
295 3020 340 3087 τί
878 3048 900 3074 T
922 3042 938 3076 t
