2084 3317
99 147 169 188 vii.
190 162 257 204 39.
348 149 422 189 IN
465 149 508 190 S.
542 149 880 190 JOANNEM.
944 149 1068 189 LIB.
1092 150 1145 189 V.
1208 150 1342 190 CAP.
1377 150 1436 190 II.
1605 149 1689 191 693

101 258 177 308 ἵνα
203 259 331 322 ἡμεῖς
355 260 403 308 ἐν
429 259 555 328 αὐτῷ
581 257 635 308 τὸ
663 262 859 322 Πνεῦμα
886 256 1195 324 κερδάνωμεν.
1241 257 1413 322 ταύτης
1438 263 1689 324 τοιγαροῦν

102 343 186 404 τῆς
212 341 360 393 αἰτίας
387 340 518 390 ἕνεκα
543 347 570 368 “
587 340 861 406 σπέρματος
886 338 1114 406 “Αβραάμ
1139 339 1550 402 ἐπιλαμβάνεται,”
1572 338 1690 389 κατὰ
1754 344 1841 417 {eb-
1858 354 1891 374 ¹¹·

103 422 157 473 τὸ
192 422 532 487 γεγραμμένον,
561 421 778 485 ὡμοιώθη
816 420 864 472 δὲ
892 429 917 451 “
939 421 1060 472 κατὰ
1096 420 1253 473 πάντα
1287 426 1384 475 τοῖς
1417 421 1673 489 ἀδελφοῖς.’
1679 422 1688 436 ’
1754 435 1873 474 1b-17-

104 503 284 571 δέχεται
310 504 467 554 τοίνυν
493 505 581 571 οὐχ
606 505 754 572 ἑαυτῷ
780 501 833 553 τὸ
858 507 1054 566 Πνεῦμα
1078 503 1132 553 τὸ
1152 501 1326 568 ”Αγιον
1346 504 1371 553 ό
1398 501 1689 567 Μονογενής·
1711 510 1738 550 (1

62 587 246 638 5αὑτοῦ
291 585 384 651 γάρ
428 587 531 636 ἐστι
576 587 651 636 καὶ
698 587 745 636 ἐν
790 586 916 653 αὐτῷ
960 587 1036 636 καὶ
1081 586 1137 635 δι’
1179 587 1321 636 αὐτοῦ
1368 584 1422 636 τὸ
1472 589 1688 647 Πνεῦμα,

104 666 317 732 καθάπερ
348 667 437 731 ἤδη
471 667 774 733 προείπομεν·
818 668 929 717 ἀλλ’
963 667 1151 733 ἐπείπερ
1184 668 1432 734 ἄνθρωπος
1467 666 1690 732 γεγονὼς,

104 749 224 814 ὅλην
268 747 390 816 εἶχεν
434 750 483 799 ἐν
526 750 674 818 ἑαυτῷ
717 748 803 809 τὴν
848 748 1013 817 φύσιν,
1052 750 1128 800 ἵνα
1172 754 1338 800 πᾶσαν
1379 748 1693 817 ἐπανορθώσῃ

102 831 466 896 μετασκευάσας
504 834 565 884 εἷς
605 829 658 881 τὸ
698 832 909 898 ἀρχαῖον.

181 912 311 980 Πρὸς
350 913 403 964 δέ
437 935 491 977 γε
527 917 623 966 τοῖς
659 912 913 978 εἰρημένοις
949 917 1131 963 κακεῖνο
1165 913 1517 979 περισκεπτεόν.
1572 913 1694 979 ὀψό-

39 1015 86 1040 10
104 1000 224 1060 μεθα
262 995 356 1061 γὰρ
397 994 474 1045 διὰ
514 998 766 1059 λογισμῶν
805 994 950 1048 ἰόντες
997 999 1182 1062 σοφῶν,
1225 997 1300 1046 καὶ
1343 1001 1439 1050 τοῖς
1477 994 1570 1046 ἀπὸ
1611 998 1693 1059 τῆς

106 1079 228 1131 θείας
267 1080 457 1146 γραφῆς
495 1076 823 1140 βεβαιούμενοι
862 1076 1036 1142 λόγοις,
1077 1078 1164 1144 οὐχ
1199 1077 1346 1145 ἑαυτῷ
1385 1076 1600 1137 λαβόντα
1640 1075 1694 1127 τὸ

107 1164 305 1224 Πνεῦμα
330 1159 560 1226 Χριστὸν,
588 1159 697 1222 ἡμῖν
724 1157 771 1208 δὲ
802 1163 994 1221 μᾶλλον
1020 1160 1069 1209 ἐν
1096 1160 1264 1227 ἑαυτῷ·
1317 1159 1474 1210 πάντα
1508 1158 1600 1226 γὰρ
1638 1159 1692 1209 δι’
1713 1180 1734 1207 e

106 1244 249 1294 αὐτοῦ
287 1244 363 1293 καὶ
402 1245 465 1295 εἷς
503 1241 622 1305 ἡμᾶς
661 1238 812 1308 τρέχει
851 1240 910 1290 τὰ
950 1240 1123 1305 ἀγαθά.
1188 1241 1344 1305 ἐπειδὴ
1382 1240 1475 1307 γὰρ
1515 1243 1539 1291 ὁ
1578 1264 1694 1307 προ-

107 1324 274 1390 πάτωρ
301 1323 459 1386 Ἀδὰμ
499 1324 552 1373 οὐ
592 1322 795 1373 διέσωσε
833 1321 920 1385 τὴν
945 1328 1028 1373 τοῦ
1063 1322 1340 1386 Πνεύματος
1372 1323 1511 1390 χάριν
1535 1347 1691 1389 παρα-

41 1428 88 1467 15
108 1409 298 1473 τραπεὶς
325 1406 380 1475 ἐξ
403 1404 587 1468 ἀπάτης
613 1427 675 1457 εις
699 1403 946 1469 παρακοὴν
973 1406 1049 1454 καὶ
1076 1404 1321 1470 ἁμαρτίαν,
1349 1404 1440 1470 όλη
1469 1428 1519 1456 τε
1551 1406 1698 1458 οὕτως

108 1491 156 1540 ἐν
195 1489 321 1557 αὐτῷ
358 1487 598 1554 ἐζημιοῦτο
639 1484 808 1537 λοιπὸν
848 1486 876 1549 ἡ
919 1486 1065 1554 φύσις
1105 1486 1159 1536 τὸ
1199 1485 1456 1538 θεόσδοτον
1494 1487 1694 1553 ἀγαθὸν,

109 1573 374 1636 ἀναγκαίως
418 1571 443 1620 ὁ
488 1567 668 1635 τροπὴν
712 1569 793 1618 οὐκ
839 1568 969 1622 ειδὼς
1014 1566 1136 1621 Θεὸς
1178 1568 1336 1635 Λόγος
1379 1592 1572 1634 γεγονεν
1617 1569 1698 1620 ἄν·

110 1654 357 1718 θρωπος,
339 1676 413 1703 ινα
439 1650 607 1712 λαβὼν
634 1653 695 1704 ὡς
723 1650 970 1717 ἄνθρωπος
999 1650 1218 1718 διασώσῃ
1244 1652 1426 1717 παγίως
1461 1656 1518 1719 τῇ
1554 1652 1698 1720 φύσει

109 1736 163 1786 τὸ
207 1734 402 1800 ἀγαθόν.
474 1738 568 1784 τῶν
611 1732 835 1784 τοιούτων
872 1733 982 1796 ἡμῖν
1024 1733 1300 1799 μυστηρίων
1345 1733 1576 1801 ἐξηγητὴς
1621 1737 1697 1784 καὶ

43 1839 92 1864 20
111 1817 248 1871 αὐτὸς
284 1816 562 1881 εἰσβήσεται
599 1817 623 1866 ὁ
660 1819 780 1868 θεῖος
819 1813 1049 1884 μελῳδός·
1095 1814 1222 1880 λε’γει
1262 1814 1355 1882 γὰρ
1394 1818 1540 1869 οὕτως
1579 1815 1698 1882 πρὸς

109 1900 192 1950 τὸν
218 1898 336 1950 Υὶόν
374 1906 402 1928 “
426 1898 720 1964 Ἰ-Ιγάπησας
760 1896 1062 1961 δικαιοσύνην
1101 1900 1176 1947 καὶ
1218 1898 1454 1962 ἐμίσησας
1495 1900 1694 1949 ἀδικίαν·
1762 1899 1815 1930 Ps.
1831 1898 1910 1930 xliv.

111 1989 139 2011 “
165 1980 241 2033 διὰ
275 1986 413 2031 τοῦτο
449 1980 614 2047 ε”χρισέ
644 2002 702 2029 σε
738 1980 762 2029 ὁ
791 1978 912 2031 Θεὸς
950 1980 975 2029 ὁ
1005 1978 1124 2031 Θεός
1157 2001 1248 2029 σου
1277 1977 1437 2029 ἐ’λαιον
1463 1981 1697 2046 ἀγαλλιά-
1718 2000 1739 2024 a
1769 1992 1854 2026 473
1869 1990 1920 2024 A·

112 2070 139 2093 ‘⁶
166 2086 289 2117 σεως
320 2062 450 2129 παρὰ
487 2062 594 2116 τοὺς
628 2061 854 2128 μετόχους
887 2061 1027 2113 σου.”
1069 2059 1225 2124 ἐπειδὴ
1254 2060 1360 2126 γὰρ,
1389 2064 1553 2129 φησιν,
1580 2062 1698 2127 ἠγά-

111 2169 272 2208 πησας
296 2146 364 2195 ἀεὶ
390 2144 475 2209 τὴν
502 2144 816 2206 δικαιοσύνην·
860 2144 1033 2196 δίκαιος
1065 2142 1158 2209 γὰρ
1185 2141 1226 2193 εἷ
1250 2145 1274 2193 ὁ
1303 2143 1437 2206 Θεὸς,
1464 2146 1698 2210 παρατρέ-

44 2248 92 2286 ²5
112 2228 293 2278 πεσθαί
334 2250 416 2278 ποι
461 2225 592 2291 παρὰ
635 2231 774 2276 τοῦτο
820 2224 885 2289 μὴ
931 2224 1196 2287 δυνάμενος·
1252 2226 1487 2289 ἐμίσησας
1526 2225 1574 2276 δὲ
1613 2226 1698 2288 τὴν

112 2310 294 2360 ἀδικίαν
325 2311 412 2360 ἀεί·
454 2312 669 2376 φυσικῶς
707 2307 800 2373 γάρ
838 2330 919 2357 σοι
957 2306 1010 2358 τὸ
1049 2306 1374 2373 μισοπόνηρον
1409 2309 1693 2376 ἐμπέφυκεν,

112 2394 174 2445 ὡς
218 2391 498 2460 φιλοδικαίῳ
541 2393 666 2459 Θεῷ·
726 2388 800 2439 διὰ
845 2389 984 2440 τοῦτό
1029 2412 1087 2439 σε
1132 2390 1340 2456 κε’χρικεν
1385 2390 1409 2439 ὁ
1456 2390 1576 2443 Θεὸς
1623 2394 1698 2441 καὶ

114 2473 299 2539 Πατήρ·
362 2474 386 2524 ὁ
432 2472 525 2538 γὰρ
570 2471 760 2541 φύσεως
803 2474 919 2525 ἰδίας
966 2471 1292 2536 πλεονέκτημα
1339 2471 1425 2535 τὴν
1466 2472 1699 2538 ἄτρεπτον

112 2557 233 2623 ἔχων
253 2554 567 2619 δικαιοσύνην,
586 2555 668 2605 οὐκ
695 2552 750 2604 ἂν
774 2554 1061 2621 μετηνέχθης
1086 2553 1199 2605 ποτὲ
1223 2552 1342 2618 πρὸς
1367 2552 1423 2618 ἣν
1445 2555 1528 2605 οὐκ
1553 2553 1699 2620 ἔγνως

163 2734 194 2757 1.
212 2722 248 2757 ἐν
264 2722 353 2768 αυτῷ
374 2721 414 2755 Β.
419 2733 449 2755 a.
462 2721 595 2766 Migne.
614 2721 648 2756 ἐν
665 2723 771 2768 ἑαυτῷ
793 2722 909 2755 Holst.
927 2721 994 2755 Ed.
1060 2731 1093 2763 5.
1112 2719 1204 2766 ἐστι]
1225 2720 1264 2765 ἦν
1281 2733 1310 2756 c.
1332 2721 1438 2756 Cord.
1507 2732 1561 2756 11.
1580 2723 1699 2756 ἑαυτὸν

114 2770 157 2804 Β.
177 2757 375 2803 emendavit
398 2768 460 2803 Ht.
477 2769 616 2802 favente
634 2775 673 2802 ut
690 2757 762 2802 vid.
781 2769 922 2803 NiKeta.
1070 2779 1133 2820 „¹3⁸
1160 2768 1213 2803 καὶ
1230 2780 1301 2802 om.
1323 2768 1414 2803 Catt.
1578 2769 1631 2803 18.
1656 2771 1696 2813 τῇ

112 2848 220 2893 φύσει
237 2847 368 2892 παγίως
384 2847 524 2880 inverso
543 2847 664 2881 ordine
682 2859 712 2881 a.
897 2859 952 2881 21.
979 2813 1119 2890 ἀῖδιμέἳν
1138 2848 1180 2881 Β.
1361 2860 1415 2891 24.
1443 2851 1461 2882 ὁ
1479 2860 1549 2882 om.
1570 2848 1613 2882 B.
1634 2848 1698 2883 Ht.

113 2895 319 2939 Assumpsit
336 2906 354 2927 e
373 2893 451 2927 Cat.
474 2894 572 2927 Harl.
592 2902 630 2927 ut
647 2893 717 2928 vid.
735 2894 829 2928 Aub.
950 2894 1005 2928 26.
1032 2894 1241 2940 ἐμπέφυκεν]
1261 2895 1432 2938 ἐντέτηκεν
1450 2908 1480 2930 a.
1501 2896 1577 2930 Cat.
1602 2896 1699 2930 Harl.

115 2953 170 2987 27.
198 2956 239 2975 σε
258 2940 535 2986 suprascriptum
559 2940 598 2974 B.
651 2940 777 2975 Statim
795 2941 986 2986 ἐκκέχρικεν
1006 2940 1086 2986 [pro
1105 2941 1375 2988 ἐγκέχρικεν(ἓ)]
1399 2942 1440 2976 Β.
