2073 3296
352 186 407 227 52
755 184 803 225 Β.
838 183 1111 225 CYRILLI
1152 183 1533 226 ALEXANDR.
1846 186 1873 226 i.
1899 197 1936 228 2.
2063 196 2066 216 ¹

353 293 564 353 εὐσεβῶς
607 295 789 344 κάκεῖνο
835 292 1050 351 νοείσθω,
1093 290 1180 343 κᾶν
1217 293 1279 346 ὡς
1323 293 1371 344 ἐν
1410 293 1688 362 ἀνθρωπίνῳ
1732 295 1941 356 λαλῆται

353 373 582 441 σχήματι,
621 375 697 424 καὶ
738 372 933 424 λέλυται
976 371 1031 424 τὸ
1074 372 1243 440 πικρὸν
1281 374 1436 425 αὐτῶν
1475 378 1551 425 καὶ
1591 372 1784 425 ἀνόσιον
1820 371 1938 441 πρό-

354 460 539 519 βλημα·

429 535 652 605 Ἐ-ξήρκει
682 535 767 599 μὲν
793 536 889 599 οὖν,
916 537 978 589 ὡς
1015 533 1156 599 οἶμαι,
1184 538 1260 586 καὶ
1293 541 1459 588 ταῦτα’
1500 536 1657 601 ἐπειδὴ
1692 536 1741 588 δὲ
1774 539 1943 605 χρῆναι

356 621 451 669 δεῖν
478 616 806 685 ὑπειλήφαμεν
830 616 891 668 τὰ
921 618 970 668 ἐκ
1002 620 1085 680 τῆς
1119 617 1303 669 ἐκείνων
1329 618 1619 685 δυστροπίας
1643 617 1942 682 ἐπινοηθέντα
1960 635 1982 673 5

355 698 694 765 προβλήματα,
716 697 926 765 καθάπερ
952 697 1056 749 τινὰ
1080 700 1322 763 πολεμίων
1347 699 1510 764 ἐσμὸν,
1530 704 1587 767 τῇ
1612 703 1708 750 τῶν
1730 700 1943 761 εὐσεβῶν

318 803 338 828 (ε
357 778 606 845 δογμάτων
633 778 851 846 ὀρθότητι
877 778 1265 846 κατακρούεσθαι,
1293 780 1405 849 φέρε
1430 779 1488 845 δὴ
1513 780 1798 848 παραθέντες
1824 780 1943 832 αὐτὰ

355 861 475 912 κατὰ
521 859 670 927 λόγον
712 860 899 930 ἑκάστῳ
941 860 1025 912 τὸν
1065 861 1241 925 δέοντα,
1278 860 1334 913 τὸ
1375 864 1687 913 ἀντιστατοῦν
1729 861 1938 927 ἀντεγεί·

353 965 524 1008 ρωμεν,
550 945 625 993 καὶ
662 942 956 1009 θερμοτέροις
992 943 1089 994 κατ’
1119 943 1274 995 αὐτῶν
1309 943 1643 1013 ἐξοπλίσωμεν
1668 943 1944 1010 θεωρήμασι

355 1024 442 1089 τὴν
480 1026 547 1076 ἀεὶ
593 1028 801 1075 νικῶσαν
839 1024 1078 1088 ἀλήθειαν·
1133 1023 1398 1091 πρόβλημα
1440 1024 1490 1076 δὲ
1530 1024 1692 1089 πάλιν,
1730 1026 1793 1079 ὡς
1832 1025 1940 1092 παρ’
1966 1047 2014 1073 ιο
2067 1053 2071 1084 5

355 1106 552 1168 ἐκείνων,
587 1109 683 1157 τῶν
721 1104 1010 1157 ἐπιλυόντων
1050 1104 1163 1157 αὐτὸ
1201 1111 1556 1173 συλλογισμῶν
1594 1105 1943 1176 προτετάξεται,

353 1186 440 1251 τὴν
490 1193 574 1238 τοῦ
625 1187 776 1252 λόγου
828 1190 975 1256 νῆψιν
1025 1191 1087 1241 εἷς
1138 1188 1478 1255 ἀκριβεστέραν
1527 1193 1696 1257 χωρεῖν
1745 1187 1944 1255 ἐρεθίζον

353 1267 592 1331 βάσανον,
623 1270 699 1319 καὶ
736 1268 876 1318 οἱονεί
909 1291 1034 1322 τινος
1067 1270 1300 1332 ποταμίου
1331 1268 1560 1336 ῥεύματος
1596 1268 1764 1339 φορὰν,
1790 1270 1865 1321 ἐπὶ
1889 1268 1943 1321 τὸ

353 1348 527 1415 πρανὲς
564 1351 633 1400 ἀεὶ
673 1350 943 1418 καταφέρον
976 1348 1062 1414 τὴν
1096 1352 1171 1401 ἐπὶ
1205 1350 1259 1401 τὸ
1295 1351 1560 1413 βούλεσθαι
1597 1350 1651 1403 τὸ
1690 1352 1945 1403 ἀντιτεῖνον

353 1429 606 1492 μανθάνειν
632 1432 702 1481 ἀεὶ
727 1435 822 1481 τῶν
847 1430 1189 1499 ἐντευξομένων
1215 1432 1400 1498 ἀγαθὴν
1424 1433 1707 1500 προθυμίαν.
1966 1449 2012 1487 15
2068 1452 2071 1478 ¹

577 1604 852 1658 Προβλήματα
881 1605 966 1658 ἥτοι
997 1605 1216 1650 ἀντιθέσεις
1245 1607 1295 1650 ὡς
1325 1608 1368 1649 ἐκ
1398 1611 1474 1650 τῶν
1504 1609 1718 1661 αἱρετικῶν.

424 1751 451 1774 ,,
480 1716 538 1762 Εἰ
584 1710 650 1776 μὴ
696 1712 863 1778 ἕτερος,
903 1714 1070 1782 φησὶν,
1111 1712 1360 1782 ἐνυπάρχει
1403 1718 1470 1785 τῷ
1513 1719 1622 1785 Θεῷ
1666 1717 1742 1767 καὶ
1787 1717 1942 1781 Πατρὶ

351 1834 378 1857 ,,
407 1793 565 1860 λόγος,
609 1793 842 1858 οὐσιώδης
886 1816 937 1844 τε
982 1796 1057 1845 καὶ
1103 1794 1363 1850 ἐνδιάθετος
1405 1796 1537 1864 παρὰ
1578 1797 1662 1848 τὸν
1702 1798 1759 1867 ἐξ
1799 1798 1943 1850 αὐτοῦ

351 1916 379 1938 „
406 1877 637 1940 μονογενῆ
672 1872 804 1937 Υἱὸν,
839 1873 890 1928 ὃς
930 1874 987 1940 δὴ
1025 1879 1102 1927 καὶ
1141 1876 1261 1927 κατὰ
1299 1876 1384 1942 τὴν
1416 1880 1588 1930 ἐκείνου
1625 1880 1828 1944 μίμησιν
1860 1902 1942 1931 κα-

351 1997 380 2020 ,,
407 1961 557 2007 λεῖται
582 1954 743 2022 λόγος,
770 1955 949 2007 ἄτοπόν
974 1981 1017 2008 τι
1044 1956 1098 2009 τὸ
1125 1959 1333 2011 ἐντεῦθεν
1359 1960 1624 2026 ἐκβήσεται,
1651 1963 1728 2012 καὶ
1761 1961 1940 2026 ὁμολο-
1965 1988 2014 2014 20
2070 1974 2071 2019 ξ

354 2078 381 2100 ,,
408 2042 507 2104 γεῖν
540 2038 662 2102 ἡμᾶς
696 2040 952 2104 ἀναγκαῖον
984 2039 1091 2094 τοὺς
1128 2041 1247 2107 ὀρθὰ
1284 2046 1474 2109 φρονεῖν
1505 2042 1756 2107 οἰομένους,
1784 2042 1945 2111 ὅτιπερ

355 2159 383 2182 ,,
410 2123 448 2169 εἰ
475 2118 727 2183 ὁμοούσιός
752 2121 884 2171 ἐστιν
911 2122 936 2171 ὁ
965 2121 1124 2187 Λόγος
1149 2126 1216 2191 τῷ
1245 2126 1415 2191 Πατρὶ,
1442 2127 1518 2176 καὶ
1544 2126 1569 2176 ὁ
1598 2124 1768 2192 Πατὴρ
1800 2124 1849 2176 δὲ
1878 2129 1946 2195 τῷ

319 2226 383 2264 o„
412 2199 570 2270 Λόγῳ,
612 2201 744 2251 οὐδὲν
785 2201 851 2252 ε”τι
896 2200 951 2253 τὸ
995 2202 1180 2255 κωλύον
1219 2206 1383 2271 ὁρᾶται
1428 2205 1578 2272 λόγον
1617 2204 1736 2258 εἶναί
1774 2229 1825 2258 τε
1868 2208 1945 2258 καὶ

357 2322 384 2345 ,,
411 2286 664 2333 καλεῖσθαι
690 2282 774 2333 τὸν
802 2283 1005 2350 Πατέρα,
1033 2287 1095 2339 ὡς
1121 2285 1376 2350 ὁμοούσιον
1403 2286 1597 2358 Λόγῳ.”

950 2446 1056 2498 Πρὸς
1087 2451 1199 2488 τοῦτο
1230 2449 1352 2491 λύσις.
1966 2459 2014 2497 25

433 2550 616 2613 Οὐδεὶς,
667 2548 704 2601 ὦ
757 2552 1018 2617 βέλτιστοι,
1069 2556 1244 2621 τρόπος
1297 2557 1418 2621 ἡμᾶς
1474 2557 1733 2624 ἀναγκάσει
1786 2558 1947 2626 Λόγον

359 2630 541 2683 οἴεσθαι
579 2634 674 2684 δεῖν
712 2632 794 2684 τὸν
834 2634 1028 2702 Πατέρα
1070 2642 1187 2688 νοεῖν
1225 2661 1274 2688 τε
1314 2642 1390 2689 καὶ
1431 2639 1600 2705 λέγειν,
1639 2638 1668 2703 ἢ
1713 2643 1790 2692 καὶ
1833 2639 1947 2693 εἶναι

412 2795 439 2816 1.
466 2783 611 2827 λαλῆται
630 2784 672 2818 Ε.
690 2785 845 2818 λαλεῖται
865 2785 910 2819 D.
931 2785 998 2820 Ed.
1181 2789 1213 2822 8.
1240 2787 1475 2833 ἀντεγείρομεν
1495 2790 1539 2824 l).
1726 2804 1760 2837 9.
1785 2792 1944 2837 θερμοτέ-
2068 2796 2071 2818 ¹

358 2843 431 2871 ροις
452 2829 590 2864 Β.Ι).Ε.
607 2830 818 2874 θερμοτέρως
836 2832 904 2866 Ed.
1117 2845 1169 2879 13.
1195 2835 1361 2879 ποταμίου
1380 2836 1469 2871 B.E.
1491 2836 1692 2882 [ποταμείου
1712 2837 1772 2884 Ε.]
1790 2842 1944 2883 ποταμοῦ

360 2875 407 2908 D.
428 2874 494 2908 Ed.
652 2888 704 2919 14.
730 2877 781 2912 ἀεὶ
801 2878 843 2913 B.
861 2879 930 2912 ἐκεῖ
948 2879 1013 2913 Ed.
1172 2890 1224 2925 15.
1250 2882 1418 2923 μανθάνον
1438 2883 1478 2917 Β.
1638 2885 1691 2919 16.
1717 2885 1944 2931 προβλήματα

359 2923 430 2964 ἤτοι
448 2920 634 2958 ἀντιθέσεις
655 2923 695 2957 B.
713 2926 896 2969 πρόβλημα
914 2928 986 2969 ἤτοι
1003 2926 1173 2963 ἀντίθεσις
1192 2927 1258 2962 Ed.
1369 2937 1420 2975 17.
1446 2931 1557 2975 φασὶν
1575 2931 1711 2977 Migne.
1808 2943 1864 2968 20.
1891 2932 1939 2979 τι]

358 2967 395 3001 δέ
417 2967 457 3001 Β.
603 2980 657 3004 21.
685 2970 785 3016 ἡμᾶς]
806 2972 889 3016 ὑμᾶς
907 2972 1000 3007 1).Ε.
