2021 3296
129 136 156 176 i.
173 151 213 190 4.
362 138 435 179 IN
477 137 520 178 S.
554 135 891 178 JOANNEM.
954 135 1079 175 LIB.
1114 135 1149 175 I.
1212 135 1345 176 CAP.
1380 135 1485 175 VII.
1663 136 1715 175 85

129 250 248 313 φῶς·
291 245 426 296 ἔσται
452 244 500 296 δὲ
526 243 647 295 κατὰ
671 243 829 296 πάντα
854 246 958 313 φῶς
989 241 1109 294 κατὰ
1139 242 1221 294 τὸν
1246 244 1295 293 ἐν
1321 241 1513 306 δυνάμει
1546 242 1712 308 λόγον.

128 325 182 377 τὸ
212 325 306 393 γὰρ
336 325 460 380 ὅλως
494 324 614 378 εἶναί
642 349 687 377 τι
721 325 932 395 πεφυκὸς
966 325 1034 390 εἴη
1071 323 1222 390 δήπου
1255 324 1444 378 πάντως
1477 323 1549 387 ἂν,
1576 326 1652 375 καὶ
1684 327 1760 375 εἷο.
1816 339 1869 374 57
1887 338 1938 373 Α.

126 406 269 472 μήπω
294 407 500 474 γέγονεν.
555 407 630 459 ὅτε
657 409 813 459 τοίνυν
839 406 995 458 κοινὸν
1020 406 1105 471 μὲν
1131 411 1189 475 τῇ
1215 411 1311 457 τῶν
1337 410 1547 472 γενητῶν
1574 406 1720 475 φύσει

126 488 181 540 τὸ
207 486 321 540 εἶναι
347 494 464 558 φῶς,
490 489 608 540 ἰ’διον
635 488 683 540 δὲ
708 491 783 540 καὶ
810 487 964 552 μόνως
991 488 1189 550 οὐδενὸς,
1214 488 1264 539 τί
1285 487 1440 552 μάτην
1466 488 1540 556 ἐφ’
1569 490 1719 558 ἑαυτῷ

85 584 107 621 5
126 570 350 638 κομπάζει
380 571 537 637 λε’γων
563 572 588 621 ὁ
615 569 730 624 Υἱός
755 570 885 636 Ἐγώ
920 574 1011 633 εἶμι
1048 568 1102 621 τὸ
1138 574 1258 638 φῶς·
1299 572 1420 638 χρῆν
1445 568 1540 635 γὰρ
1567 568 1720 634 δήπου

125 656 317 715 μᾶλλον
347 656 490 710 εἰπεῖν
516 652 646 718 Ἐγώ
681 656 772 716 εἶμι
807 653 914 717 μεθ’
945 653 1076 716 ὑμῶν
1105 651 1159 702 τὸ
1196 656 1314 720 φῶς·
1372 649 1529 715 ἐπειδὴ
1569 650 1618 702 δὲ
1658 654 1720 705 ὡς

126 735 242 786 ίδιον
286 734 468 800 ἀγαθὸν
512 737 661 804 ἑαυτῶ
706 735 975 801 περιτιθησι
1019 732 1148 803 μόνῳ
1199 738 1295 784 τῶν
1342 733 1509 784 ἄλλων
1555 733 1721 784 οὐδένα

125 817 438 882 προσλαβὼν,
471 819 615 880 δῆλος
649 815 708 867 ἀν
741 816 809 881 εἰἠ
845 815 1030 877 λοιπὸν,
1063 817 1116 866 οὐ
1151 820 1248 869 τοῖς
1283 819 1496 880 γενητοῖς
1531 814 1716 878 ἑαυτὸν,

125 897 258 948 ἀλλὰ
283 901 341 966 τῇ
376 899 475 949 θεία
506 905 590 949 τοῦ
618 896 811 965 Πατρὸς
847 896 1126 949 συντάττων
1154 897 1310 965 οὐσία,
1337 894 1367 964 ῂ
1401 920 1478 948 και
1513 896 1568 947 τὸ
1605 894 1765 948 εἶναιῑ)

60 1003 107 1026 10
127 983 229 1048 φῶς
254 978 493 1046 πρόσεστι
520 985 751 1049 φυσικῶς.

198 1083 330 1113 ΑΛΛΟ.
382 1061 453 1113 Τὸ
487 1061 646 1131 φωτὸς
684 1062 881 1130 μετέχον
913 1063 996 1113 οὐκ
1036 1061 1318 1129 αὑτοκυρίως
1357 1062 1462 1112 ἐστὶ
1500 1061 1555 1112 τὸ
1594 1066 1717 1131 φῶς,

125 1143 282 1210 ἕτερον
307 1143 401 1210 γάρ
427 1167 470 1195 τι
498 1143 712 1211 ὑπάρχον
738 1146 786 1195 ἐν
811 1144 953 1213 ἑτέρῳ
981 1144 1212 1213 φαίνεται·
1255 1148 1292 1194 εἰ
1318 1144 1475 1194 τοίνυν
1500 1143 1723 1208 μεθεκτὸς

126 1226 151 1276 ὁ
178 1223 294 1279 Υἱὸς
328 1230 425 1279 τοῖς
460 1231 671 1292 γενητοῖς
711 1228 771 1279 ὡς
810 1231 927 1295 φῶς,
954 1226 1107 1292 ἕτερος
1134 1225 1192 1276 ἂν
1219 1226 1287 1290 ε’ίη
1323 1224 1454 1292 παρὰ
1488 1225 1548 1277 τὰ
1582 1225 1719 1290 μετέ-

125 1329 274 1375 χοντα
312 1308 455 1359 αὐτοῦ
494 1310 570 1359 καὶ
609 1308 767 1377 φωτὸς
807 1306 1019 1372 δεόμενα·
1073 1309 1240 1358 οὐκοῦν
1279 1309 1332 1358 οὐ
1370 1306 1580 1373 γενητὸς,
1620 1309 1720 1358 οὐδ’

62 1404 107 1442 15
127 1387 291 1455 ὥσπερ
324 1389 385 1441 τὰ
422 1390 596 1456 γενητοὶ
631 1391 919 1459 φωτίζεσθαι
954 1391 1064 1457 παρ’
1101 1390 1258 1456 ἑτέρου
1295 1389 1457 1455 ζητῶν·
1515 1389 1638 1444 Θεὸς
1674 1389 1724 1441 δὲ

126 1470 219 1537 ἄρα
244 1470 415 1523 λοιπὸν
440 1474 517 1522 καὶ
545 1472 761 1542 φωτίζειν
787 1472 1055 1536 δυνάμενος·
1096 1475 1134 1523 εἰ
1166 1471 1214 1522 δὲ
1246 1477 1399 1534 τοῦτο,
1429 1473 1505 1522 καὶ
1531 1475 1614 1536 τῆς
1640 1477 1724 1522 τοῦ

130 1552 323 1619 Πατρὸς
361 1555 526 1608 οὐσίας
564 1553 837 1622 ἐκπεφυκὼς
876 1554 1174 1618 νοηθήσεται,
1214 1553 1342 1620 ε’ίπερ
1384 1552 1465 1604 ἕνα
1508 1573 1762 1621 προσκυ-(3

129 1640 297 1699 νοῦμεν
323 1634 460 1698 Θεὸν,
488 1638 563 1686 καὶ
590 1637 677 1703 οὐχ
703 1636 843 1706 ἑτέρῳ
869 1638 958 1687 τινὶ
983 1635 1114 1702 παρὰ
1141 1635 1223 1686 τὸν
1250 1635 1364 1686 ὄντα
1389 1635 1694 1702 λατρεύομεν.

201 1737 335 1767 ΑΛΛΟ.
375 1717 478 1781 Τὴν
511 1722 606 1768 τῶν
641 1717 791 1768 ὄντων
824 1720 1030 1785 ἀκριβῶς
1068 1716 1361 1786 ἐξετάζοντες
1400 1717 1565 1787 φύσιν,
1598 1716 1725 1769 Θεὸν

62 1820 110 1845 20
129 1800 311 1865 ὁρῶμεν
344 1823 420 1851 και
455 1799 625 1863 κτίσιν,
652 1822 727 1850 και
764 1797 922 1866 ἕτερον
947 1801 1022 1850 ἐπὶ
1058 1799 1240 1853 τούτοις
1275 1798 1423 1850 οὐδέν·
1474 1798 1498 1850 ὸ
1537 1798 1632 1866 γὰρ
1667 1798 1725 1850 ἂν

127 1881 304 1950 ἐκπεσῃ
355 1886 439 1932 τοῦ
488 1879 603 1932 εἶναι
647 1880 769 1935 Θεὸς
819 1880 940 1932 κατὰ
993 1880 1157 1950 φύσιν,
1201 1887 1341 1932 τοῦτο
1384 1880 1574 1935 πάντως
1620 1882 1724 1933 ἐστι

127 1963 338 2029 γενητὸν,
364 1986 441 2014 και
476 1986 590 2030 οπερ
625 1961 683 2014 ἂν
713 1962 797 2014 τὸν
828 1969 912 2014 τοῦ
949 1966 1242 2027 πεποιῆσθαι
1280 1962 1512 2032 διαφεύγῃ
1550 1962 1720 2029 λόγον,

129 2051 268 2097 τοῦτο
303 2047 380 2097 καὶ
415 2045 528 2096 εἵσω
563 2045 753 2098 πάντως
790 2046 893 2096 ἐστὶ
927 2049 1022 2096 τῶν
1049 2048 1131 2109 τῆς
1166 2044 1403 2109 Θεότητος
1443 2045 1582 2111 ὅρων.
1650 2044 1727 2096 ὅτε

128 2128 285 2179 τοίνυν
316 2125 493 2194 ἄριστά
525 2150 626 2180 πως
661 2126 721 2177 τὰ
758 2132 952 2178 τοιαῦτα
991 2126 1317 2191 διεσκέμμεθα,
1345 2125 1584 2193 λεγόντων
1616 2127 1726 2190 ἡμῖν

64 2233 111 2270 25
131 2214 173 2261 οἱ
210 2212 294 2274 τῆς
331 2215 414 2260 τοῦ
450 2213 575 2260 Θεοῦ
617 2210 692 2260 καὶ
730 2208 923 2275 Πατρὸς
962 2210 1126 2263 οὐσίας
1163 2209 1446 2277 ἐξωθοῦντες
1484 2207 1568 2260 τὸν
1594 2208 1725 2272 Υὶὸν,

130 2297 231 2346 πῶς
269 2291 327 2343 ἂν
361 2291 549 2342 δύναιτο
589 2290 804 2359 φωτίζειν
844 2293 906 2344 ὡς
945 2294 1061 2360 φῶς,
1097 2291 1215 2342 ἴδιον
1249 2290 1452 2358 ἐχούσης
1491 2290 1605 2342 αὐτὸ
1643 2293 1727 2354 τῆς
1748 2300 1776 2343 (1

131 2375 255 2428 θειας
283 2373 488 2443 φύσεως,
516 2372 657 2442 ἑτερω
684 2372 732 2423 δὲ
758 2395 1139 2440 παραχωρουσης
1166 2372 1330 2424 οὐδενί.
1392 2376 1429 2423 εἰ
1457 2371 1505 2422 δε
1531 2370 1729 2437 γενητὸς

133 2454 360 2523 ὑπάρχων
386 2456 411 2506 ὃ
437 2454 569 2513 Υιὸς,
598 2477 674 2505 και
709 2458 812 2523 φῶς
846 2452 960 2505 εἶναι
995 2454 1202 2517 δύναται,
1237 2453 1417 2524 φθάσει
1453 2453 1503 2504 δε
1540 2452 1730 2508 πάντως

133 2538 208 2588 ἐπι
232 2535 390 2588 πάντα
415 2536 475 2588 τὰ
500 2535 675 2603 γενητὰ
709 2542 793 2587 τοῦ
827 2536 1239 2601 πλεονεκτήματος
1273 2537 1301 2600 ἡ
1337 2535 1488 2603 χάρις,
1517 2534 1654 2586 ἐσται
1681 2534 1730 2587 δὲ

67 2646 116 2682 30
133 2618 291 2670 πάντα
323 2623 428 2687 φῶς
461 2618 582 2670 κατὰ
616 2617 781 2686 φύσιν.
834 2619 902 2672 τίς
941 2619 1022 2669 οὖν
1054 2619 1210 2672 αὐτοῖς
1249 2641 1315 2668 ετι
1353 2640 1486 2684 χρεια
1525 2619 1608 2680 τῆς
1646 2623 1730 2668 τοῦ

134 2704 252 2752 Υὶοῦ
277 2703 492 2768 μετοχῆς,
517 2699 546 2765 ἢ
572 2701 621 2751 τί
643 2698 696 2751 τὸ
723 2699 872 2751 πλέον
899 2701 1108 2751 ἐντεῦθεν
1134 2699 1405 2766 εὑρήσουσι,
1433 2697 1553 2749 κατὰ
1579 2696 1730 2767 φύσιν

147 2834 149 2836 -
188 2821 217 2842 1.
243 2808 326 2842 κατὰ
343 2808 440 2853 prius
458 2814 680 2853 assumptum
699 2820 741 2842 ex
759 2808 802 2842 B.
901 2807 1000 2852 2.δή
1019 2814 1243 2852 assumptum
1260 2819 1302 2841 ex
1321 2807 1363 2841 B.
1369 2806 1402 2840 D
1421 2818 1493 2852 mg.
1508 2807 1550 2841 E.
1569 2805 1638 2841 Ed.
1655 2818 1730 2852 mg.

140 2866 195 2890 11.
219 2855 336 2900 φωτὸς
351 2869 495 2900 μετεχον
510 2854 552 2888 Β.
557 2855 598 2889 Ε.
614 2854 681 2889 Ed.
696 2866 770 2899 mg.
787 2856 862 2900 φῶς
879 2854 1030 2900 μετέχων
1043 2855 1089 2888 D.
1106 2854 1174 2888 Ed.
1235 2853 1440 2897 αὗτοκυριως
1456 2853 1550 2888 edidi
1567 2859 1607 2887 ut
1625 2864 1732 2897 supra

138 2910 181 2944 52
200 2913 230 2935 a.
249 2902 331 2935 αὐτὸ
350 2901 469 2945 κυρίως
488 2900 555 2935 Ed.
619 2901 658 2934 τὸ
677 2901 736 2936 alt.
755 2908 980 2946 assumptum
997 2913 1038 2935 ex
1058 2901 1100 2935 Β.
1106 2901 1146 2935 Ε.
1167 2899 1288 2934 deest
1280 2911 1316 2934 m
1336 2900 1382 2934 D.
1546 2910 1600 2935 12.
1626 2900 1730 2945 ἑτέρῳ

139 2947 182 2982 Β.
200 2948 289 2993 αυτῷ
308 2947 375 2981 Ed.
521 2957 574 2990 24.
601 2947 798 2992 λεγετωσαν
816 2948 858 2982 Β.
