2084 3317
908 848 1224 897 ΚΕΦΑΛΗ
1281 848 1335 896 Γ.

579 1038 673 1080 ’Ότι
706 1040 812 1084 Θεὸς
842 1042 903 1082 καὶ
935 1042 976 1082 ἐκ
1009 1045 1117 1083 Θεοῦ
1148 1045 1244 1084 κατὰ
1275 1043 1398 1096 φύσιν
1430 1044 1450 1083 ὁ
1482 1044 1665 1096 Χριστός.

284 1124 310 1164 b

259 1220 308 1256 33
380 1208 434 1249 ‘O
473 1210 704 1259 λαμβάνων
742 1210 871 1251 αὐτοῦ
911 1209 987 1250 τήν
1026 1208 1262 1266 μαρτυρίαν
1299 1209 1557 1265 ἑσφράΓισεν
1595 1209 1660 1250 ὅτι
1697 1208 1719 1250 ὁ
1758 1207 1866 1251 Θεὸς

958 1303 1124 1345 ἀλΗΘύε
1159 1303 1289 1345 ἐστιν.

401 1436 546 1484 ΟΥΧ
573 1433 740 1500 ἑτέρως
766 1432 823 1498 ἦν
851 1434 1074 1503 ἐπιδεῖξαι
1100 1433 1186 1498 τὴν
1211 1438 1306 1485 τῶν
1330 1433 1648 1485 ἀπειθούντων
1674 1432 1916 1494 ἀσέβειαν,
1941 1455 1962 1492 5

325 1517 362 1565 εἰ
388 1515 453 1578 μὴ
481 1519 576 1565 τῶν
602 1514 923 1567 πιστευόντων
949 1515 1003 1567 τὸ
1030 1514 1255 1582 λαμπρὸν
1279 1515 1581 1585 ἐξεκαλύφθη
1617 1513 1918 1581 κατόρθωμα·

325 1601 383 1665 τῇ
410 1597 503 1663 γὰρ
532 1602 625 1648 τῶν
652 1599 845 1664 ἀγαθῶν
872 1598 1237 1666 ἀντιπαραθέσει
1273 1598 1328 1649 τὸ
1364 1602 1553 1666 φαῦλον
1578 1596 1782 1650 εὐκόλως
1814 1599 1915 1647 δια-

323 1680 619 1743 γινώσκεται,
641 1682 716 1731 καὶ
742 1686 836 1731 τῶν
858 1681 1113 1743 ἀμεινόνων
1134 1681 1161 1745 ἡ
1189 1685 1367 1746 γνῶσις
1386 1681 1568 1748 ἐλέγχει
1595 1678 1654 1731 τὰ
1681 1678 1915 1746 αἰσχίονα.

323 1760 431 1815 εἴτις
466 1762 561 1823 οὖν,
590 1764 727 1829 φησὶ,
753 1767 848 1816 τοῖς
885 1769 965 1814 τοῦ
1004 1763 1183 1814 ἄνωθεν
1215 1763 1408 1827 ἥκοντος
1443 1762 1696 1814 ἐπινεύσειε
1733 1760 1941 1826 λόγοις,γ

283 1866 304 1893 e
323 1844 669 1911 κατεσφράγισέ
687 1867 737 1895 τε
764 1846 838 1895 καὶ
866 1845 1237 1914 ἐξησφαλίσατο
1265 1843 1340 1895 διὰ
1374 1847 1457 1909 τῆς
1489 1845 1741 1907 συνέσεως,
1769 1844 1838 1895 ὅτι
1866 1843 1918 1895 τὸ
1944 1866 1989 1889 10

322 1926 544 1992 ἀψευδεῖν
567 1928 635 1976 ἀεὶ
661 1931 719 1994 τῇ
745 1926 847 1995 θείᾳ
873 1926 1076 1991 σύνηθές
1105 1950 1156 1978 τε
1188 1929 1263 1978 καὶ
1300 1926 1585 1995 φιλαίτατον
1612 1926 1770 1996 φύσει.
1823 1924 1918 1977 ἀπὸ

322 2005 378 2070 δὴ
415 2006 583 2058 τούτου
618 2008 862 2074 πρόδηλον
889 2007 1059 2060 λοιπὸν
1084 2015 1180 2063 τοῖς
1217 2010 1365 2076 ὁρῶσι
1400 2008 1454 2060 τὸ
1494 2008 1718 2060 ἐναντίον·
1776 2030 1918 2058 κατα-

319 2090 612 2155 μαρτυρήσει
657 2088 751 2157 γάρ
795 2089 985 2144 πάντως
1025 2092 1050 2141 ὁ
1089 2090 1174 2155 τὴν
1213 2091 1377 2142 πίστιν
1417 2089 1807 2157 ἀποκρουόμενος,
1847 2088 1918 2140 ὅτι

322 2170 443 2224 Θεὸς
490 2172 573 2222 οὐκ
624 2172 754 2223 ε”στιν
806 2173 999 2237 ἀληθής.
1065 2173 1366 2240 ἐπιτηρητέον
1408 2173 1456 2224 δὲ
1506 2171 1668 2235 πάλιν,
1714 2171 1785 2222 ὅτι
1835 2174 1917 2233 τῆς

320 2252 439 2318 πρὸς
478 2252 563 2316 τὴν
598 2254 752 2304 κτίσιν
780 2254 1147 2319 ὁμοουσιότητος
1186 2255 1367 2323 ἐξὲλκει
1406 2254 1488 2306 τὸν
1515 2253 1646 2318 Υἱὸν,
1679 2257 1754 2305 καὶ
1791 2252 1917 2304 Θεὸν
1941 2276 1985 2314 15

321 2334 435 2385 ὄντα
474 2334 593 2385 κατὰ
632 2336 781 2403 φύσιν
816 2335 891 2387 διὰ
929 2341 1024 2387 τῶν
1058 2337 1310 2404 εἰρημένων
1343 2337 1626 2388 ἐπιδεικνύει.
1681 2339 1719 2387 εἰ
1758 2334 1852 2402 γὰρ
1891 2337 1916 2386 ὁ

320 2421 417 2471 τοῖς
455 2418 565 2484 παρ’
607 2419 749 2469 αὐτοῦ
788 2418 1098 2482 λαλουμένοις
1144 2418 1429 2482 πειθόμενος,
1471 2416 1719 2486 δεχόμενος
1758 2416 1807 2468 δὲ
1845 2416 1916 2478 τὴν

319 2502 573 2568 μαρτυρίαν,
593 2499 738 2566 ἥνπερ
764 2498 822 2550 ἂν
850 2499 987 2554 αὐτὸς
1013 2504 1193 2551 ποιοῖτο
1218 2501 1324 2566 περὶ
1351 2501 1527 2563 ἑαυτοῦ,
1553 2495 1923 2569 κατεσφράγισέ

275 2589 370 2632 ἁτε
408 2583 483 2632 καὶ
522 2583 862 2650 ἐπεψηφίσατο
903 2586 1075 2645 καλῶς,
1106 2582 1168 2633 ἔτι
1209 2581 1266 2646 δὴ
1299 2582 1413 2637 Θεὶς
1451 2581 1615 2644 ἀληθής
1655 2584 1765 2634 ἐστι·
1813 2587 1914 2637 πῶς

321 2663 405 2714 οὐκ
442 2662 499 2714 ἂν
531 2669 683 2714 νοοῖτο
722 2663 841 2714 κατὰ
881 2663 1030 2732 φύσιν
1057 2662 1178 2717 Θεὸς
1218 2665 1242 2714 ὁ
1275 2664 1504 2731 Χριστὸς,
1537 2666 1561 2716 ὁ
1601 2666 1677 2716 καὶ
1717 2665 1793 2717 διὰ
1831 2668 1913 2729 τῆς
1935 2685 1983 2710 20

319 2745 524 2800 πίστεως
562 2750 656 2796 τῶν
695 2745 894 2814 ἔναγχος
935 2746 1185 2813 εἰρημένων
1224 2745 1385 2807 ἀληθῆς
1423 2746 1908 2814 ἐπιμαρτυρούμενος;

367 2904 400 2939 6.
427 2907 465 2939 τὸ
482 2907 640 2951 λαμπρὸν
657 2918 728 2941 om.
749 2906 794 2940 D.
905 2917 956 2941 12.
983 2907 1106 2941 λοιπὸν
1122 2907 1296 2952 πρόδηλον
1314 2908 1451 2942 inverso
1470 2907 1591 2942 ordine
1612 2908 1653 2942 B.
1759 2919 1812 2952 13.
1840 2908 1909 2954 ὅτι]

324 2956 356 2991 -1»
383 2953 400 2983 ὁ
420 2952 485 2986 Ed.
504 2953 612 2987 invito
634 2953 673 2987 Β.
694 2954 736 2987 cf.
757 2953 847 2987 infra
865 2952 886 2987 d
905 2960 938 2988 et
962 2953 1024 2998 169
1042 2953 1078 2988 b.
1388 2956 1440 2990 18.
1467 2955 1569 3000 ἥνπερ
1588 2955 1687 2991 αὐτὸς
1704 2957 1847 2990 ποιεῖται
1867 2955 1910 2990 Β.

319 2998 420 3031 αὑτοῦ
443 2999 482 3031 Β.
632 3012 681 3043 19.
710 3002 726 3033 ὁ
746 3002 831 3035 Θεὸς
851 3000 915 3034 Ed.
936 3000 1042 3034 invito
1063 3001 1106 3034 Β.
