2084 3317
329 180 413 219 302
731 179 780 220 B.
815 178 1087 219 CYRILLI
1130 175 1510 218 ALEXANDR.
1685 172 1741 214 iv.
1758 171 1914 226 48—50.

291 286 538 338 Οθανάτου
582 290 801 353 κρείττων
841 285 1194 350 ὑπολαμβάνειν
1236 287 1390 347 αὐτὸν,
1431 284 1554 336 Θεὸν
1600 283 1648 334 δὲ
1693 281 1917 349 ὑπάρχειν

333 370 514 420 οἴεσθαι
540 373 765 434 μηδαμῶς
790 369 872 420 τὸν
899 374 1183 435 θεοπρεποῦς
1209 368 1374 436 ἰσχύος
1400 365 1803 433 πεπληρωμένον,

264 522 314 558 49
362 513 469 555 Ἐὰν
507 514 562 563 μὴ
603 511 755 562 σΗμε-ῑῖα
795 513 864 553 καὶ
900 513 1058 569 τέρατα
1098 509 1229 563 ibam,
1268 512 1315 552 οὐ
1353 510 1408 560 μὴ
1448 511 1713 554 ΠιστεύσΗτε-ῑ.
1774 509 1885 556 λέγει

826 595 933 652 Πρὸς
972 595 1100 637 αὐτὸν
1138 595 1153 637 ἑ
1200 595 1429 645 βασιλικός.

406 703 620 769 Ἀπηνὴς
646 703 730 768 μὲν
756 704 820 755 ἔτι
846 709 942 757 τοῖς
968 704 1292 765 πλανωμένοις
1317 701 1599 767 ἐναυλίζεται
1627 707 1746 763 νοῦς,
1773 700 1923 766 λόγου
1943 715 1965 753 5

335 788 390 838 δέ
418 811 518 840 πως
554 788 688 837 ε”σται
718 792 801 836 τοῦ
835 791 1092 838 καλοῦντος
1127 790 1188 838 εἷς
1223 786 1386 836 πίστιν
1414 789 1623 850 κρεῖττον
1649 783 1702 833 τὸ
1737 787 1918 845 θαυμα-

334 869 659 936 τουργότερον·
689 868 765 919 διά
790 891 842 934 γε
871 891 940 919 τοι
967 873 1106 918 τοῦτο
1127 867 1319 936 τεράτων
1341 869 1522 917 δεῖσθαι
1549 871 1738 927 μᾶλλον
1759 863 1925 918 αὐτοὺς

111 965 202 999 204
215 963 265 998 A·
295 952 544 1020 ῑῑέφασκεν
575 953 600 1002 ὁ
634 951 802 1017 Σωτὴρ
835 954 897 1004 εἷς
931 949 985 1001 τὸ
1022 950 1255 1001 δύνασθαι
1289 950 1458 1018 ῥᾳδίως
1495 953 1556 1003 εἷς
1590 948 1643 999 τὸ
1679 948 1926 1015 συμφέρον

335 1033 768 1098 μεταπαιδεύεσθαι,
815 1034 891 1084 καὶ
939 1033 1021 1084 τὸν
1066 1033 1179 1084 ὅντα
1230 1032 1349 1083 κατὰ
1400 1032 1550 1101 φύσιν
1601 1030 1927 1096 ἐπιγινώσκειν

338 1117 476 1169 Θεόν.
1951 1130 1999 1156 10

530 1227 666 1284 Κύριε,
705 1227 914 1277 κατάβΗΘι
950 1225 1048 1283 Πρὶν
1087 1222 1320 1267 ἀποθανεῖν
1358 1224 1405 1266 τὸ
1444 1222 1614 1265 Παιδίον
1651 1238 1744 1272 μου.

413 1337 612 1402 Ὀλίγος
650 1333 734 1399 μὲν
766 1338 930 1398 κομιδῆ
969 1333 1087 1401 πρὸς
1126 1333 1323 1384 σύνεσιν
1358 1333 1382 1382 ὁ
1421 1330 1688 1394 βασιλικὸς,
1725 1329 1931 1397 νηπιάζει

340 1418 395 1468 δέ
415 1441 514 1471 πως
540 1421 645 1484 περὶ
674 1416 759 1482 τὴν
785 1420 866 1482 τῆς
891 1416 1081 1485 χάριτος
1117 1415 1318 1479 α’ίτησιν,
1345 1418 1419 1465 καὶ
1456 1414 1604 1480 ἠρέμα
1639 1416 1932 1480 παραληρῶν

341 1501 422 1550 οὐκ
450 1499 738 1551 αἰσθάνεται.
795 1501 848 1550 οὐ
885 1498 979 1566 γὰρ
1016 1498 1087 1549 ὅτι
1119 1497 1264 1561 μόνον
1291 1496 1483 1564 ἰσχύσει
1509 1495 1690 1560 παρὼν,
1721 1496 1831 1546 ἀλλ’
1861 1494 1933 1545 ὅτι

343 1581 400 1646 δὴ
420 1581 607 1636 πάντως
628 1584 702 1633 καὶ
723 1582 856 1633 ἀπὼν
876 1579 1118 1648 ἐνεργήσει
1137 1576 1475 1641 πεπιστευκὼς,
1493 1575 1933 1647 ἀξιοπρεπεστάτην
1956 1591 2003 1629 15

341 1664 399 1715 ἂν
438 1666 506 1716 ἐπ’
548 1666 674 1734 αὐτῷ
713 1664 797 1729 τὴν
834 1665 1066 1732 διάληψιν
1100 1661 1373 1726 ἐποιήσατο.
1438 1664 1535 1712 νυνὶ
1575 1659 1623 1711 δὲ
1662 1663 1858 1728 φρονῶν
1885 1680 1935 1709 τε

297 1750 418 1798 1)καῖ
474 1746 698 1814 πράττων
747 1744 1149 1812 παραλογώτατα,
1202 1742 1289 1807 τὴν
1341 1745 1450 1812 Θεῷ
1501 1742 1585 1805 μὲν
1636 1740 1937 1807 ἁρμόζουσαν

345 1828 485 1896 ἰσχὺν
524 1831 717 1891 ἀπαιτεῖ,
753 1830 815 1881 ὡς
855 1828 902 1879 δὲ
942 1826 1067 1878 Θεὸν
1105 1827 1188 1877 οὐκ
1227 1825 1368 1876 οἴεται
1407 1824 1466 1875 τὰ
1503 1823 1661 1876 πάντα
1697 1828 1932 1888 πληροῦν,

346 1910 458 1962 ἀλλ’
487 1910 589 1962 οὐδὲ
615 1909 819 1962 θανάτου
845 1907 1136 1976 γενήσεσθαι
1163 1908 1415 1974 κρείττονα,
1444 1907 1592 1957 καίτοι
1626 1909 1692 1975 τῷ
1721 1905 1937 1973 πλείστῳ

119 1995 227 2036 Supra
347 1994 636 2059 κρατηθέντα
662 1994 1049 2044 πλεονεκτεῖσθαι
1074 1993 1381 2056 παρακαλῶν·
1411 1997 1436 2017 “
1458 1985 1674 2052 ’Έμελλε
1702 1986 1795 2054 γὰρ
1821 1989 1936 2038 ἀπο-
1959 2004 2009 2028 20

120 2050 187 2070 ver.
233 2046 260 2078 7.

207 2049 227 2080 4
350 2083 376 2105 ‘⁶
403 2074 654 2140 θνήσκειν”
682 2075 706 2125 ὁ
745 2079 870 2128 παῖς.

278 2223 329 2261 50
548 2219 666 2268 Λέ-ῑΓει
705 2219 823 2272 αὐτῷ
860 2218 882 2261 ὁ
914 2218 1081 2259 ἸΗσοῦς
1123 2216 1329 2273 Πορεύου·
1382 2216 1403 2258 ὁ
1443 2212 1532 2258 υἱός
1571 2229 1644 2257 σου
1682 2217 1741 2271 <5-

425 2330 594 2383 Οὕτως
632 2327 720 2379 ε”δει
759 2326 1046 2379 πιστεύοντα
1082 2329 1384 2392 προσελθεῖν,
1425 2324 1536 2374 ἀλλ’
1580 2324 1635 2374 οὐ
1672 2328 1773 2377 ταῖς
1812 2322 1944 2386 ἡμῶν

309 2412 570 2476 οάμαθιάις
616 2413 899 2479 φιλονεικῶν
937 2410 1101 2474 ὁρᾶται
1140 2405 1370 2473 Χριστός·
1431 2408 1662 2473 εὐεργετεῖ
1702 2404 1750 2456 δὲ
1796 2404 1945 2456 πάλιν

349 2498 426 2547 καὶ
451 2494 720 2556 πταίοντας,
747 2494 809 2546 ὡς
834 2490 969 2544 Θεός.
1023 2490 1137 2555 ὅπερ
1166 2490 1248 2540 οὖν
1274 2489 1362 2540 ε”δει
1389 2492 1574 2555 δρῶντα
1600 2485 1941 2553 θαυμάζεσθαι,
1966 2506 2015 2545 25

349 2583 490 2629 τοῦτο
516 2578 591 2627 καὶ
618 2575 681 2638 μὴ
710 2572 968 2641 δεδρακότα
995 2570 1204 2623 διδάσκει
1231 2570 1313 2622 τὸν
1331 2571 1596 2638 ἄνθρωπον,
1615 2571 1731 2633 ὁμοῦ
1753 2571 1828 2620 καὶ
1852 2572 1948 2620 τῶν

351 2659 633 2711 καλλίστων
672 2654 939 2722 εἰσηγητὴς,
979 2656 1053 2705 καὶ
1097 2658 1192 2704 τῶν
1231 2654 1279 2704 ἐν
1318 2654 1470 2720 εὐχαῖς
1493 2654 1705 2721 ,ἀγαθῶν
1743 2650 1949 2719 χορηγὸς

350 2740 749 2804 ἀναδεικνύμενος.
808 2740 856 2788 ἐν
887 2737 971 2801 μὲν
1003 2735 1096 2803 γὰρ
1128 2739 1193 2804 τῷ
1229 2735 1406 2804 Πορεύου
1440 2734 1494 2786 τὸ
1527 2734 1764 2786 πιστεύειν
1796 2733 1946 2795 ἐστὶν,

406 2906 434 2929 1.
463 2896 614 2938 κρεῖττον
631 2905 701 2927 om.
723 2892 764 2926 B.
883 2901 914 2937 7.
940 2905 992 2925 τοι
1011 2896 1234 2933 assumptum
1254 2900 1294 2923 ex
1316 2888 1357 2922 B.
1425 2889 1527 2922 αὐτοῦ
1548 2887 1588 2922 Β.
1702 2887 1736 2922 8.
1763 2887 1809 2922 εἷς
1826 2887 1884 2920 alt.
1907 2886 1947 2920 Β.

353 2943 440 2987 πρὸς
458 2941 525 2976 Ed.
625 2951 678 2982 14.
705 2938 819 2984 ἰσχύει
843 2938 884 2972 B.
986 2947 1039 2982 17.
1065 2936 1281 2981 ἁρμόζουσαν
1301 2936 1342 2970 B.
1362 2935 1563 2981 πρέπουσαν
1581 2935 1647 2969 Ed.
1746 2944 1801 2968 20.
1827 2947 1949 2978 κρατη-

356 2987 474 3033 θέντα]
495 2987 722 3032 κρατὴσαντοι
739 2986 833 3030 μέρει
854 2985 895 3019 Β.
