2084 3317
147 143 200 184 vi.
220 153 288 199 53.
383 143 459 185 IN
501 143 543 186 S.
576 142 913 185 JOANNEM.
973 141 1098 183 LIB.
1132 141 1210 183 IV.
1272 142 1406 183 CAP.
1441 143 1502 184 II.
1650 145 1727 184 531

146 253 287 316 αὐτῆς
319 254 394 303 καὶ
428 252 839 318 ἀπογευσώμεθα;
882 250 1191 316 μεταποιήσει
1229 249 1323 316 γὰρ
1361 249 1548 305 πάντως
1585 256 1644 305 εἷς
1677 251 1770 303 rba
1806 260 1888 294 362
1904 259 1956 293 A.

145 332 262 384 ἴδιον
299 333 494 400 ἀγαθὸν,
532 335 748 386 τουτέστι
794 333 880 399 τὴν
918 332 1197 395 ἀθανασίαν,
1236 330 1345 386 τοὺς
1382 334 1732 400 μετεσχηκότας

144 415 300 478 αὐτῆς.

221 499 316 548 Καὶ
349 497 415 562 μὴ
451 497 702 567 θαυμάσῃς
739 500 814 550 ε’πὶ
851 497 1017 568 τούτῳ,
1049 498 1165 563 μηδὲ
1204 499 1334 567 εἴπῃς
1373 496 1493 549 κατὰ
1531 496 1734 548 σεαυτὸν

101 597 123 635 5
143 577 410 635 Ἰουδαϊκῶς
441 580 496 631 τό
529 580 650 636 Πῶς·
691 580 834 632 ἐννόει
867 580 916 631 δὲ
951 585 1143 644 μᾶλλον
1171 580 1242 632 ὅτι
1275 579 1467 650 ψυχρὸν
1496 582 1553 647 τῇ
1589 578 1734 646 φύσει

145 660 199 710 τὸ
227 662 351 728 υδωρ
377 663 521 713 ε’στῖ·ν
562 664 673 713 ἀλλ’
702 686 815 714 οταν
842 667 903 716 εἷς
932 663 1113 726 λε’βητα
1140 662 1391 730 κεχυμένον
1418 660 1630 729 ὁμιλήσῃ
1667 665 1734 711 τῶ

143 745 270 809 πυρὶ,
303 743 408 795 τότε
446 748 527 808 τῆς
566 745 650 808 μὲν
689 747 804 798 ἰδίας
842 768 1092 813 μονονουχι
1132 769 1207 796 και
1245 743 1603 796 ἐπιλανθάνεται
1643 745 1732 811 φύ-

143 847 279 887 σεως,
311 830 374 879 εἰς
412 826 461 877 δὲ
498 827 584 890 τὴν
621 833 704 878 τοῦ
743 826 1033 891 νενικηκότος
1071 826 1301 893 ἐνεργειαν
1340 829 1596 895 ἀποφοιτᾷ.
1651 825 1734 876 τὸν

142 906 286 957 αὐτὸν
324 908 405 958 οὖν
443 931 536 974 αρα
576 932 651 959 και
693 909 822 971 ἡμεῖς
860 909 1052 975 τρόπον,
1092 913 1128 959 εἷ
1171 932 1245 959 και
1289 911 1491 976 φθαρτοὶ
1531 907 1608 959 διὰ
1646 907 1732 971 τὴν

73 1012 120 1037 10
142 987 292 1055 φύσιν
334 989 479 1053 ἐσμὲν
524 993 607 1054 τῆς
652 988 846 1056 σαρκὸς,
888 989 1018 1041 ἀλλὰ
1063 994 1121 1058 τῇ
1171 990 1296 1058 μίξει
1346 993 1430 1053 τῆς
1480 988 1597 1055 ζωῆς
1647 988 1733 1052 τὴν

139 1069 318 1121 ἑαυτῶν
345 1071 541 1139 ἀφέντες
572 1072 834 1134 ἀσθένειαν,
862 1075 925 1126 εἷς
951 1070 1005 1123 τὸ
1033 1071 1205 1134 ἐκείνης
1230 1071 1347 1122 ἰ’διον
1373 1071 1725 1138 ἀναστοιχειού-
1751 1075 1777 1115 b

140 1156 274 1215 μεθα,
308 1153 525 1204 τουτέστι
564 1153 650 1218 τὴν
680 1153 815 1219 ζωήν.
868 1154 957 1205 ε”δει
995 1153 1089 1220 γὰρ
1128 1154 1231 1216 ἔδει,
1261 1152 1326 1218 μὴ
1360 1153 1506 1216 μόνον
1537 1152 1612 1203 διὰ
1648 1159 1731 1203 τοῦ

139 1234 307 1298 Ἀγίου
347 1235 623 1299 Πνεύματος
661 1240 722 1289 εἷς
762 1235 880 1302 ζωῆς
922 1235 1172 1300 καινότητα
1210 1235 1296 1299 τὴν
1334 1234 1500 1302 ψυχὴν
1538 1236 1724 1285 ἀνακτί-

140 1315 316 1381 ζεσθαι,
342 1316 474 1367 ἀλλὰ
509 1317 603 1385 γὰρ
638 1320 714 1369 καὶ
748 1316 803 1370 τὸ
838 1317 969 1386 παχὺ
1004 1323 1142 1369 τοῦτο
1178 1319 1253 1368 καὶ
1288 1319 1458 1382 γεῶδες
1485 1321 1629 1379 σῶμα
1655 1317 1731 1367 διὰ

71 1416 117 1453 15
138 1398 406 1465 παχυτέρας
432 1401 508 1450 καὶ
533 1406 797 1466 συγγενοῦς
825 1399 1102 1466 ἁγιάζέσθαι
1127 1399 1442 1467 μεταλήψεως
1467 1401 1542 1449 καὶ
1570 1404 1727 1449 καλεῖ-

139 1483 255 1530 σθαι
292 1480 412 1547 πρὸς
450 1483 745 1550 ἀφθαρσίαν.
820 1482 992 1533 οἰέσθω
1034 1481 1083 1532 δὲ
1121 1483 1348 1545 μηδαμῶς
1387 1482 1411 1531 6
1452 1480 1630 1546 νωθρὸς
1669 1483 1731 1534 εἷς

137 1560 336 1613 σύνεσιν
379 1563 616 1626 Ἰουδαῖος,
662 1565 897 1631 νεωτέρων
949 1564 1060 1629 ἡμῖν
1110 1564 1386 1629 μυστηρίων
1434 1564 1731 1629 ἀνηυρῆσθαι

137 1642 329 1709 τρόπον.
385 1645 614 1712 θεωρήσει
648 1646 742 1713 γὰρ
780 1648 828 1697 ἐν
859 1646 1178 1714 ἀρχαιοτέροις
1211 1644 1578 1710 συγγράμμασι,
1606 1646 1729 1711 φημὶ

137 1725 185 1777 δὲ
221 1732 315 1780 τοῖς
353 1731 674 1791 Μωυσαϊκοῖς,
703 1728 1222 1796 προκαταγραφόμενον
1249 1727 1337 1791 ἤδη
1375 1729 1451 1777 καὶ
1485 1729 1567 1790 τῆς
1603 1727 1723 1789 ἀλη-
1748 1745 1769 1771 c

67 1836 116 1861 20
137 1809 262 1862 θείας
290 1813 530 1878 φοροῦντα
559 1809 645 1874 τὴν
672 1810 881 1874 δύναμιν,
910 1809 980 1861 ὅτι
1016 1812 1091 1860 καὶ
1126 1812 1174 1860 ἐν
1200 1813 1366 1877 ψιλοῖς
1401 1811 1603 1859 ἐτελεῖτο
1633 1812 1729 1862 τοῖς

135 1890 375 1958 σχήμασι.
432 1893 482 1942 τί
516 1891 611 1959 γὰρ
653 1892 977 1957 ἐδυσώπησεν,
1017 1891 1119 1942 εἶπέ
1151 1913 1244 1954 μοι,
1284 1889 1366 1941 τὸν
1405 1891 1724 1956 ὀλοθρευτήν;

135 1973 184 2023 τί
221 1972 269 2024 δὲ
311 1974 386 2024 καὶ
429 1972 536 2027 τοὺς
577 1972 842 2040 προγόνους
886 1974 1071 2024 ἐκείνων
1112 1972 1177 2037 μὴ
1223 1973 1588 2024 συναπολέσθαι
1634 1977 1729 2025 τοῖς

135 2056 413 2120 Αἰγυπτίοις
461 2056 838 2122 παρεσκεύασεν,
892 2055 968 2107 ὅτε
1020 2054 1141 2106 κατὰ
1191 2059 1286 2106 τῶν
1335 2053 1650 2121 πρωτοτόκων
1702 2055 1728 2104 6

132 2137 289 2189 πάντα
313 2141 453 2189 νικῶν
478 2138 761 2207 ἐξωπλίζετο
785 2137 985 2192 θάνατος
1004 2159 1017 2200 ;
1061 2135 1131 2204 ἀρ’
1157 2138 1260 2205 οὐχὶ
1286 2141 1437 2188 πᾶσιν
1463 2134 1520 2187 ἂν
1545 2136 1728 2201 γένοιτο

65 2243 113 2281 25
133 2219 396 2289 συμφανὲς,
429 2223 490 2274 ὡς
529 2221 714 2287 ἐπείπερ
755 2224 821 2290 τῷ
860 2221 968 2289 θείῳ
1008 2219 1136 2290 νόμῳ
1175 2217 1558 2280 καταπειθόμενοι
1597 2216 1727 2267 τεθύ-

133 2324 248 2352 κασι
298 2300 382 2353 τὸν
424 2301 586 2366 ἀμνὸν,
632 2304 707 2353 καὶ
750 2306 846 2353 τῶν
889 2302 1062 2353 ἐκείνου
1114 2305 1308 2367 σαρκῶν
1350 2298 1726 2364 ἀπογευσάμενοι

1702 2403 1725 2433 5·
1789 2385 1892 2415 Exod.

134 2383 420 2450 κατέχρισαν
457 2387 524 2453 τῷ
569 2384 729 2448 αἵματι
774 2383 857 2438 τὰς
903 2383 1064 2453 φλιάς,
1103 2383 1415 2449 παρελαύνειν
1454 2381 1621 2434 αὐτοὺς
1662 2382 1697 2430 ὡ
1788 2429 1843 2459 xii.
1868 2438 1894 2468 7

134 2466 448 2531 ἡγιασμένους
486 2468 511 2516 6
550 2465 750 2519 θάνατος
788 2465 1111 2532 ἠναγκάζετο;
1155 2465 1472 2531 παρετέτακτο
1511 2462 1596 2525 μὲν
1630 2461 1723 2528 γὰρ
1743 2470 1770 2510 d

133 2546 252 2597 κατὰ
289 2545 450 2611 πάσης
488 2550 570 2611 τῆς
615 2548 904 2614 ἀνθρωπείας
947 2547 1139 2616 φύσεως
1181 2547 1206 2596 6
1244 2543 1542 2612 ὀλοθρευτὴς,
1581 2567 1718 2595 τουτ-

63 2650 113 2687 30
132 2628 276 2692 ἔστιν,
305 2630 330 2679 6
366 2632 448 2693 τῆς
487 2628 668 2695 σαρκὸς
703 2628 918 2691 θάνατος,
947 2628 1022 2680 διὰ
1058 2628 1144 2693 τὴν
1174 2630 1222 2679 ἐν
1252 2630 1318 2697 τῷ
1352 2625 1724 2696 πρωτοπλάστῳ

180 2807 214 2841 6.
240 2809 287 2853 τῷ
306 2812 529 2851 assumptum
548 2818 589 2841 ex
610 2806 652 2840 Β.
781 2819 833 2842 ῐο.
859 2809 917 2851 τῆς
937 2808 1018 2851 ζωῆς
1035 2812 1217 2851 assumpta
1236 2817 1276 2839 ex
1298 2806 1390 2839 BD.
1443 2805 1574 2839 Deesse
1593 2805 1723 2850 aliquid

133 2860 232 2889 notat
252 2854 384 2899 Migne.
522 2864 574 2888 12.
601 2854 660 2896 τὴν
677 2866 740 2898 pro
759 2855 813 2888 διὰ
834 2855 874 2889 B.
1001 2855 1053 2888 18.
1081 2852 1317 2898 ἀρχαιοτέροις
1338 2852 1378 2886 Β.
1399 2852 1638 2897 ἀρχαιοτάτοις
1655 2851 1723 2886 Ed.

135 2912 190 2935 20.
217 2901 413 2946 ἀφοροῦντα
434 2900 474 2934 Β.
557 2901 607 2934 ὅτι
628 2901 669 2935 Β.
689 2900 743 2935 ὅτε
765 2901 829 2935 Ed.
1002 2912 1056 2934 22.
1083 2898 1288 2945 προγόνους]
1314 2903 1349 2940 -Js-
1371 2900 1449 2934 τοὺς
1468 2898 1533 2933 Ed.
1552 2899 1661 2933 invito
1681 2899 1723 2933 Β.

136 2949 191 2982 28.
219 2950 358 2982 τετάκτο
381 2947 421 2981 Β.

878 3016 897 3056 3
923 3015 944 3041 Y
970 3015 991 3042 2
