2021 3296
111 150 137 191 i.
158 163 197 193 2.
353 149 427 190 IN
469 149 512 190 S.
545 147 882 189 JOANNEM.
945 147 1070 189 LIB.
1103 148 1138 188 Ι.
1200 148 1334 190 ΟΑΡ.
1368 149 1447 190 IV.
1643 150 1696 190 61

112 255 378 321 ὑπήκουσεν
404 257 429 307 ὁ
456 255 638 323 Σωτὴρ,
666 255 798 307 ἀλλὰ
832 258 909 308 καὶ
943 256 1059 320 αὐτὴ
1093 261 1189 308 τῶν
1212 256 1452 308 Ἰουδαίων
1478 256 1506 321 ἡ
1541 278 1698 323 περιε-

110 343 284 390 στῶσα
321 337 520 403 πληθὺς,
558 343 750 403 μᾶλλον
789 337 838 389 δὲ
877 343 971 390 τῶν
1010 339 1156 405 ἁγίων
1194 342 1419 403 μαθητῶν
1458 340 1483 390 ὁ
1521 337 1696 406 χορός;

110 420 200 471 ἔδει
225 419 320 487 γὰρ
345 424 538 484 μᾶλλον
565 420 731 475 αὐτοὺς
761 419 822 471 τὰ
852 423 1087 487 θεοπρεπῆ
1120 419 1443 489 φαντάζεσθαι
1467 426 1698 472 πλεονεκ-

109 500 308 566 τήματα,
342 505 418 552 καὶ
455 500 520 565 μὴ
559 507 655 556 τοῖς
699 503 807 553 καθ’
849 502 970 566 ἡμᾶς
1008 500 1168 566 νόμοις
1216 501 1411 568 ὑπάγειν
1447 505 1702 569 πειρᾶσθαι

70 598 92 636 5
112 582 172 635 τὰ
206 581 321 650 ὑπὲρ
356 583 490 647 ἡμᾶς.
544 581 630 648 τὴν
659 581 746 647 μὲν
776 582 870 650 γὰρ
905 589 989 634 τοῦ
1023 583 1248 648 σώματος
1283 583 1428 648 ἀκοὴν
1454 581 1702 647 σωματικὴ

113 663 451 732 προσαράσσει
501 662 653 732 φωνὴ,
699 665 775 715 καὶ
823 664 998 718 κτύπος
1049 665 1074 716 ὁ
1125 663 1202 716 διὰ
1246 665 1441 732 χειλέων
1484 668 1547 718 εἰς
1590 663 1743 731 ἀέραει
1798 675 1848 710 41
1870 674 1922 709 A·

113 745 381 814 προκύψας,
408 743 437 809 ὴ
465 743 541 796 διά
567 767 692 798 τινος
715 748 930 813 μηχανῆς
957 745 1115 813 ἑτέρας
1140 746 1414 811 ἐπινοηθείς·
1465 745 1551 811 τὴν
1575 745 1623 797 δὲ
1657 747 1706 797 ἐν

115 826 331 895 ἀῤῥήτοις
373 831 553 895 φωναῖς
590 827 741 894 ἠρέμα
778 830 856 878 καὶ
894 829 1030 879 οἱονεὶ
1068 827 1189 879 κατὰ
1227 833 1338 879 νοῦν
1375 828 1708 897 στρεφομένην

114 909 356 973 βούλησιν
380 914 464 959 τοῦ
500 906 706 975 Πατρὸς,
732 908 876 972 μόνος
911 907 1034 960 οἶδεν
1064 910 1113 960 ἐν
1139 909 1264 978 αὐτῷ
1299 913 1515 978 φυσικῶς
1550 908 1704 976 ὑπάρ-

50 1016 98 1040 10
116 1014 215 1059 χων
242 992 267 1041 ὁ
292 989 407 1044 Υἱὸς
433 991 495 1044 ὡς
522 991 675 1059 σοφία
701 991 858 1042 αὐτοῦ.
913 995 1051 1059 φωνῇ
1077 991 1126 1042 δὲ
1151 995 1210 1058 τῇ
1236 989 1311 1042 διὰ
1338 990 1516 1042 κτύπου
1542 993 1709 1058 κεχρῆ-

117 1075 232 1123 σθαι
281 1070 365 1123 τὸν
416 1071 541 1123 Θεὸν
593 1070 950 1135 ὑπολαμβάνειν
993 1076 1240 1126 παντελῶς
1290 1072 1534 1134 ἀπίθανον,
1582 1071 1710 1137 εἴπερ

118 1152 309 1217 οἰόμεθα
344 1156 438 1204 δεῖν
469 1152 732 1218 ἀποσώζειν
763 1157 822 1222 τῇ
858 1152 974 1221 ὑπὲρ
1009 1154 1166 1206 πάντα
1200 1153 1346 1222 φύσει
1378 1153 1438 1205 τὰ
1474 1151 1589 1220 ὑπὲρ
1623 1151 1711 1217 τὴν

118 1236 289 1287 κτίσιν.
363 1234 527 1289 ἄλλως
577 1258 628 1286 τε
679 1237 755 1286 καὶ
805 1235 943 1290 αὐτὸς
988 1237 1014 1287 ὁ
1060 1235 1234 1303 Κύριος
1279 1236 1411 1300 ἡμῶν
1449 1236 1639 1300 Ἰησοῦς
1684 1234 1709 1284 ὁ

119 1316 334 1384 Χριστὸς
371 1317 454 1368 οὐκ
489 1316 579 1386 ἔφη
616 1317 760 1382 αὐτὴν
786 1318 951 1387 φωνὴν
977 1316 1090 1369 εἶναι
1124 1323 1208 1369 τοῦ
1235 1321 1360 1369 Θεοῦ
1395 1318 1470 1368 καὶ
1498 1314 1706 1383 Πατρός,
1726 1325 1753 1366 b

55 1413 100 1451 15
121 1400 231 1449 ἀλλ’
259 1398 365 1450 οὐδὲ
398 1401 481 1463 τῆς
514 1397 624 1465 παρ’
660 1400 817 1466 ἑτέρου
856 1399 1074 1464 δεόμενον
1105 1400 1345 1466 ἑρμηνείας
1379 1398 1499 1466 πρὸς
1531 1397 1586 1449 τὸ
1623 1396 1705 1449 δύ·

123 1484 297 1532 νασθαι
330 1484 496 1545 μαθεῖν
525 1478 612 1544 τὴν
642 1486 725 1532 τοῦ
758 1480 950 1548 Πατρὸς
983 1480 1222 1546 βούλησιν
1253 1480 1418 1532 ἑαυτὸν
1443 1479 1711 1532 ἐπιδεικνύει

173 1563 184 1578 ²
304 1563 423 1592 α’
508 1561 684 1580 ΗΧ*
839 1561 953 1582 *01
1092 1562 1104 1579 ν
1302 1564 1313 1578 ‚
1400 1561 1413 1579 x
1497 1557 1933 1590 ’‘*mInfraxiL

123 1570 278 1628 λεγων
352 1566 427 1613 Ου
463 1565 506 1614 δι
546 1585 625 1626 εμε
658 1586 687 1627 η
721 1568 857 1631 φωνη
893 1586 1009 1628 αυτη
1044 1585 1253 1629 γεγονεν,
1287 1568 1419 1613 αλλα
1453 1565 1497 1613 δι
1544 1584 1662 1625 υμας
1772 1612 1825 1642 30·

123 1646 243 1711 χρῆν
283 1644 339 1695 δέ
370 1667 439 1710 γε,
478 1642 515 1694 ὦ
558 1644 817 1708 βέλτιστοι,
857 1649 1048 1708 μᾶλλον
1086 1649 1242 1707 εἰπεῖν,
1279 1645 1322 1695 εἴ
1357 1666 1413 1710 γε
1454 1647 1612 1696 καλῶς
1651 1642 1712 1694 τὰ

124 1730 314 1777 τοιαῦτα
337 1727 440 1792 περὶ
467 1726 608 1776 αὐτοῦ
635 1726 848 1794 δοξάζετε
874 1725 1146 1777 Ἠκούσατε
1170 1724 1268 1789 μετ’
1296 1727 1408 1789 ἐμοῦ
1437 1728 1519 1789 τῆς
1552 1726 1713 1793 φωνῆς

57 1828 106 1853 20
127 1813 208 1859 τοῦ
260 1808 466 1874 Πατρός·
526 1808 623 1858 νυνὶ
669 1807 719 1859 δὲ
763 1812 826 1862 εἷς
868 1812 965 1859 πᾶν
1009 1808 1279 1859 τούναντίον
1322 1806 1612 1875 περιτρέψας
1659 1805 1714 1857 τὸ

126 1887 427 1953 δηλούμενον,
472 1889 575 1941 οὕτε
621 1892 782 1958 φωνῆς
832 1888 996 1940 ἑαυτὸν
1038 1892 1286 1953 δεδεῆσθαι
1335 1892 1712 1954 προσομολογεῖ,

125 1973 410 2037 γεγενῆσθαι
445 1969 493 2022 δὲ
526 1975 718 2034 μᾶλλον
752 1969 898 2035 αὐτὴν
934 1972 989 2022 δι’
1015 1971 1211 2025 ἐκείνους
1247 1969 1597 2038 διισχυρίζεται,
1634 1970 1756 2020 οὐκο

126 2053 492 2121 ἐκπεφωνῆσθαι
541 2052 671 2119 παρὰ
713 2058 796 2104 τοῦ
844 2053 1049 2120 Πατρὸς,
1094 2051 1224 2103 ἀλλὰ
1270 2052 1490 2118 γενέσθαι
1536 2053 1612 2102 καὶ
1661 2051 1715 2101 δι’

126 2134 334 2188 ἐκείνους.
381 2136 456 2185 καὶ
484 2138 521 2185 εἰ
547 2134 704 2185 πάντα
731 2135 784 2185 δι’
808 2136 950 2186 αὐτοῦ
976 2135 1001 2185 ὁ
1023 2133 1144 2188 Θεὸς
1171 2137 1246 2185 καὶ
1269 2133 1438 2200 Πατὴρ
1465 2131 1720 2200 ἐργάζεται,

61 2226 108 2264 25
129 2217 183 2266 δι’
212 2216 355 2267 αὑτοῦ
381 2215 438 2277 δὴ
463 2215 651 2270 πάντως
678 2217 754 2266 καὶ
781 2222 932 2279 τοῦτο,
959 2221 1150 2279 μᾶλλον
1175 2215 1223 2266 δὲ
1249 2215 1387 2269 αὐτὸς
1416 2214 1474 2279 ἧν
1500 2215 1527 2279 ἡ
1563 2213 1718 2283 φωνὴ,

129 2299 217 2365 οὐχ
256 2298 404 2366 ἑαυτῷ
441 2296 527 2362 τὴν
564 2303 647 2349 τοῦ
686 2297 1000 2364 γεννήσαντος
1038 2297 1301 2363 ἑρμηνεύων
1338 2296 1564 2348 διάθεσιν·
1621 2293 1722 2362 ᾔδει

131 2378 223 2445 γὰρ
274 2381 336 2433 ὡς
381 2378 512 2433 Υἱός·
580 2377 710 2430 ἀλλὰ
760 2385 859 2434 ταῖς
910 2383 1005 2431 τῶν
1053 2378 1383 2446 περιεστώτων
1429 2379 1602 2440 ἀκοαῖς,
1647 2376 1723 2428 ἵνα

129 2460 474 2512 πιστεύσωσιν.

207 2562 339 2593 ΑΛΛΟ,
380 2546 438 2594 Εὶ
466 2541 614 2609 λόγου
640 2542 763 2598 τινὸς
789 2542 1000 2611 ἐμφύτου
1035 2541 1290 2606 δεδεῆσθαί
1320 2547 1444 2610 φασι
1477 2540 1560 2591 τὸν
1585 2537 1720 2602 Υἱὸν,

184 2683 213 2707 Ι.
233 2671 423 2716 ὑπήκουσεν
440 2672 549 2707 Euth.
568 2671 663 2715 ἐπὴκ.
679 2672 747 2707 Ed.
796 2671 815 2716 ἡ
832 2675 899 2706 τῶν
910 2670 1011 2705 Ἰουδ.
1027 2676 1060 2705 et
1077 2672 1096 2704 ὁ
1113 2674 1179 2705 τῶν
1195 2670 1250 2715 ἁγ.
1268 2685 1303 2714 μ.
1321 2670 1458 2703 inverso
1477 2668 1598 2702 ordine
1614 2668 1723 2703 Euth.

135 2731 167 2753 2.
194 2719 247 2752 καὶ
266 2730 329 2763 pro
345 2720 479 2762 μᾶλλον
497 2719 533 2753 δέ
552 2719 661 2754 Euth.
776 2731 809 2761 4.
835 2719 1019 2763 πειρᾶσθαι
1037 2718 1177 2761 ὑπάγειν
1194 2718 1265 2751 inv.
1283 2716 1358 2750 ord.
1378 2715 1486 2750 Euth.
1607 2727 1639 2757 5.
1664 2715 1726 2759 μὲν

134 2777 206 2799 om.
226 2764 333 2799 Euth.
398 2767 457 2799 τοῦ
476 2771 698 2810 assumptum
716 2777 757 2799 ex
777 2765 819 2799 B.
839 2765 948 2799 Euth.
1044 2776 1077 2808 9.
1095 2761 1156 2798 οἶδ’
1177 2764 1217 2797 E.
1283 2763 1318 2796 ἐν
1335 2763 1423 2807 αὐτῷ
1442 2763 1598 2806 φυσικῶς
1615 2761 1724 2796 Euth.

137 2811 203 2846 Ed.
222 2813 379 2856 φυσικῶς
396 2811 484 2857 αὐτῷ
505 2812 548 2845 Β,
657 2823 711 2857 13.
738 2813 756 2845 ὁ
774 2813 833 2846 alt.
851 2823 921 2845 om.
940 2810 1049 2845 Euth.
1155 2821 1209 2851 14.
1235 2810 1367 2852 ἔφησεν
1385 2808 1494 2842 Euth.
1558 2808 1676 2853 φωνὴν
1693 2814 1726 2842 et

137 2859 194 2901 τῆς
213 2869 282 2892 om.
303 2857 411 2891 Euth.
558 2858 611 2892 18.
639 2858 742 2903 ἐχρῆν
760 2857 869 2893 Euth.
1030 2868 1080 2900 19.
1107 2856 1209 2889 αὐτοῦ
1230 2855 1317 2889 Β.Ε.
1336 2858 1423 2888 Θεοῦ
1443 2855 1489 2889 D.
1509 2854 1576 2889 Ed.
1595 2853 1627 2889 εἵ
1639 2869 1727 2900 γε-

137 2905 296 2947 δοξάζετε
315 2904 444 2938 desunt
461 2904 498 2938 in
518 2903 626 2938 Euth.
740 2915 796 2940 20.
823 2907 880 2939 νῦν
898 2903 1005 2937 Euth.
1127 2913 1183 2936 22.
1208 2902 1309 2935 αὐτὸν
1328 2901 1393 2935 Ed.
1413 2901 1530 2935 invitis
1548 2901 1725 2936 omnibus.

140 2950 198 2985 sed
217 2951 319 2995 αὐτὴν
337 2949 403 2985 Ed.
425 2962 494 2996 mg.
559 2952 693 2994 μᾶλλον
710 2951 812 2995 αὐτὴν
828 2950 895 2985 hoc
913 2949 1034 2985 ordine
1054 2948 1160 2982 Euth.
1181 2946 1284 2993 [Ed]
1305 2947 1443 2983 inverso
1461 2947 1582 2982 ordine
1602 2947 1644 2981 B.
