2084 3317
120 404 174 435 Ps.
195 404 249 436 cii.

123 456 197 488 2-5.

119 828 171 861 Ib.
186 827 216 861 6.

347 139 429 180 112
747 140 797 182 B.
830 140 1104 182 CYRILLI
1146 142 1526 184 ALEXANDR.
1763 144 1789 184 i.
1808 157 1849 199 9,
1870 156 1933 185 10.

345 250 408 301 εἰς
433 246 582 310 μέσον
606 252 702 299 τῶν
727 251 1043 315 τετιμημένων
1069 251 1285 315 ἕκαστον,
1312 255 1388 303 καὶ
1412 251 1469 317 δὴ
1497 254 1570 303 καὶ
1602 254 1935 320 χαριστηρίους·

345 329 647 380 ἀνατείνοντα
704 331 992 399 προσευχὰς,
1041 333 1231 400 μεγάλῃ
1286 332 1456 384 λοιπὸν
1507 335 1825 403 ἀναμελῳδεΐν
1875 338 1934 402 τῇ

463 414 483 424 Α

347 414 484 479 φωνῃ
519 419 546 441 “
573 413 779 479 Εὐλόγει
819 414 846 477 ἡ
885 415 1021 481 ψυχή
1059 437 1151 477 μου
1189 413 1272 465 τὸν
1300 414 1490 481 Κύριον,
1526 418 1601 465 καὶ
1639 413 1703 479 μὴ
1742 417 1934 467 ἐπιλαν-

300 491 327 532 d
347 498 374 521 ‘⁶
400 492 544 545 θάνου
581 493 744 548 πάσας
783 494 866 548 τὰς
907 495 1249 549 ἀνταποδόσεις
1292 496 1448 559 αὐτοῦ,
1487 495 1570 547 τὸν
1607 496 1934 548 εὐιλατεύοντα

344 579 374 602 “
397 573 578 630 πάσαις
612 580 712 629 ταῖς
747 577 958 640 ἀνομίαις
993 599 1099 639 σου,
1127 577 1210 628 τὸν
1234 576 1430 640 ἰώμενον
1455 577 1618 632 πάσας
1649 577 1733 632 τὰς
1764 578 1934 632 νόσους
1953 598 1976 637 5

343 661 371 684 “
396 675 504 706 σου·
570 655 654 707 τὸν
697 657 1016 724 λυτρούμενον
1059 660 1109 709 ἐκ
1159 663 1343 726 φθορᾶς
1391 658 1477 723 τὴν
1528 658 1647 724 ζωήν
1691 682 1802 722 σου,
1851 658 1934 711 τὸν

342 742 370 765 “
396 737 728 806 στεφανοῦντά
763 762 820 790 σε
855 741 903 791 ἐν
935 739 1053 791 ἐλέει
1087 741 1165 791 καὶ
1205 745 1473 808 οἰκτιρμοῖς,
1508 740 1591 791 τὸν
1623 742 1934 800 ἐμπιπλῶντα

343 824 370 848 “
395 821 444 870 ἐν
469 821 664 886 ἀγαθοῖς
689 819 775 886 τὴν
801 823 1048 886 ἐπιθυμίαν
1076 823 1213 874 σου·”
1247 828 1374 874 ποιεῖ
1393 821 1487 889 γὰρ
1514 822 1660 877 ὅντως
1687 824 1928 887 ίίε’λεημο-·

341 906 370 930 “
396 900 545 955 σύνας
572 904 596 954 ὁ
625 903 838 970 Κύριος,”
867 903 927 955 τὰ
952 904 1095 972 μικρὰ
1122 907 1197 955 καὶ
1223 904 1577 974 ἐξουθενημένα,
1606 904 1726 956 κατά
1758 927 1814 970 γε
1849 904 1933 956 τὸν

340 985 422 1046 τῆς
465 984 631 1039 οἰκείας
673 984 866 1054 φύσεως
907 986 1070 1052 λόγον,
1110 986 1298 1052 μεγάλα
1337 988 1412 1038 καὶ
1453 986 1816 1055 ἀξιοθαύμαστα
1857 988 1933 1038 διὰ
1955 1011 2003 1036 10

341 1068 424 1129 τῆς
463 1070 526 1120 εἰς
564 1066 683 1118 αὐτὰ
721 1067 1048 1135 χρηστότητος
1089 1066 1417 1131 ἀποδεικνύων,
1450 1066 1614 1135 ὥσπερ
1653 1070 1734 1119 οὖν
1769 1068 1932 1133 ἀμέλει

300 1164 322 1192 e
341 1149 417 1199 καὶ
457 1148 578 1212 ἡμᾶς
619 1154 715 1203 τοῖς
758 1151 887 1203 ἰδίοις
932 1150 1076 1201 αὐτοῦ
1121 1150 1489 1214 κατασεμνύνειν
1528 1151 1722 1216 ἀγαθοῖς
1761 1153 1932 1218 χρῆναι

340 1231 436 1281 δεῖν
463 1230 683 1299 ἀφθόνως
709 1233 989 1296 ἐδοκίμασεν
1015 1235 1078 1286 ὡς
1104 1234 1128 1284 ὁ
1157 1231 1292 1296 Θεὸς,
1319 1232 1395 1283 καί
1430 1231 1506 1284 διὰ
1542 1238 1680 1284 τοῦτο
1714 1233 1846 1287 θεούς
1880 1256 1931 1285 τε

338 1315 414 1363 καὶ
440 1317 542 1381 φῶς
570 1315 645 1364 καὶ
671 1314 721 1364 τί
742 1313 837 1380 γὰρ
865 1315 967 1382 οὐχὶ
995 1319 1089 1365 τῶν
1117 1316 1310 1380 ἀγαθῶν
1335 1317 1580 1367 ἀποκαλεῖ.

413 1393 534 1445 Εἶτα
575 1396 625 1446 τί
660 1395 780 1461 πρὸς
823 1394 974 1465 τούτῳ
1019 1396 1201 1465 φησίν;
1263 1396 1334 1447 ὅτι
1373 1398 1447 1447 καὶ
1491 1398 1528 1448 ἑν
1565 1403 1627 1466 τῷ
1671 1398 1827 1467 κόσμῳ
1867 1393 1924 1457 ἧν.
1954 1417 2000 1457 15

336 1475 500 1542 ἐπάγει
526 1479 602 1527 καὶ
636 1482 775 1528 τοῦτο
808 1478 1055 1544 χρησίμως
1091 1479 1115 1528 ὁ
1150 1475 1391 1543 θεολόγος,
1417 1478 1794 1543 ἀναγκαιοτάτην
1819 1479 1929 1543 ἡμῖν

336 1558 392 1608 δι’
421 1558 563 1609 αὐτοῦ
590 1557 676 1622 τὴν
702 1560 900 1625 θεωρίαν
927 1559 1178 1628 εἰσφερων·
1221 1558 1378 1624 ἐπειδὴ
1409 1558 1504 1626 γὰρ
1537 1560 1627 1628 ἔφη
1647 1558 1731 1611 ςΗν
1757 1561 1801 1612 τὶ
1830 1559 1930 1630 φῶς

337 1639 383 1691 τὶ
411 1639 603 1699 ἀληθινὶν
629 1642 648 1692 ἓ
677 1642 855 1712 φωτίζει
893 1641 1048 1692 πάντα
1083 1641 1296 1710 ἄνθρωπον
1322 1642 1540 1711 ἐρχόμενον
1567 1647 1626 1697 εἰς
1658 1642 1726 1693 τον
1754 1644 1930 1712 κόσμον,

115 1733 169 1768 76
187 1732 239 1768 A.
295 1719 393 1785 ειῆν
419 1721 468 1773 δὲ
504 1723 558 1772 οὐ
593 1722 790 1792 σφόδρα
824 1727 920 1776 τοῖς
955 1723 1266 1789 ἀκροωμένοις
1302 1722 1563 1792 συμφανὲς,
1590 1722 1790 1790 πότερόν
1815 1747 1931 1776 ποτε

335 1803 418 1854 τὸν
444 1803 655 1874 ἄνθρωπον
683 1805 902 1873 ἐρχόμενον
936 1810 995 1860 εἰς
1027 1806 1095 1857 τὶν
1128 1807 1290 1873 κόσμον
1315 1806 1495 1876 φωτίζει
1530 1807 1575 1857 το
1610 1805 1723 1875 φῶς,
1752 1805 1781 1870 ἢ
1815 1806 1929 1857 αὐτὸ
1950 1829 2000 1855 20

333 1883 389 1937 τὸ
414 1890 516 1955 φῶς
541 1884 595 1937 τὸ
622 1886 866 1951 ἀληθινὸν,
897 1889 959 1941 ὡς
989 1887 1083 1939 ἀπό
1109 1910 1234 1942 τινος
1259 1888 1417 1954 ἑτέρου
1447 1885 1595 1939 τόπου
1626 1894 1930 1955 μεταχωροῦν

334 1971 397 2022 εἰς
440 1967 524 2019 τὸν
563 1967 762 2032 κόσμον,
802 1968 885 2020 τὸν
926 1974 989 2023 εἰς
1032 1970 1215 2024 πάντας
1258 1969 1537 2036 ἀνθρώπους
1580 1974 1778 2021 ποιεῖται
1823 1974 1926 2039 φω-

333 2049 522 2112 τισμόν
584 2051 850 2116 ἀναγκαίως
894 2051 1005 2116 ἡμῖν
1049 2053 1074 2103 ὃ
1119 2050 1508 2119 πνευματοφόρος
1552 2051 1831 2103 ἐκκαλύπτει
1873 2051 1928 2103 τὸ

334 2131 520 2196 ἀληθὲς,
555 2134 629 2184 καὶ
669 2137 764 2184 τῶν
799 2135 977 2185 οἰκείων
1011 2133 1234 2201 ῥημάτων
1269 2132 1550 2200 διερμηνεύει
1587 2132 1673 2197 τὴν
1708 2134 1924 2199 δύναμιν,

334 2213 490 2280 λέγων
516 2214 650 2268 εὐθὺς
679 2217 786 2282 περὶ
812 2221 894 2267 τοῦ
921 2214 1095 2285 φωτὸς,
1122 2215 1193 2266 ὅτι
1219 2217 1257 2267 ἐν
1282 2222 1343 2285 τῷ
1369 2217 1526 2284 κόσμῳ
1552 2212 1610 2275 ἧν·
1655 2215 1730 2266 ἵνα
1756 2216 1927 2268 λοιπὸν
1948 2234 1996 2274 25

288 2294 388 2346 brb
434 2297 653 2365 ἐρχόμενον
693 2302 752 2352 εἰς
792 2297 860 2349 τὶν
902 2299 1064 2366 κόσμον
1102 2296 1222 2348 κατὰ
1265 2303 1349 2348 τοῦ
1393 2296 1645 2363 ἀνθρώπου
1689 2302 1811 2365 νοῇς,
1849 2302 1927 2351 καὶ

332 2383 525 2441 μᾶλλον
551 2381 634 2443 τῆς
662 2378 976 2446 φωτιζομένης
1004 2382 1322 2445 κατηγορῆται
1348 2378 1555 2447 φύσεως,
1582 2381 1644 2432 ὡς
1670 2380 1719 2430 ἐκ
1745 2385 1829 2430 τοῦ
1859 2381 1925 2446 μὴ

332 2459 466 2514 ὄντος
499 2464 562 2514 εἷς
594 2459 649 2511 τὸ
687 2458 802 2511 εἶναι
837 2461 1146 2525 καλουμένης·
1200 2460 1346 2515 τόπος
1381 2460 1474 2527 γὰρ
1513 2459 1677 2527 ὥσπερ
1715 2484 1785 2516 τις
1821 2464 1926 2514 ἐστὶ

330 2547 427 2596 τοῖς
454 2547 666 2608 γενητοῖς
698 2544 878 2612 ἐπινοίᾳ
913 2543 1229 2609 θεωρούμενος
1263 2542 1318 2593 τὸ
1351 2542 1417 2608 μὴ
1454 2540 1574 2594 εἶναί
1603 2566 1732 2606 ποτε,
1759 2545 1842 2613 ἀφ’
1870 2544 1925 2596 οὗ

331 2623 387 2685 δὴ
420 2623 598 2692 τρόπον
629 2623 735 2676 τινὰ
767 2624 886 2692 πρὸς
921 2623 975 2676 τὸ
1011 2622 1125 2676 εἶναι
1162 2623 1428 2690 βαδίζοντα,
1459 2623 1607 2676 τόπον
1642 2625 1798 2692 ἕτερον
1833 2626 1923 2691 ἤδη
1943 2644 1994 2681 30

382 2813 411 2836 1.
438 2802 491 2836 καὶ
508 2803 566 2837 alt.
584 2806 808 2848 assumptum
827 2815 868 2837 ex
889 2802 931 2837 B.
1128 2813 1160 2837 2.
1186 2802 1418 2839 ἀνατείνοντος
1436 2803 1478 2838 Ε.
1674 2813 1707 2849 5.
1731 2805 1846 2840 πάσας
1862 2805 1923 2841 τὰς

330 2847 468 2892 ἀνομίας
487 2849 528 2883 Β.
549 2850 621 2890 (21.
640 2850 700 2894 al.)
719 2850 780 2884 sed
798 2850 842 2884 cf.
861 2851 897 2884 in
914 2849 961 2884 xii
980 2849 1111 2895 Proph.
1130 2850 1196 2895 783
1214 2850 1249 2884 b.
1418 2860 1449 2896 7.
1476 2850 1562 2898 ἐλέῳ
1583 2850 1625 2885 Β.
1644 2851 1705 2894 (cf.
1728 2863 1804 2896 143.
1827 2852 1921 2897 190.)

334 2904 387 2939 15.
414 2895 446 2928 τί
463 2902 685 2941 assumptum
703 2908 745 2931 ex
764 2897 807 2931 B.
873 2899 973 2930 τοῦτο
992 2897 1035 2932 Β.
1168 2906 1221 2942 17.
1248 2896 1421 2942 εἰσφέρων
1440 2897 1482 2933 Β.
1501 2903 1535 2932 et
1553 2898 1602 2934 sic
1620 2898 1768 2944 conjecit
1784 2898 1920 2944 Migne.

329 2941 486 2986 εἰσφέρει
507 2941 573 2977 Ed.
720 2954 774 2978 22.
801 2945 981 2980 ποιοῦντας
1000 2943 1042 2978 Β.
