2084 3317
110 146 138 185 i.
159 146 311 188 26—28.
364 145 438 185 IN
482 145 525 186 S.
559 144 899 186 JOANNEM.
963 145 1090 185 LIB.
1124 145 1160 185 Ι.
1223 145 1357 185 CAP.
1393 145 1445 184 X.
1629 146 1707 184 165

110 258 379 321 μετρεῖσθαι
405 254 515 320 παρ’
545 255 715 324 ἐκείνῳ·
755 259 896 304 τοῦτο
922 252 1018 320 γὰρ
1045 251 1172 316 οἶμαι
1197 256 1374 318 δηλοῦν
1400 251 1453 303 τό
1480 259 1583 303 Οὐκ
1620 257 1707 320 εἰμὶ

111 336 260 391 ἱκανὶς
300 335 448 386 λύσαι
488 338 617 387 αὐτοῦ
653 339 718 387 τὸν
750 334 922 404 ἱμάντα,
959 337 1032 387 τοῦ
1066 332 1368 403 ὑποδήματος.
1423 339 1623 400 πρᾶγμα
1660 334 1707 384 δὲ

113 417 269 484 λέγων
295 416 483 481 ἀληθὲς,
509 416 666 484 ἕτερόν
691 441 735 469 τι
761 417 1002 485 χρήσιμον
1027 416 1283 484 ἐργάζεται·
1323 420 1709 484 ταπεινοφρονεῖν

113 500 161 552 δὲ
211 499 447 551 ἀναπείθει
503 499 587 551 τὸν
639 499 847 565 ἀλαζόνα
899 503 1185 567 Φαρισαῖον,
1241 499 1406 551 ἑαυτὸν
1457 498 1505 550 δὲ
1559 498 1708 549 τύπον
1727 513 1752 553 b

69 599 92 637 5
112 582 318 651 εἰσφέρει
355 588 439 633 τοῦ
476 580 772 648 πράγματος.

185 667 344 716 Ταῦτα,
381 664 434 714 δέ
463 668 616 733 φησιν
646 665 684 715 ἐν
718 663 962 734 Βηθαβαρέι
1003 667 1292 730 γεγενῆσθαι
1325 664 1462 732 πέραν
1494 665 1565 714 τοῧ
1600 666 1704 731 Ἰορ-

112 744 252 799 ὃάνου.
304 751 503 811 σημεῖον
530 745 697 812 ὥσπερ
724 749 798 797 καὶ
825 752 965 797 τοῦτο
991 748 1132 800 τιθεὶς
1162 745 1348 811 μνήμης
1378 748 1603 813 ἀκριβοῦς
1634 746 1709 795 καὶ

112 833 305 895 λεπτῆς.
360 828 637 897 πεφύκαμεν
663 827 758 895 γάρ
783 851 883 882 πως
911 830 986 879 καὶ
1013 827 1260 893 εἰθίσμεθα
1289 827 1474 891 πάντες,
1503 830 1565 882 ὡς
1599 828 1709 881 ε”πος

113 917 266 976 εἰπεῖν,
293 914 341 963 ἐν
367 916 462 965 τοῖς
488 916 593 978 περὶ
620 916 715 962 τῶν
742 912 1013 976 ἀναγκαίων
1041 910 1303 977 διηγήμασι
1331 914 1602 975 μεμνῆσθαι
1634 914 1709 962 καὶ

48 1020 94 1044 10
113 995 285 1058 τόπων,
312 997 359 1045 ἐν
386 993 454 1048 οἷς
481 992 600 1045 αὐτὰ
624 994 846 1059 γενέσθαι
872 993 1191 1058 συμβέβηκεν.

137 1151 357 1181 ΚΥΡῙΛΛΟΥ
383 1150 750 1180 ΑΡΧΙΕΠΙΣΚΟΠΟΥ
778 1149 1122 1180 ΑΛΕΞΑΝΔΡΕΙΑΣ
1149 1150 1219 1179 ΕΙΣ
1245 1151 1301 1179 ΤΟ
1329 1150 1445 1179 ΚΑΤΑ
1473 1150 1684 1179 ΙΩΑΝΝΗΝ

620 1226 914 1262 ΕΥΑΓΓΕᾹΙΟΝ,
942 1227 1125 1255 ΒΙΒΛΙΟΝ
1152 1221 1188 1255 Α’
1195 1248 1202 1255 .

1725 1299 1746 1324 (3

164 1370 196 1393 2.
221 1357 327 1392 λύσαι
346 1356 389 1391 Β.
407 1357 459 1390 ἵνα
477 1355 574 1390 λύσω
593 1355 659 1390 Ed.
719 1357 778 1389 τὸν
795 1360 1017 1399 assumptum
1036 1366 1078 1388 ex
1096 1354 1138 1388 B.
1236 1366 1270 1399 3.
1288 1369 1320 1388 τι
1337 1353 1510 1398 χρήσιμον
1529 1353 1570 1388 B.
1588 1354 1708 1397 ἐπίση-

116 1421 179 1449 μον
198 1404 264 1439 Ed.
362 1417 394 1446 4.
413 1404 448 1438 δέ
467 1403 563 1448 prius
584 1403 625 1437 Β.
644 1403 710 1448 ’γὰρ
730 1402 796 1436 Ed.
894 1401 927 1435 6.
946 1403 1050 1436 ταῦτα
1068 1402 1106 1435 δέ
1122 1403 1233 1446 φησιν
1250 1402 1285 1434 ἐν
1304 1401 1484 1445 Βηθαβαρὰ
1503 1401 1709 1445 γεγενῆσθαι
1769 1427 1772 1430 -

116 1453 222 1495 πέραν
246 1454 305 1485 τοῦ
328 1451 500 1495 Ἰορδάνου
529 1450 570 1484 Β.
596 1452 701 1483 ταῦτα
726 1449 762 1482 δέ
788 1449 898 1492 φησιν
924 1449 959 1482 ἐν
985 1448 1131 1492 Βηθανίᾳ
1156 1448 1316 1493 γενέσθαι
1339 1447 1445 1492 πέραν
1467 1449 1527 1481 τοῦ
1552 1447 1710 1491 ἶορδάνου

118 1500 152 1534 D
167 1499 317 1534 rubrice.
331 1499 372 1532 E.
391 1500 502 1531 Ταῦτα
520 1497 555 1531 ἐν
573 1496 717 1540 Βηθανίᾳ
737 1496 869 1540 ἐγένετο
887 1495 994 1539 πέραν
1010 1497 1070 1529 τοῦ
1085 1494 1272 1540 Ἰορδάνου,
1291 1495 1377 1528 ὅπου
1395 1493 1433 1537 ἧν
1448 1492 1603 1537 Ἰωάννης
1619 1496 1706 1534 Βαττ-

117 1548 226 1589 τίζων,
245 1552 413 1590 tanquam
435 1544 499 1579 SS.
521 1544 720 1588 Scripturae
747 1554 886 1576 versum
916 1543 948 1576 D
974 1554 1046 1587 mg.
1065 1554 1082 1576 e
1101 1554 1183 1588 quo,
1201 1543 1255 1576 vel
1276 1541 1480 1587 apographo
1498 1540 1652 1587 quodam
1671 1547 1709 1576 ut

116 1594 267 1633 videtur,
288 1592 355 1627 Ed.
502 1602 555 1632 11,
579 1602 631 1625 12.
660 1590 717 1624 Sic
738 1589 831 1624 BD.
