2021 3296
720 804 1035 851 ΚΕΦΑΛΗ
1093 804 1149 851 Ε.

149 998 244 1040 θΌτι
276 1000 372 1040 κατὰ
401 999 524 1052 φύσιν
556 998 787 1052 δημιουργὸς
817 1000 838 1039 ὁ
868 1000 964 1042 ’Υἱὸς
992 1001 1090 1050 μετὰ
1124 998 1291 1050 Πατρὸς,
1324 999 1375 1041 ὡς
1407 1000 1448 1040 ἐκ
1479 1001 1545 1049 τῆς
1576 999 1708 1042 οὐσίας

250 1083 439 1138 ὑπάρχων
462 1084 593 1134 αὐτοῦ,
617 1084 680 1125 καὶ
707 1084 780 1138 οὐχ
809 1085 942 1136 ὥσπερ
969 1083 1164 1137 ὑπουργὸς
1191 1085 1614 1137 παραλαμβανόμενος.

179 1247 325 1288 Πάντα
364 1245 411 1288 δι’
452 1247 582 1288 αὐτοῦ
621 1246 806 1297 ἐπένετο,
846 1245 915 1287 καὶ
953 1245 1082 1303 χωρὶς
1121 1245 1251 1287 αὐτοῦ
1289 1245 1459 1290 ὲΓένετο
1497 1244 1595 1286 οὐδὲ
1633 1246 1692 1286 ἕν.
1754 1254 1775 1289 3

92 1407 115 1446 5
209 1396 301 1444 TA
333 1393 623 1445 πολύπλοκα
661 1396 756 1444 τῶν
791 1393 997 1444 ἀνοσίων
1031 1396 1272 1459 αἱρετικῶν
1307 1394 1581 1463 ἀνατρέψας
1615 1417 1732 1461 προ-

134 1475 377 1539 βλήματα,
406 1477 480 1526 καὶ
508 1474 685 1526 λεπτὸν
711 1475 822 1539 ἡμῖν
849 1477 923 1525 καὶ
951 1475 1301 1541 ἀκριβέστατον
1327 1478 1431 1542 περὶ
1458 1481 1541 1526 τοῦ
1570 1480 1730 1527 Μονο-
1750 1491 1778 1532 d

134 1562 299 1622 γενοῦς
336 1557 575 1626 ἐξυφήνας
612 1557 695 1608 τὸν
730 1556 879 1622 λόγον
915 1557 940 1607 ὁ
978 1556 1205 1624 μακάριος
1242 1557 1622 1623 Εὐαγγελιστὴς,
1656 1559 1728 1626 ἐφ’

134 1638 294 1705 ἑτέραν
338 1639 522 1706 ἔρχεται
571 1645 654 1690 τοῦ
707 1639 937 1700 διαβόλου
988 1640 1168 1705 παγίδα
1218 1639 1630 1704 συμπεπηγμένην
1679 1639 1736 1708 ἐξ

133 1720 331 1788 ἀρχαίας
365 1720 562 1785 ἀπάτης,
590 1744 666 1771 και
704 1724 786 1784 τῆς
821 1720 1057 1772 πολυθεόυ
1090 1720 1277 1785 πλάνης
1310 1720 1365 1772 τὸ
1400 1721 1591 1787 κέντρον
1622 1721 1732 1785 ἡμῖν

0 1810 2 1882 Ι
67 1823 115 1848 10
133 1803 486 1865 ἀνατείνουσαν,
513 1801 542 1867 ἢ
574 1810 601 1832 “
621 1801 836 1856 πολλοὺς
870 1802 955 1865 μὲν
981 1803 1216 1870 τρώσασα
1243 1803 1616 1868 καταβέβληκεῖ
1645 1803 1731 1868 τὴν
1794 1818 1953 1891 Γόνυν-νίί-

0 1884 2 1917 s
132 1883 182 1935 δὲ
218 1888 302 1949 τῆς
339 1885 576 1939 ἀπωλειας
612 1884 722 1936 ὁδὸν
756 1886 1037 1952 ἀνευροῦσα,
1073 1886 1149 1936 καὶ
1184 1883 1271 1950 τὴν
1303 1884 1536 1937 πλατεῖάν
1570 1909 1620 1937 τε
1654 1888 1730 1937 καὶ
1795 1870 1810 1892 ²
1838 1885 1844 1891 ¹

131 1966 396 2035 εὐρύχωρον
422 1966 732 2019 ἐκπετάσασα
757 1973 840 2018 τοῦ
868 1967 1074 2019 θανάτου
1100 1967 1272 2032 πύλην,
1294 1967 1530 2035 ἀγεληδὸν
1556 1967 1642 2034 μὲν
1667 1971 1730 2022 εἷς

131 2047 248 2118 ᾅδου
286 2048 369 2103 τὰς
406 2054 502 2101 τῶν
534 2049 797 2117 ἀνθρώπων
830 2049 1166 2117 συνεσώρευσε
1203 2049 1381 2119 ψυχὰς,
1407 2050 1650 2103 πλουσίαν
1680 2049 1730 2101 δὲ

0 2152 1 2187 1
130 2129 296 2198 ὥσπερ
334 2136 401 2202 τῷ
439 2130 654 2202 διαβόλῳ
691 2133 929 2199 παρετίθει
968 2132 1166 2200 τροφὴν,
1207 2134 1335 2183 καὶζ
1338 2131 1429 2183 ζτοὶ
1468 2132 1726 2200 βρώματα”
1746 2156 1767 2183 e
1788 2131 1876 2206 116111·
1899 2131 1919 2162 1·

66 2227 112 2266 15
131 2213 258 2264 αὐτῶ
295 2216 544 2280 προσῆγεν
583 2220 611 2244 “
637 2212 880 2265 ἐκλεκτά.”
946 2214 1102 2279 ἐπειδὴ
1141 2237 1236 2282 γαρ
1274 2213 1529 2279 Ελλήνων
1567 2218 1728 2269 παῖδες

130 2298 189 2363 τῇ
238 2301 321 2347 τοῦ
373 2294 557 2360 κόσμου
607 2297 762 2365 σοφία
805 2297 1150 2363 προσκείμενοι,
1194 2298 1271 2348 καὶ
1314 2320 1370 2348 το
1411 2303 1595 2360 πνεῦμα
1644 2302 1728 2348 τοῦ

130 2400 361 2445 αρχοντος
395 2384 478 2430 τοῦ
513 2382 679 2432 αἰῶνος
713 2377 880 2430 τούτου
916 2380 1164 2433 πλουσίως
1197 2401 1382 2447 εχοντες
1417 2383 1479 2432 εἷς
1515 2385 1637 2441 νοῦν,
1665 2383 1727 2433 εἷς

129 2459 366 2511 πολύθεον
410 2460 725 2528 κατεφέροντο
775 2460 979 2525 πλάνην,
1026 2463 1100 2513 καὶ
1146 2460 1200 2512 τὸ
1246 2460 1332 2525 μὲν
1376 2463 1458 2524 τῆς
1503 2460 1727 2524 ἀληθείας

132 2541 319 2596 κάλλος.
339 2543 715 2612 ἀπεστρέφοντο,
746 2548 843 2598 τοῖς
869 2542 918 2595 δὲ
945 2545 993 2595 ἐν
1019 2544 1168 2612 ἀχλύϊ
1190 2546 1266 2595 καὶ
1291 2542 1451 2612 σκότῳ
1477 2542 1727 2609 βαδίζουσι

64 2649 114 2675 20
131 2623 477 2690 παραπλήσιοι,
515 2623 634 2692 πρὸς
672 2623 756 2676 τὸν
794 2627 844 2677 ἐκ
881 2629 965 2690 τῆς
1006 2627 1174 2681 οἰκείας
1213 2626 1416 2689 ἀμαθίας
1454 2622 1726 2694 κατῴχοντο

130 2705 323 2773 βόθρον,
362 2707 572 2762 εἰδώλοις
616 2706 824 2776 ἀψύχοις
867 2709 1189 2776 λατρεύοντες,
1230 2710 1307 2758 καὶ
1351 2709 1417 2777 τῷ
1461 2706 1547 2771 μὲν
1591 2707 1726 2777 ξύλῳ

180 2863 214 2898 3.
240 2853 343 2888 αὐτοῦ
360 2853 525 2898 ὑπάρχειν
540 2854 680 2889 inverso
697 2854 819 2890 ordine
838 2855 881 2891 B.
931 2857 1049 2901 ὥσπερ
1070 2855 1110 2889 Β.
1130 2856 1173 2890 ὡς
1192 2854 1259 2889 Ed.
1360 2853 1394 2889 8.
1418 2854 1564 2900 παγίδαν
1582 2854 1663 2899 (sic)
1684 2855 1725 2889 Ε

136 2909 191 2935 11.
216 2899 423 2946 ἀνευροῦσα]
443 2915 534 2943 οιμαι
552 2901 770 2948 ἀνευρύσασα
789 2903 823 2937 D
841 2915 914 2949 mg.
1027 2914 1080 2948 13
1107 2903 1345 2946 συνεσώρευσε
1365 2901 1407 2936 Β.
1426 2903 1639 2947 συνεσώρευε
1658 2902 1725 2937 Ed

137 2955 191 2992 17.
217 2948 349 2992 κόσμου
367 2959 430 2993 pro
447 2947 566 2984 αἰῶνος
584 2948 627 2985 Β.

191 3013 283 3042 VOL.
307 3017 337 3044 1.
916 3016 943 3043 K
