2084 3317
128 160 186 204 iii.
206 175 270 216 27.
388 164 463 204 IN
506 165 547 204 S.
581 163 917 204 JOANNEM.
980 163 1104 204 LIB.
1139 163 1199 203 ΙΙ.
1263 164 1395 203 CAP.
1429 164 1463 205 Ι.
1634 165 1714 203 235

126 277 500 322 καταπτοοῦνται
535 272 644 322 λίαν
671 273 744 322 ἐπὶ
780 275 877 324 τοῖς
904 269 1126 321 Ἰωάννου
1161 269 1566 334 μειονεκτήμασιν,
1598 272 1723 319 αἰδοῖ

126 351 175 402 δὲ
209 356 285 403 καὶ
320 353 522 417 θαύματι
556 352 640 404 τὸν
670 352 726 422 ἐξ
761 352 951 418 ἀγάπης
984 350 1268 418 κεράσαντες
1305 352 1467 417 λόγον,
1499 352 1718 420 ἀξιοῦσιν

125 433 214 497 ἤδη
253 439 433 497 μαθεῖν,
465 434 574 486 ὅτου
614 434 670 498 δὴ
709 433 848 502 χάριν
887 436 912 484 ὁ
951 439 1051 487 ταῖς
1089 435 1198 500 παρ’
1232 435 1374 484 αὐτοῦ
1413 457 1712 499 μεμαρτυρη-

124 516 261 578 μένος
287 522 479 585 φωναῖς,
508 517 677 585 φθάνει
704 516 790 579 μὲν
817 515 959 567 αὐτὸν
986 518 1035 566 ἐν
1061 517 1301 579 εὐκλείαις,
1327 518 1552 585 προπηδᾷ
1579 515 1628 566 δὲ
1659 520 1717 583 τῇ

81 613 102 652 5
124 596 295 665 χάριτι,
322 601 396 650 καὶ
432 600 684 664 σαγηνεύει
716 599 957 665 βαπτίζων
984 600 1037 649 οὐ
1072 598 1209 664 μέρος
1243 601 1326 661 τῆς
1361 597 1553 662 ἀπάσης
1586 605 1712 662 πλη-

124 679 234 733 θύος
258 681 529 745 Ἰουδαϊκῆς,
557 682 669 732 ἀλλ’
697 680 786 744 ἤδη
813 683 888 730 καὶ
916 678 1113 733 πάντας.
1169 682 1409 731 ἐποιοῦντο
1442 680 1490 731 δὲ
1517 678 1636 730 κατὰ
1662 679 1715 730 τὸ
1735 700 1757 726 c

124 761 242 815 εἰκὸς
268 763 352 813 οὐκ
376 765 497 814 ἀθεεὶ
525 761 611 827 τὴν
631 762 838 828 ζήτησιν·
879 767 1019 812 καλεῖ
1040 761 1132 828 γὰρ
1159 764 1368 813 ἐντεῦθεν
1396 764 1420 813 ὁ
1446 762 1717 826 βαπτιστὴς

124 847 187 897 εἷς
231 846 403 911 ἀκριβῆ
455 848 531 896 καὶ
575 844 762 911 μακρὰν
805 846 912 911 περὶ
958 849 1042 894 τοῦ
1089 847 1309 911 Σωτῆρος
1353 844 1597 913 ἐξήγησιν,
1642 846 1717 895 καὶ

124 925 507 995 διαφανεστάτην
531 932 626 978 τῶν
649 925 1001 991 βαπτισμάτων
1027 927 1234 994 εἰσφέρει
1258 926 1344 990 τὴν
1372 926 1619 995 διαφοράν.

56 1156 104 1180 10
149 1149 208 1190 Οὐ
247 1149 423 1192 δύναται
461 1151 692 1207 ἅνθρωπος
731 1151 964 1200 λαμβάνειν
1003 1149 1142 1200 οὐδὲν,
1179 1148 1256 1190 ἐὰν
1295 1149 1350 1197 μή
1392 1145 1416 1205 ᾧ
1455 1148 1687 1197 δεδομένον

649 1246 766 1299 αὐτῷ
802 1245 849 1286 ἐκ
886 1248 960 1286 τοῦ
999 1244 1198 1301 οὐρανοῦ.

201 1376 356 1427 Οὐδέν
384 1380 536 1445 φησιν
563 1379 610 1427 ἐν
637 1376 902 1443 ἀνθρώποις
930 1374 1126 1441 ἀγαθὸν,
1154 1373 1179 1426 ὃ
1205 1374 1269 1438 μὴ
1296 1374 1484 1426 πάντως
1511 1371 1624 1423 εἶναι
1653 1374 1724 1424 δεῖ

125 1460 200 1508 καὶ
227 1458 499 1509 θεόσδοτον.
558 1467 585 1488 “
606 1460 672 1509 Τί
706 1458 799 1524 γὰρ
833 1458 951 1525 ε”χεις
987 1457 1012 1508 ὃ
1048 1459 1131 1508 οὐκ
1167 1454 1398 1518 ἕλαβες;”
1443 1455 1625 1505 ἀκούειν
1660 1453 1717 1505 ἀν
1782 1457 1942 1540 {conixa

123 1540 294 1605 πρέποι
331 1545 389 1609 τῇ
429 1542 595 1592 κτίσει.
651 1543 819 1608 χρῆναι
852 1539 901 1590 δὲ
937 1537 1063 1602 οἶμαι
1097 1544 1194 1593 τοῖς
1231 1539 1316 1602 μὲν
1351 1541 1716 1601 ἀπονεμηθεῖσιν
1736 1543 1763 1583 d

58 1638 104 1675 15
125 1624 371 1686 ἀρκεῖσθαι
416 1623 614 1690 μέτροις,
659 1625 734 1673 καὶ
779 1627 881 1676 ταῖς
929 1622 1182 1687 οὐρανόθεν
1226 1619 1555 1687 διωρισμέναις
1598 1619 1715 1688 ἐφή-

126 1706 292 1755 δεσθαι
344 1710 510 1769 τιμαῖς,
561 1705 846 1756 ἐκτείνεσθαι
905 1703 953 1754 δὲ
1007 1704 1264 1770 περαιτέρω
1313 1705 1555 1766 μηδαμῶς,
1604 1701 1720 1764 μηδὲ

125 1787 396 1854 ἀχαρίστως
435 1792 492 1855 τῇ
530 1787 650 1854 πρὸς
688 1786 742 1837 τὸ
780 1784 934 1851 μεῖζον
970 1787 1039 1836 ἀεὶ
1078 1784 1389 1852 κεχρημένους
1428 1784 1602 1852 ἐφέσει,
1634 1782 1721 1847 τὴν

127 1869 305 1919 ἄνωθεν
331 1868 564 1935 ἀτιμάζειν
590 1872 782 1936 ψῆφον,
813 1871 888 1919 καὶ
916 1871 1213 1920 δεσποτικοῖς
1246 1865 1583 1933 ἀπομάχεσθαι
1615 1866 1717 1931 κρί-

126 1973 287 2014 μασιν,
315 1955 440 2002 αἰδοῖ
469 1957 553 2002 τοῦ
587 1950 650 2015 μὴ
688 1954 839 2001 δοκεῖν
867 1955 950 2000 τοῦ
977 1949 1264 2016 τελειοτέρου
1291 1948 1344 2000 τὸ
1371 1948 1572 1999 ἐ’λαττον
1599 1950 1718 1998 ἀπο-

57 2053 105 2077 20
127 2033 368 2101 φέρεσθαι·
409 2034 522 2084 ἀλλ’
551 2032 721 2100 οῖσπερ
757 2031 815 2083 ἂν
841 2032 1076 2096 ἐθελήσας
1108 2031 1287 2099 τιμήσῃ
1314 2030 1452 2093 Θεὸς,
1481 2036 1629 2081 ταῦτα
1663 2029 1720 2093 δὴ

126 2117 200 2165 καὶ
236 2114 368 2178 μάλα
402 2120 640 2167 ποιεῖσθαι
676 2118 782 2181 περὶ
816 2121 1023 2166 πολλοῦ.
1079 2113 1143 2178 μὴ
1180 2113 1437 2182 ἀσχαλέτω
1468 2118 1758 2178 τοιγαροῦνθ

127 2199 151 2247 ὁ
183 2198 304 2260 ἐμὸς,
332 2201 469 2266 φησὶ,
496 2200 723 2262 μαθητὴς,
751 2202 788 2248 εὶ
826 2197 889 2261 μὴ
925 2197 980 2247 τὸ
1018 2195 1154 2248 δοθὲν
1181 2195 1446 2265 ἐξάλλομαι
1471 2194 1654 2258 μέτρον,
1682 2198 1719 2244 εὶ

126 2277 180 2330 τὸ
215 2280 370 2347 μεῖζον
396 2282 478 2332 οὐκ
512 2282 668 2343 ἐννοῶ,
696 2283 771 2331 καὶ
811 2283 872 2334 εἷς
912 2278 1058 2348 δόξαν
1090 2280 1466 2346 ἀνθρωποπρεπῆ
1508 2275 1719 2327 συστέλ-

127 2370 284 2426 λομαι.

179 2514 208 2536 1.
235 2502 339 2548 αἰδοῖ]
359 2504 462 2538 ἄλλοι
482 2504 523 2538 Β.
542 2504 629 2537 αἰδοῖ
648 2503 677 2537 Β
697 2515 768 2547 mg.
821 2502 945 2537 Statim
964 2502 999 2536 δὲ
1020 2502 1062 2536 Β.
1082 2517 1116 2536 τε
1137 2501 1203 2536 Ed.
1345 2511 1375 2534 2.
1404 2497 1623 2543 κεράσαντες]
1644 2511 1718 2541 κερ-

129 2549 293 2591 Silo-avr&
313 2550 354 2584 B.
460 2560 490 2595 7.
516 2553 611 2584 καλεῖ
631 2551 671 2584 Β.
691 2552 840 2584 καλεῖται
862 2550 928 2584 Ed.
1035 2562 1066 2594 9.
1092 2551 1298 2591 βαπτισμῶν
1318 2548 1362 2581 D.
1414 2546 1538 2580 Statim
1557 2545 1719 2588 ἀναφέρει

131 2596 172 2630 Β.
192 2597 347 2641 εἰσφέρει
366 2597 395 2630 Β
415 2609 486 2641 mg.
792 2608 843 2631 12.
870 2597 920 2630 δεῖ
937 2604 1160 2640 assumptum
1179 2607 1220 2629 ex
1243 2595 1282 2628 B.
1303 2594 1408 2627 Cord.
1428 2593 1518 2626 δοκεῖ
1536 2604 1600 2635 pro
1620 2592 1669 2624 δεῖ
1687 2602 1717 2624 a.

133 2654 187 2688 17.
214 2644 390 2689 ἀχαρίστῳ
412 2644 452 2678 Β.
551 2655 605 2678 20.
633 2645 718 2679 Θεὸς
736 2651 958 2689 assumptum
977 2656 1017 2677 ex
1040 2643 1080 2676 B.
1184 2653 1239 2676 21.
1266 2640 1449 2685 ἀσχαλέτω
1470 2639 1564 2672 B.D.
1582 2638 1719 2683 ἀσχαλ-

130 2690 217 2724 λέτω
238 2690 303 2724 Ed.
401 2701 456 2725 22.
483 2690 581 2725 δοθὲν
600 2690 642 2725 Β.
661 2691 740 2734 ἐμὸν
760 2691 826 2726 Ed.
925 2702 980 2735 23.
1006 2690 1064 2724 οὐκ
1083 2690 1183 2724 ἐννοῶ
1204 2689 1244 2723 Β.
1265 2689 1324 2722 οὐκ
1341 2687 1451 2732 ἀγνοῶ
1473 2686 1518 2720 D.
1538 2684 1602 2719 Ed.

865 3039 892 3064 H
917 3026 941 3064 h
969 3038 989 3065 2
