2084 3317
339 151 422 191 168
707 153 899 194 LIBRI
951 154 1255 195 SECUNDI
1307 154 1562 195 CAPITA.

289 259 315 298 b
336 264 365 307 ζ.
412 258 505 300 ’Ότι
535 264 610 301 τῶν
639 263 866 314 θεοπρεπῶν
895 261 1126 314 ἀξιωμάτων
1155 263 1240 314 ἤτοι
1271 262 1637 313 πλεονεκτημάτων,
1668 261 1781 302 οὐδὲν
1809 261 1858 303 ὡς
1890 260 1932 300 ἐκ

507 332 678 382 μετοχῆς
717 329 740 381 ἢ
777 331 947 371 ἐπακτὸν
984 332 1028 371 ἐν
1060 333 1112 386 τῷ
1145 333 1240 386 Tm),
1273 330 1531 382 προκειμένου
1565 332 1681 382 ῥητοῦ
1717 330 1822 370 Οὐδὲ
1858 330 1933 381 γὰρ

511 398 531 436 ὁ
575 397 710 449 Πατὴρ
752 399 872 450 κρίνει
913 398 1053 439 οὐδένα
1093 399 1202 439 ἀλλὰ
1243 401 1376 439 πᾶσαν
1416 399 1488 449 τὴν
1529 399 1659 451 κρίσιν
1698 397 1839 438 δέδωκε
1878 396 1931 451 τῷ

511 466 606 520 Ύῑῷ.
1802 465 1924 519 [224]

340 583 376 616 η.
413 564 508 606 ’Ότι
538 566 642 609 Θεὸς
672 567 734 607 καὶ
763 567 805 606 ἐκ
834 569 943 608 Θεοῦ
971 569 1069 607 κατὰ
1097 568 1221 619 φύσιν
1244 567 1432 621 ὑπάρχων
1457 569 1478 608 ὁ
1503 568 1611 618 Ὑὶὸς,
1634 568 1697 608 καὶ
1723 567 1837 608 εἰκὼν
1865 569 1933 606 τοῦ
1951 570 1974 607 5

512 634 780 687 γεννήσαντος
812 635 987 687 ἀκριβὴς,
1019 636 1113 686 ἴσην
1144 635 1230 689 ἔχει
1260 635 1330 687 τὴν
1360 635 1456 687 πρὸς
1487 635 1605 677 αὐτὸν
1636 635 1698 676 καὶ
1728 634 1842 686 τιμὴν
1871 634 1933 675 καὶ

511 705 642 753 δόξαν,
674 702 928 754 προκειμένου
963 704 1081 755 ῥητοῦ
1106 702 1197 744 Ἵνα
1231 703 1375 746 πάντες
1410 708 1551 755 τιμῶσι
1583 704 1653 745 τὸν
1679 703 1777 744 Ύῖὸν
1807 703 1933 745 καθὼς

510 775 651 821 τιμῶσι
681 770 752 811 τὸν
780 770 951 823 Πατέρα.
1803 771 1924 825 [226]

338 876 371 913 θ.
410 871 505 914 ’Ότι
527 871 608 913 κατ’
631 872 746 913 οὐδὲν
767 872 943 914 ἐλάττων
964 877 1031 914 τοῦ
1054 876 1163 915 Θεοῦ
1185 874 1247 914 καὶ
1268 874 1426 927 Πατρὸς
1447 875 1467 914 ὁ
1482 875 1591 922 Tibe,
1609 873 1700 915 ἀλλ’
1725 874 1932 926 ι’σοσθενὴς

511 941 591 982 κατ’
616 941 822 994 ἐνέργειαν
841 941 911 992 τὴν
931 942 993 982 ἐπὶ
1015 943 1138 983 πᾶσίν
1155 943 1266 983 ἐστιν
1288 943 1338 985 ὡς
1356 942 1462 986 Θεὸς
1482 944 1524 984 ἐκ
1543 946 1662 993 Θεοῦ,
1677 943 1931 995 προκειμένου
1953 961 2002 986 10

507 1012 626 1063 ῥητοῦ
652 1011 713 1051 Οὐ
739 1010 906 1061 δύναμαι
932 1011 1010 1063 ἐγὼ
1039 1009 1104 1051 ἀπ’
1129 1012 1298 1062 ἐμαυτοῦ
1327 1015 1455 1052 ποιεῖν
1483 1010 1608 1052 οὐδέν·
1648 1012 1775 1054 καθὼς
1805 1012 1932 1053 ἀκούω

511 1080 640 1132 κρίνω.
1802 1080 1925 1135 [237]

388 1234 417 1255 1.
443 1219 514 1255 οἷον
530 1232 594 1265 pro
612 1220 710 1254 οὐδὲν
729 1219 772 1254 Β.
879 1231 912 1254 2.
938 1218 975 1265 ἢ]
1000 1224 1036 1261 -Ι-
1060 1220 1097 1254 ὸν
1116 1219 1146 1253 Β
1164 1226 1351 1255 corrector.
1458 1220 1492 1254 6.
1520 1220 1573 1254 καὶ
1591 1221 1689 1265 prius
1707 1227 1930 1266 assumptum

336 1280 379 1302 ex
398 1268 441 1302 B.
634 1276 736 1312 7—11.
756 1266 983 1311 Ἵνα-ῥητοῦ
1000 1274 1183 1312 assumpta
1201 1279 1243 1301 ex
1262 1267 1304 1302 B.
1484 1279 1517 1312 9.
1543 1266 1594 1313 6.]
1616 1268 1816 1303 Numerum
1835 1269 1931 1303 hunc

337 1314 509 1361 supplevi.
575 1314 674 1349 οὐδὲν
691 1313 739 1348 sic
756 1313 862 1349 edidi.
881 1313 1001 1348 οὐδένα
1020 1313 1062 1348 Β.

2076 837 2080 867 -,,
2077 816 2080 831 ,.
2076 724 2084 809 π-..-

2073 1244 2077 1321 ἰ

2073 1334 2077 1375 Ι

2071 1376 2077 1532 3

2070 1533 2076 1678 ξ
