2084 3317
152 169 374 226 vi·34‚35·
420 171 494 211 IN
538 173 579 212 s.
613 171 947 212 JOANNEM.
1011 170 1134 211 ΜΒ.
1170 169 1255 210 111.
1318 170 1451 209 CAP.
1479 170 1552 211 vl.
1655 171 1738 211 469

149 284 212 333 εἰς
246 282 538 348 ἀφθαρσίαν,
565 283 627 336 ὡς
661 284 709 332 ἐν
741 280 991 349 ἐπισκέψει
1018 283 1159 342 Θεοῦ,
1186 282 1260 329 καὶ
1296 279 1449 341 με’νων
1477 282 1537 331 εἰς
1574 278 1734 342 διατή-

148 384 305 427 ρησιν,
332 367 392 416 εἶς
424 364 698 430 μακραίωνα
724 363 944 428 δηλονότι
970 362 1078 423 βίον
1105 364 1180 412 καὶ
1207 359 1328 426 ζωὴν
1352 358 1437 424 τὴν
1464 360 1738 426 ἀπέραντον.

149 445 466 511 ἀφραίνοντας
499 451 751 511 τοιγαροῦν
778 447 831 496 οὐ
857 444 1054 511 μετρίως
1079 442 1190 497 τοὺς
1213 442 1479 505 Ἰουδαίους,
1507 441 1741 505 οἰομένους

148 547 198 574 τε
250 525 320 576 ὅτι
370 525 502 592 παρὰ
549 533 632 578 τοῦ
683 526 941 594 πανσόφου
990 524 1237 579 Μωυσέως
1281 530 1377 578 τοῖς
1422 523 1742 591 ἀρχαιοτέροις

106 607 417 675 5ἐχορηγήθη
455 609 509 660 τὸ
548 608 720 672 μάννα,
763 612 838 660 καὶ
877 609 1014 677 με’χρι
1052 608 1232 660 τούτων
1271 613 1505 662 ὶστῶντας
1550 606 1634 659 τὸν
1671 608 1783 659 ἐπίι
1812 625 1899 660 320
1915 625 1963 660 A.

148 691 274 760 αὐτῷ
311 689 472 757 λόγον,
499 693 770 745 ἐννοοῦντας
804 691 853 743 δὲ
889 696 1139 745 παντελῶς
1173 696 1268 742 τῶν
1294 692 1348 742 δι’
1377 691 1521 742 αὐτοῦ
1547 713 1745 756 προση-γ

148 773 441 836 μαινομένων
461 773 608 835 οὑδέν,
629 773 840 839 εὐλόγως
865 772 1048 840 ἐλέγχει
1075 772 1232 838 λέγων
1257 774 1282 824 ὁ
1308 772 1523 839 Χριστός
1545 778 1573 802 “
1588 770 1744 836 Ἀμὴν

148 861 176 883 “
201 853 326 920 λέγω
354 857 461 920 ὑμῖν
485 856 537 906 οὐ
567 858 784 918 Μωυσῆς
811 855 1007 905 δέδωκεν
1035 855 1173 918 ὑμῖν”
1201 853 1255 905 τὸ
1294 853 1464 918 μάννα.
1522 854 1611 905 ε”δει
1649 853 1743 920 γὰρ

147 941 339 997 μᾶλλον
372 939 515 988 ἐκεῖνο
554 939 898 1000 διενθυμεῖσθαι
938 938 1014 987 καὶ
1053 940 1185 998 νοεῖν,
1218 935 1288 987 ὅτι
1323 936 1473 1000 μόνην
1506 939 1568 989 εἷς
1603 941 1743 986 τοῦτο

81 1039 129 1064 10
147 1017 233 1081 τὴν
260 1017 337 1069 διὰ
362 1021 444 1082 τῆς
476 1019 713 1082 μεσιτειάς
742 1019 1003 1085 ὑπουργίαν
1030 1016 1328 1086 εἰσενήνοχεν
1354 1019 1379 1068 ὁ
1409 1020 1642 1082 Μωυσῆς·
1686 1015 1744 1081 ἧν

148 1100 196 1150 δὲ
230 1100 284 1151 τὸ
320 1104 470 1167 δῶρον
503 1102 586 1152 οὐκ
622 1101 920 1167 ἀνθρωπίνης
954 1101 1132 1167 εὕρημα
1156 1099 1325 1168 χειρὸς,
1353 1099 1465 1151 ἀλλ’
1493 1099 1634 1167 ε”ργον
1660 1103 1745 1164 τῆς

147 1181 326 1234 ἄνωθεν
377 1182 583 1251 χάριτος,
638 1185 686 1234 ἐν
736 1188 832 1237 τοῖς
890 1183 1172 1251 παχυτέροις
1228 1182 1636 1252 καταγραφούσης
1687 1181 1742 1233 τὸ

148 1265 328 1330 νοητὸν,
369 1268 444 1317 καὶ
482 1265 564 1317 τὸν
603 1265 746 1332 ἄρτον
785 1266 896 1330 ἡμῖν
934 1265 1264 1330 σημαινούσης
1303 1263 1388 1316 τὸν
1426 1265 1483 1334 ἐξ
1521 1265 1738 1331 οὐρανοῦ,

147 1347 231 1399 τὸν
265 1347 365 1418 ὅλῳ
400 1352 467 1418 τῷ
500 1348 667 1418 κόσμῳ
702 1348 890 1399 διδόντα
925 1347 1010 1412 τὴν
1037 1347 1170 1414 ζωὴν,
1202 1349 1278 1399 καὶ
1315 1348 1402 1415 οὐχ
1441 1346 1490 1398 ἓν
1524 1349 1586 1401 ὡς
1621 1346 1787 1402 κατὰὶ)

83 1447 129 1485 15
147 1429 443 1497 πρόσκλισιν
468 1430 801 1499 ἀποτρέφοντα
827 1430 960 1496 γένος
988 1429 1041 1480 τὸ
1068 1429 1125 1499 ἐξ
1146 1430 1366 1495 Ἰσραήλ.

209 1583 339 1629 Εἶπον
377 1584 450 1629 οὖν
488 1586 597 1644 Πρὸς
636 1587 766 1629 αὐτόν
807 1586 941 1644 Κύριε,
979 1586 1165 1628 Πάντοτε
1204 1585 1277 1628 δὸς
1315 1583 1413 1635 ἡμῖν
1451 1586 1525 1628 τὸν
1562 1586 1693 1643 ἄρτον
1764 1600 1813 1636 34

511 1674 678 1713 τοῦτον.
739 1665 832 1711 εἷπε
870 1669 917 1711 δὲ
954 1667 1100 1712 αὐτοῖς
1138 1670 1160 1712 ὁ
1192 1669 1374 1711 ἸΗσοῦς.
1764 1687 1813 1725 35

222 1779 608 1844 Ἀπογυμνοῦται
644 1783 817 1848 σαφῶς
852 1777 927 1829 διὰ
961 1777 1155 1842 τούτων,
1183 1780 1257 1829 καὶ
1288 1776 1415 1830 πολὺ
1443 1778 1552 1828 λίαν
1578 1779 1740 1829 ἐπιθυ-

149 1859 309 1925 μήσας
348 1864 527 1924 λαθεῖν,
570 1862 595 1912 ὁ
640 1865 735 1912 τῶν
772 1860 1012 1911 Ἰουδαίων
1050 1860 1245 1924 σκοπὸς,
1286 1861 1362 1912 καὶ
1402 1859 1473 1911 ὅτι
1511 1859 1576 1924 μὴ
1616 1859 1746 1923 θεμις

81 1964 129 1988 20
150 1943 415 2012 ψεύδεσθαι
453 1942 540 2007 τὴν
578 1942 804 2008 ἀλήθειαν
843 1943 1020 1994 κατίδοι
1059 1966 1128 1997 τις
1172 1941 1244 2006 ἂν,
1284 1943 1372 2010 οὐχ
1418 1942 1489 1994 ὅτι
1534 1943 1746 2006 σημείων

149 2024 379 2092 γεγόνασι
418 2027 600 2092 θεωροὶ,
637 2025 712 2076 διὰ
751 2031 891 2076 τοῦτο
929 2027 1005 2075 καὶ
1044 2027 1321 2076 ἀκολουθεῖν
1357 2023 1524 2078 αὐτοὺς
1563 2025 1784 2090 ἐπείγε-ο

149 2113 277 2170 σθαι,
309 2108 567 2174 λέγουσαν,
606 2109 716 2158 ἀλλ’
755 2106 825 2158 ὅτι
865 2106 1100 2175 φαγόντες
1138 2109 1188 2158 ἐκ
1218 2111 1314 2159 τῶν
1348 2107 1504 2175 ἄρτων
1538 2106 1738 2175 ἐχορτά-
1802 2109 1942 2184 ῗέξΐζῠ,

149 2194 361 2255 σθησαν.
433 2193 506 2242 ἐπὶ
551 2195 717 2259 πολλῇ
763 2192 807 2241 δ’
856 2188 914 2241 ἂν
955 2188 1141 2245 εἰκότως
1194 2191 1436 2260 δυσμαθίᾳ
1480 2191 1742 2257 καταγινώ-

149 2295 355 2336 σκοιντο,
395 2276 469 2324 καὶ
511 2276 679 2341 χρῆναι
719 2279 875 2339 λεγειν
914 2273 984 2324 ἐπ’
1025 2273 1180 2327 αὐτοῖς
1222 2272 1368 2326 ὅντως
1414 2271 1742 2337 ὑπολαμβάνω

82 2363 129 2402 ²5
152 2361 178 2385 ‘⁶
203 2353 326 2406 Ἰδοὺ
364 2354 480 2409 λαὸς
516 2354 673 2422 μωρὸς
711 2357 787 2406 καὶ
825 2355 1057 2422 ἀκάρδιος,
1093 2356 1339 2424 ὀφθαλμοὶ
1377 2356 1533 2408 αὐτοῖς
1574 2356 1649 2405 καὶ
1688 2355 1744 2405 οὑ
1805 2367 1944 2398 Hier.v.

1339 2437 1363 2453 ‚,
1809 2420 1858 2442 21.

151 2444 179 2466 ‘⁶
203 2437 484 2500 βλέπουσιν,
524 2435 620 2488 ῶτα
660 2438 814 2491 αὐτοῖς
854 2439 929 2488 καὶ
969 2438 1052 2489 οὐκ
1091 2437 1333 2489 ἀκούουσι.
1420 2436 1496 2487 διὰ
1537 2435 1631 2502 γάρ
1672 2459 1744 2487 τοι

149 2524 364 2582 πολλῶν,
409 2518 573 2586 ὥσπερ
625 2521 707 2570 οὖν
757 2520 916 2590 ἔξεστι
967 2518 1373 2582 καταθεάσασθαι,
1419 2518 1579 2584 λόγων
1625 2520 1741 2586 ἀφι-

151 2606 365 2656 στῶντος
400 2602 568 2656 αὐτοὺς
603 2606 698 2653 τῶν
724 2606 1009 2666 σωματικῶν
1035 2603 1224 2653 ἐννοιῶν
1249 2607 1332 2652 τοῦ
1360 2603 1582 2667 Σωτῆρος
1612 2600 1745 2665 ἡμῶν

153 2687 385 2751 Χριστοῦ,
413 2686 488 2735 καὶ
522 2685 895 2752 ἀναπτεροῦντος
930 2684 1007 2736 διὰ
1040 2687 1123 2748 τῆς
1149 2682 1407 2752 πανσόφου
1433 2681 1746 2736 διδασκαλίας

204 2840 235 2876 7.
263 2831 413 2874 Χριστός
432 2830 474 2865 Β.
494 2830 618 2876 Κύριος
636 2831 703 2865 Ed.
829 2843 841 2865 1
855 2843 880 2866 ῐ.
908 2831 1116 2876 ἀνθρωπίνης
1136 2830 1177 2864 Β.
1195 2829 1406 2875 ἀνθρωπείας
1424 2829 1490 2864 Ed.
1608 2842 1660 2872 14.
1686 2829 1746 2873 τὴν

155 2889 225 2912 om.
247 2877 288 2912 Β.
353 2878 426 2913 ἑνὸς
443 2889 505 2922 pro
524 2876 558 2912 ἓν
574 2878 618 2913 ὥς
637 2878 678 2912 Β.
826 2887 877 2924 15.
904 2880 1116 2923 πρόσκλισιν
1132 2876 1236 2933 efliqi..
1250 2877 1475 2934 πρόσκλησιν
1494 2877 1536 2911 Β.
1553 2878 1747 2922 πρόκλησιν

156 2935 223 2970 Ed.
289 2936 327 2969 τὸ
344 2935 441 2988 γένος
458 2936 496 2969 τὸ
516 2935 557 2970 Β.
674 2946 728 2970 21.
756 2935 1002 2980 ἀκολουθήσειν
1019 2936 1132 2970 αὐτοῖς
1149 2938 1167 2969 ὁ
1186 2934 1301 2980 σωτὴρ
1322 2934 1363 2969 Β.
1430 2934 1556 2968 Statim
1573 2933 1746 2980 λέγουσαν

154 2982 351 3028 ἐπείγεσθαι
369 2994 507 3017 mverso
525 2982 647 3017 ordine
667 2982 708 3017 B.
830 2993 886 3018 22.
913 2983 1177 3027 ἐχορτάσθησαν
1194 2987 1273 3017 ante
1291 2982 1326 3016 ἐκ
1344 2985 1409 3016 τῶν
1427 2981 1626 3027 transponit
1646 2981 1687 3016 Β.
