2084 3317
142 487 174 518 S.
195 485 276 516 Luc.

143 531 186 561 xi.
209 531 257 560 18.

144 585 201 619 86
218 583 269 618 A.

140 811 216 852 Sap.
226 811 301 850 i.13.

138 854 189 886 Ib.
203 854 236 885 ii.
250 864 300 895 ²4·

133 2236 240 2276 Supra

132 2289 200 2310 ver.
221 2288 291 2319 1-3.

370 140 452 179 126
771 142 821 183 Β.
855 143 1134 184 CYRILLI
1176 144 1558 186 ALEXANDR.
1840 145 1866 185 i.
1890 158 1953 185 10.

368 253 395 276 ‘⁶
421 247 496 299 διὰ
523 251 605 313 τῆς
632 251 862 317 ἁμαρτίας
885 254 909 303 ὁ
930 253 1178 307 θάνατος·”
1207 253 1323 318 αὐτὴ
1343 260 1592 321 τοιγαροῦν
1613 256 1719 306 καθ’
1742 256 1907 317 ἑαυτῆς
1927 254 1955 317 ἦ

367 330 572 396 ἁμαρτία
598 332 768 383 λοιπὸν
793 333 1110 402 ἐξοπλίζουσα
1145 335 1372 403 φαίνεται,
1401 335 1587 387 λύουσα
1620 341 1716 389 τοῖς
1742 336 1955 400 ὑστέροις

367 409 427 461 τὰ
457 413 505 461 ἐν
530 414 669 481 ἀρχῇ,
695 417 770 464 καὶ
798 417 823 465 ὁ
850 420 1061 469 σατανᾶς
1095 416 1168 484 ἐφ’
1196 417 1345 485 ἑαυτῷ
1380 417 1653 482 μεμέρισται
1692 417 1767 468 διὰ
1800 422 1951 467 τοῦτο·

369 499 396 522 “
423 497 536 547 Πῶς
574 495 655 545 οὖν
693 496 987 561 σταθήσεται
1033 498 1059 559 ἡ
1100 498 1328 557 βασιλεία
1369 499 1550 559 αὑτοῦ,”
1592 498 1710 549 κατὰ
1747 499 1833 562 τὴν
1871 504 1954 549 τοῦ

326 592 348 616 a
369 578 587 641 Σωτῆρος
614 576 808 644 φωνήν;
849 577 982 628 ἀλλὰ
1006 578 1099 642 μὴν
1125 577 1179 629 τὸ
1205 579 1326 629 οὕτω
1354 584 1472 630 νοεῖν
1498 580 1739 631 ἀπίθανον·
1779 579 1954 645 ἀληθὲς
1972 597 1993 635 5

366 656 447 705 οὖν
473 656 564 722 ἄρα
587 656 641 707 τὸ
669 659 890 710 ἐναντίον.

439 739 511 787 κδ.
558 759 690 789 ΑΛΛο.
727 738 928 792 ’Έκτισε
975 740 1097 796 Θεὸς
1142 744 1190 793 ἐν
1235 744 1486 812 ἀφθαρσίᾳ
1535 743 1593 794 τὰ
1643 743 1816 794 πάντα·
1878 746 1954 794 καὶ

364 825 391 846 “
417 817 622 871 θάνατον
659 821 743 884 μὲν
782 823 865 873 οὐκ
903 824 1152 887 ε’ποίησεν”
1194 823 1345 887 αὐτὸς,
1387 832 1414 854 ‘⁶
1434 823 1597 894 φθόνῳ
1636 824 1685 875 δὲ
1725 823 1954 886 διαβόλου

363 906 390 927 “
416 900 618 955 θάνατος
668 907 889 968 εἰσῆλθεν
936 909 998 959 εἷς
1049 904 1131 956 τὸν
1184 905 1413 968 κόσμον.”
1485 908 1596 957 ἀλλ’
1644 907 1771 972 ε’ίπερ
1822 908 1954 957 ἐστὶν

361 981 548 1046 ἀληθὲς,
594 987 657 1039 ὡς
702 986 751 1035 ἐν
794 985 925 1055 τάξει
969 988 1193 1054 τιμωρίας
1239 987 1420 1039 δέδοται
1465 987 1519 1039 τὸ
1565 993 1709 1052 σῶμα
1759 993 1818 1056 τῇ
1868 994 1952 1039 τοῦ

361 1065 612 1129 ἀνθρώπου
640 1071 791 1136 ψυχῇ,
820 1069 894 1119 διὰ
921 1070 1060 1120 ποίαν
1087 1069 1252 1132 αἰτίαν,
1280 1068 1316 1120 ὦ
1344 1070 1484 1133 οὗτοι,
1507 1070 1589 1121 τὸν
1614 1075 1698 1121 τοῦ
1723 1070 1952 1130 διαβόλου

362 1145 542 1213 φθόνον
567 1148 892 1214 αἰτιασόμεθα,
919 1149 972 1201 τὸ
998 1151 1142 1217 πέρας
1170 1152 1279 1215 ἡμῖν
1304 1156 1398 1202 τῶν
1426 1154 1629 1218 ἀνιαρῶν
1655 1153 1951 1220 εἰσφέροντα,

314 1230 341 1270 b
362 1230 437 1277 καὶ
470 1227 525 1279 τὸ
561 1228 762 1296 κολάζον
793 1231 914 1294 ἡμᾶς
948 1233 1236 1300 ἀφανίζοντα
1273 1238 1445 1297 σῶμα;
1492 1236 1565 1285 ἐπὶ
1604 1235 1702 1285 τίσι
1741 1233 1789 1284 δὲ
1828 1234 1953 1287 ὅλως

359 1308 663 1374 ἀναθήσομεν
686 1317 752 1381 τῷ
779 1316 964 1380 Σωτῆρι
991 1313 1051 1365 τὰ
1076 1315 1376 1382 χαριστήρια,
1393 1318 1780 1382 προσδεσμοῦντι
1805 1315 1953 1366 πάλιν

358 1390 479 1454 ἡμᾶς
521 1397 579 1459 τῇ
624 1396 767 1459 σαρκὶ
810 1394 885 1445 διὰ
926 1399 1008 1459 τῆς
1051 1396 1396 1459 ἀναστάσεως,
1453 1397 1585 1448 ἀλλὰ
1625 1396 1718 1462 μὴν
1760 1398 1944 1464 εὐχαρι-

358 1479 580 1536 στοῦμεν,
610 1477 683 1525 καὶ
721 1476 961 1540 λελύπηκε
999 1477 1084 1541 τὴν
1118 1478 1268 1546 φύσιν
1301 1480 1325 1529 ὁ
1361 1485 1443 1530 τοῦ
1484 1479 1713 1540 διαβόλου
1752 1477 1948 1546 φθόνος,

357 1555 660 1623 προξενήσας
710 1561 806 1610 τοῖς
857 1559 1056 1621 σώμασι
1105 1558 1191 1624 τὴν
1244 1559 1446 1627 φθοράν.
1525 1562 1579 1611 οὐ
1630 1561 1804 1627 τρόπος
1858 1560 1950 1626 ’ἄρα

357 1638 580 1703 τιμωρίας
611 1638 664 1689 τὸ
698 1638 843 1705 σῶμά
877 1642 1023 1705 ἐστιν,
1049 1641 1159 1692 ἀλλ’
1189 1641 1294 1693 οὐδὲ
1329 1644 1528 1711 ἀρχαίας
1563 1643 1694 1707 ἡμῶν
1721 1644 1950 1708 ἁμαρτίας

357 1719 584 1786 ὀψώνιον.

750 1865 824 1907 Καὶ
861 1867 883 1909 ὁ
924 1868 1079 1916 κόσμος
1118 1867 1164 1909 δι’
1209 1869 1339 1911 αὐτοῦ
1376 1870 1559 1917 ἐΓέ-νετο.

317 2015 339 2040 0
432 1999 528 2050 Διά
567 2006 650 2050 τοῦ
685 2000 844 2069 φωτὸς
879 2008 962 2054 τοῦ
997 2005 1242 2067 ἀληθινοῦ,
1271 2004 1487 2058 τουτέστι
1522 2011 1606 2057 τοῦ
1642 2009 1947 2070 Μονογενοῦς

356 2084 645 2145 πεποιῆσθαι
683 2082 767 2133 τὸν
804 2083 1005 2148 κόσμον,
1048 2086 1312 2151 ἀναγκαίως
1357 2088 1405 2136 ἐν
1443 2086 1624 2140 τούτοις
1666 2088 1690 2137 ὁ
1731 2087 1946 2151 Εὐαγγε-

357 2163 528 2227 λιστὴς
554 2165 924 2228 ἐπισημαίνεται.
979 2170 1017 2217 εἰ
1052 2166 1145 2233 γὰρ
1175 2169 1250 2218 καὶ
1277 2167 1347 2219 ὅτι
1374 2167 1591 2231 μάλιστα
1617 2168 1778 2234 Λόγον
1805 2168 1947 2219 αὐτὸν

356 2246 661 2299 ἀποκαλέσας
697 2246 817 2297 κατὰ
851 2246 937 2311 τὴν
962 2248 1132 2315 ἀρχὴν,
1161 2249 1317 2300 πάντα
1346 2251 1399 2300 δι’
1429 2251 1571 2300 αὐτοῦ
1597 2250 1839 2315 γενέσθαι,
1869 2252 1944 2300 καὶ

354 2329 498 2394 χωρὶς
537 2328 678 2377 αὑτοῦ
715 2331 958 2395 παρῆχθαι
995 2330 1141 2393 μηδὲν
1173 2329 1292 2396 πρὸς
1330 2330 1516 2396 γένεσιν
1550 2331 1940 2394 διεβεβαιώσατο,

352 2407 552 2473 ποιητήν
590 2431 639 2459 τε
679 2408 753 2459 διὰ
782 2410 971 2478 ,τούτων
1010 2411 1220 2480 ἀπέδειξε
1259 2414 1336 2462 καὶ
1375 2412 1676 2478 δημιουργόν·
1735 2414 1846 2463 ἀλλ’
1887 2412 1945 2478 ἧν

352 2491 608 2556 ἀναγκαῖον
635 2493 733 2541 νυνὶ
771 2490 827 2555 δὴ
862 2491 1078 2554 μάλιστα
1114 2498 1251 2543 τοῦτο
1286 2495 1360 2544 καὶ
1396 2498 1604 2548 εἰσαῦθις
1637 2493 1944 2555 ἀναλαβόντα

353 2576 509 2634 εἰπεῖν,
555 2573 629 2624 ἵνα
680 2571 744 2636 μὴ
795 2577 890 2627 τοῖς
939 2573 1254 2640 παρατρέπειν
1299 2574 1489 2625 εἰωθόσι
1539 2574 1625 2639 τὴν
1669 2581 1764 2627 τῶν
1807 2578 1944 2628 θείων

307 2664 335 2705 d
354 2653 603 2719 δογμάτων
628 2655 875 2721 ὀρθότητα,
895 2654 1080 2715 πλάνης
1105 2678 1155 2706 τε
1182 2658 1256 2707 καὶ
1283 2658 1519 2710 ἀπωλείας
1545 2658 1944 2725 περιλιμπάνηται

404 2812 433 2833 1.
459 2801 477 2833 ὁ
495 2799 636 2836 θάνατος
653 2801 708 2834 διὰ
725 2802 782 2844 τῆς
799 2800 962 2846 ἁμαρτίας
978 2813 1038 2836 lnv
1041 2813 1118 2835 erso
1139 2801 1262 2836 ordine
1281 2802 1323 2836 B.
1462 2814 1493 2837 2.
1520 2803 1749 2847 ἐξοπλίζουσα
1766 2803 1940 2850 φαίνεται]

351 2845 564 2889 ἐξοπλίζεται
585 2847 626 2881 Β.
763 2856 795 2892 5.
821 2849 860 2881 τὸ
877 2847 981 2893 οὕτω]
1001 2849 1039 2882 τὸ
1058 2845 1140 2883 εἶναι
1158 2863 1196 2883 το
1213 2847 1302 2882 οὕτω
1322 2848 1363 2883 Β.
1488 2861 1540 2885 Ι2.
1565 2851 1709 2895 ἀνιαρῶν
1728 2851 1866 2885 B.D.E.
1883 2851 1941 2885 ἁν-

352 2892 527 2935 θρωπίνων
546 2893 611 2928 Ed,
772 2895 824 2928 18.
850 2894 941 2938 ἡμῶν
959 2906 1029 2930 om.
1050 2895 1091 2931 B.
1252 2905 1307 2938 25.
1334 2897 1419 2940 πρὸς
1438 2896 1478 2930 Β.
1498 2897 1544 2933 εἷς
1563 2897 1630 2932 Ed.
1789 2906 1844 2943 27.
1871 2898 1942 2932 νυνὶ

351 2939 391 2983 δὴ
409 2939 512 2973 edidi.
533 2955 608 2984 νυνη
627 2941 661 2974 δε
683 2941 725 2975 Β.
744 2956 801 2975 νυν
819 2941 879 2986 ἤδη
900 2941 966 2975 Ed.

1975 1012 2022 1036 10

1974 1414 2020 1452 15

1970 1879 2020 1903 20
