2084 3317
118 158 204 199 viii.
229 172 291 210 14.
373 158 445 198 IN
489 158 530 197 S.
565 156 898 198 JOANNEM.
963 155 1085 195 LIB.
1111 155 1163 195 V.
1226 154 1359 194 CAP.
1393 153 1453 193 ΙΙ.
1622 155 1701 194 717

1769 265 1782 287 1
1797 257 1870 287 Cor.
1884 256 1926 286 iv.

118 266 388 332 μαρτύρατο
452 273 479 294 “
513 264 666 316 Οὐδὲν
729 264 822 330 γὰρ
890 264 1073 331 ἐμαυτῷ
1141 262 1338 312 σύνοιδα
1359 261 1382 276 ”
1451 259 1704 327 διαῤῥήδην
1767 310 1797 339 4-

119 349 317 415 ἀναβοᾷ.

194 427 385 493 Λεγέτω
427 433 676 494 τοιγαροῦν
714 426 786 496 ἐφ’
826 424 1012 494 ἑκάστῳ
1056 423 1234 475 τούτων
1275 425 1300 475 ὁ
1341 426 1603 489 Φαρισαῖος
1643 422 1705 474 Σὺ

119 514 214 577 περὶ
258 511 440 560 σεαυτοῦ
476 511 718 579 μαρτυρεῖς,
751 510 773 568 ἦ
812 509 1031 577 μαρτυρίαι
1070 529 1146 556 σου
1187 509 1263 556 οὐκ
1304 504 1416 555 ἔστιν
1452 502 1629 563 ἀληθὴς,
1668 506 1705 552 εἰ

76 605 99 644 5
120 592 195 640 καὶ
230 589 302 640 ὅτι
336 588 553 653 μάλιστα
587 594 685 643 τοῖς
715 590 931 651 ἐπιτιμᾶν
958 588 1084 655 αὐτῷ
1118 585 1184 650 μὴ
1218 585 1605 652 παραιτουμένοις
1640 590 1707 652 τῷ

119 671 310 722 πάντων
346 669 589 738 Δεσπότῃ,
628 670 683 721 τὸ
725 667 844 720 κατὰ
885 673 979 720 τῶν
1021 669 1189 719 ἄλλων
1229 666 1289 718 τὰ
1333 667 1550 735 χείριστα
1591 667 1707 731 δρᾶν

119 754 416 816 ὶππηλατῶν.
474 752 605 816 πλὴν
630 753 773 802 ἐκεῖνο
808 751 1010 817 λε’γομεν
1035 748 1360 811 ἀναλαβόντες
1395 751 1617 809 εἰσαῦθις,
1645 749 1706 800 ὡς
1725 758 1752 799 (1

120 835 202 884 οὐκ
239 834 470 900 ἀναγκαία
503 833 588 897 μὲν
615 835 664 884 ἐκ
692 836 894 896 νομικῶν
919 829 1226 895 ἐνταλμοῖτων
1253 831 1280 895 ἡ
1307 835 1402 882 τῶν
1430 828 1707 896 Φαρισαίων

119 916 404 982 ἀντίῤῥησις,
450 914 544 966 ἀπὸ
591 914 640 965 δὲ
683 911 828 978 μόνου
868 913 1157 978 πεποιημένη
1200 918 1284 963 τοῦ
1327 917 1609 979 κρατοῦντος
1659 912 1708 961 ἐν

52 1023 100 1049 10
120 997 357 1065 συνηθείᾳ,
394 996 470 1047 καὶ
508 1002 592 1047 τοῦ
625 995 691 1059 μὴ
727 995 921 1061 πρέπειν
956 997 1205 1048 δοκοῦντος
1242 999 1338 1047 τοῖς
1373 993 1592 1044 ἐπιεικέσι
1625 991 1709 1042 τὸν

119 1077 313 1143 τρόπον·
372 1078 583 1144 λοιδορία
627 1076 676 1128 δὲ
720 1074 913 1140 μᾶλλόν
957 1078 1089 1126 ἐστιν
1133 1076 1161 1139 ἡ
1205 1075 1477 1142 ἀντίῤῥησις
1522 1071 1706 1137 νομικὴ,

121 1157 487 1210 ὑποκλέπτουσά
529 1181 630 1212 πως
675 1159 818 1209 αὐτοῦ
860 1156 968 1211 τοὺς
1012 1156 1101 1221 ἤδη
1150 1155 1472 1222 θαυμάζοντας
1516 1158 1592 1207 καὶ
1638 1154 1710 1206 ὅτι

119 1239 350 1307 προσήκει
393 1240 631 1291 πιστεύειν
670 1238 1110 1300 ἀναπεπεισμένους.
1183 1237 1465 1303 διασύρουσι
1509 1236 1603 1303 γὰρ
1648 1238 1710 1291 ὡς

120 1323 203 1372 οὐκ
242 1322 546 1387 ἀληθεύοντα,
580 1323 655 1372 καὶ
693 1320 780 1385 τὴν
817 1324 913 1371 τῶν
951 1319 1202 1386 εἰρημένων
1240 1320 1408 1385 ἀρτίως
1445 1319 1710 1388 παραφθεί-

53 1423 100 1462 15
119 1426 279 1470 povres·
314 1404 493 1466 πίστιν,
529 1403 634 1453 οὐδὲ
669 1406 771 1470 φῶς
807 1400 926 1453 κατὰ
964 1401 1190 1465 ἀλήθειαν
1222 1399 1340 1452 εἶναί
1371 1406 1515 1470 φασι,
1546 1400 1628 1452 τὸν
1659 1402 1710 1452 ἐκ

121 1488 202 1549 τῆς
230 1486 503 1554 δυσφημίας
529 1484 728 1552 ὄλεθρον
754 1488 855 1537 ταῖς
881 1484 1060 1535 ἑαυτῶν
1079 1484 1420 1536 ἐπαντλοῦντες
1447 1486 1488 1533 οἱ
1515 1483 1708 1534 δειλαιοῖ
1726 1506 1748 1535 e

121 1572 367 1636 κεφαλαῖς.

114 1728 348 1786 ἈΠεκρίθΗ
391 1729 559 1771 ἸΗοοῦε
609 1728 678 1770 καὶ
725 1724 842 1770 εἶπεν
892 1725 1037 1770 αὐτοῖς
1074 1728 1181 1770 Ἐὰν
1225 1728 1309 1776 &sch
1357 1727 1562 1784 μαρτυρῶ
1610 1725 1708 1783 Περὶ
1731 1737 1777 1773 14

187 1812 388 1864 ἐμαυτοῦ,
418 1813 583 1854 &Auem
617 1811 731 1855 ἐστιν
765 1812 787 1853 ἡ
823 1811 1033 1869 μαρτυρία
1068 1826 1160 1863 μου,
1186 1813 1251 1856 ὅτι
1284 1806 1380 1852 οἶδα
1414 1811 1544 1853 Πόθεν
1577 1806 1708 1851 ἦλθον

53 1904 103 1929 20
190 1895 259 1936 καὶ
296 1898 377 1937 Ποῦ
416 1895 580 1943 ὑπάτω.

196 2004 346 2055 Τοῦθ’
375 2003 490 2070 ὅπερ
517 2004 620 2054 ἐστὶ
644 2002 763 2054 κατὰ
790 2002 940 2071 φύσιν
967 2004 1044 2053 καὶ
1077 2004 1268 2066 ἀληθῶς
1297 2000 1461 2053 ἑαυτὸν
1488 1999 1706 2070 φάσκον-

673 2090 693 2100 Α

121 2108 200 2138 τος
226 2083 341 2136 εἶναι
367 2091 449 2136 τοῦ
475 2089 694 2151 Χριστου
720 2091 749 2114 “
767 2084 898 2149 Ἐγὼ
925 2083 1018 2151 γάρ
1044 2089 1136 2148 εἰμι
1162 2083 1216 2135 τὸ
1244 2088 1346 2152 φῶς
1373 2089 1456 2135 τοῦ
1482 2083 1694 2147 κόσμου,’

1698 2082 1709 2098 5

1773 2082 1881 2123 Supra

1772 2137 1839 2157 ver.
1859 2134 1872 2156 1
1881 2134 1908 2156 2.

122 2165 374 2234 διαῤῥήδην
417 2166 661 2235 ἀνεφώνει·
716 2169 999 2234 διεψεῦσθαι
1042 2165 1190 2217 πάλιν
1232 2165 1373 2216 αὐτὸν
1416 2165 1444 2228 ἡ
1490 2165 1708 2234 φιλοκίν-

124 2251 259 2302 δυνος
284 2254 378 2299 τῶν
407 2249 686 2314 Φαρισαίων
713 2247 842 2317 ᾠήθη
869 2247 1071 2312 πληθύς.
1128 2248 1180 2298 οὐ
1207 2246 1301 2313 γὰρ
1328 2245 1508 2315 ᾔδεσαν
1534 2248 1708 2298 ἀσυνε-
1729 2273 1751 2298 a
1775 2264 1865 2299 489
1881 2263 1932 2297 A.

57 2346 105 2384 25
123 2336 309 2384 τοῦντες
348 2329 567 2391 ἐκτόπως,
605 2329 675 2380 ὅτι
713 2329 799 2393 τὴν
835 2329 956 2380 ἰδίαν
989 2329 1107 2382 τινὲς
1147 2328 1261 2379 ὅταν
1298 2351 1352 2393 γε
1391 2329 1711 2393 ἐκδιηγοῦνται

124 2411 288 2480 φύσιν,
328 2413 404 2461 καὶ
441 2410 500 2461 τὰ
537 2411 777 2464 οὐσιωδῶς
816 2411 971 2463 αὐτοῖς
1010 2409 1335 2477 ἐνυπάρχοντα
1373 2410 1617 2476 λέγουσιν,
1658 2411 1712 2461 οὐ

126 2491 436 2562 φιλοκόμπως
467 2492 635 2546 αὐτοὺς
669 2498 808 2543 τοῦτο
843 2496 960 2558 δρᾶν
986 2491 1044 2542 τὰ
1080 2491 1234 2542 εἰκότα
1271 2496 1555 2560 φρονοῦντες
1590 2493 1707 2544 ὑπο-

125 2574 413 2638 τοπήσομεν,
453 2574 563 2624 ἀλλ’
606 2573 709 2625 οὐδὲ
755 2574 902 2643 δόξαν
939 2575 1132 2639 ἐροῦμεν
1172 2577 1450 2641 φιλοθηρεῖν
1490 2572 1575 2638 τὴν
1614 2572 1713 2624 διά-

126 2679 272 2719 κενον,
299 2658 549 2722 ἐκτρανοῦν
577 2655 625 2707 δὲ
659 2660 864 2720 μᾶλλον,
892 2656 1004 2721 ὅπερ
1039 2656 1158 2705 εἰσὶν
1185 2656 1390 2718 ἀληθῶς.
1445 2653 1542 2705 οἷον
1573 2654 1621 2705 δὲ
1656 2655 1713 2720 δή

178 2825 230 2848 ΙΙ.
255 2805 397 2858 λοιδορῧ
417 2814 470 2858 (=
487 2812 658 2858 λοιδορία)
680 2813 722 2848 Β.
739 2812 880 2857 λοιδορὴ
899 2811 966 2846 Ed.
1107 2821 1160 2845 12.
1186 2810 1289 2844 αὐτοῦ
1308 2810 1350 2844 Β.
1369 2810 1488 2845 αὐτοὺς
1507 2809 1627 2844 Holst.
1646 2809 1713 2844 Ed.

131 2872 184 2903 14.
211 2860 408 2906 εἰρημένων]
429 2860 606 2905 ὁρωμένων
623 2871 653 2893 a.
893 2870 947 2903 23.
974 2857 1228 2903 φιλοκίνδυνος]
1248 2857 1494 2901 φιλολοίδορος
1512 2855 1589 2890 Cat.
1611 2856 1711 2890 Harl.

129 2907 270 2941 Desunt
288 2907 371 2942 haec
389 2913 430 2941 ut
446 2906 516 2941 vid.
535 2907 571 2940 in
589 2918 619 2940 a.
740 2917 794 2951 27.
821 2907 1027 2951 φρονοῦντες
1045 2916 1062 2938 e
1081 2903 1157 2938 Cat.
1176 2903 1375 2938 emendavit
1391 2903 1486 2937 Aub.
1504 2903 1715 2947 φρονοῦντας

131 2953 172 2988 Β.
224 2953 349 2988 Statim
367 2953 628 2997 ὑποτοπὴσομεν
647 2952 688 2986 Β.
707 2952 977 2995 ὑποτοπὴσωμεν
996 2950 1061 2985 Ed.
1208 2961 1262 2995 29.
1291 2950 1386 2984 ἐστιν
1405 2949 1481 2984 Cat.
1502 2949 1601 2984 Harl.
