2021 3296
134 163 159 204 i.
178 177 218 215 4.
380 164 451 205 IN
497 165 539 205 S.
574 163 910 205 JOANNEM.
975 161 1098 202 LIB.
1132 162 1167 201 I.
1229 161 1362 202 CAP.
1396 162 1472 202 VI.
1666 164 1717 203 75

133 272 252 341 αὐτῷ
293 270 440 343 ζωη
415 279 473 334 ἦν·
522 276 576 326 οὐ
613 273 773 337 μόνον,
802 275 939 367 φησι,
967 273 1021 323 δι’
1051 274 1194 324 αὑτοῦ
1233 272 1292 322 τὰ
1329 270 1487 323 πάντα
1524 272 1720 337 ἐγένετο,

131 355 262 405 ἀλλὰ
313 358 390 405 καὶ
440 356 523 406 ε’ίτι
573 380 762 422 γεγονεν,
809 360 852 415 ἦν
903 356 941 406 ἐν
992 358 1110 425 αὐτῷ
1158 354 1187 418 ἡ
1239 352 1338 424 ζωη,
1386 353 1643 415 τουτέστιν,
1695 354 1720 403 6

129 436 386 502 μονογενὴς
424 443 506 488 τοῦ
543 442 669 489 Θεοῦ
702 437 873 503 Λόγος,
906 437 934 501 ἡ
972 435 1165 488 πάντων
1195 434 1317 503 ἀρχὴ
1351 436 1428 486 καὶ
1465 434 1720 498 σύστασις,

131 518 315 583 ὁρατῶν
339 541 388 569 τε
415 521 491 570 καὶ
517 519 746 586 ἀοράτων,
772 519 1074 586 ἐπουρανίων,
1101 519 1178 569 καὶ
1204 518 1432 583 ἐπιγείων,
1459 518 1534 567 καὶ
1570 539 1715 567 κατα-

88 614 110 652 5
130 599 347 666 χθονίων.
417 600 556 655 αὐτὸς
589 600 680 668 γὰρ
716 600 940 669 ὑπάρχων
971 601 999 664 ἡ
1035 599 1155 651 κατὰ
1191 599 1341 668 φύσιν
1374 596 1482 664 ζωὴ,
1513 598 1567 649 τὸ
1607 597 1721 649 εἶναι

130 683 206 731 καὶ
245 680 332 747 ζῆν
363 685 439 733 καὶ
478 688 709 734 κινεῖσθαι
747 680 1064 748 πολυτρόπως
1101 686 1197 735 τοῖς
1236 681 1345 731 οὖσι
1385 680 1633 748 χαρίζεται,
1666 682 1760 732 oz’aea
1815 690 1876 725 50
1892 689 1944 724 A·

130 763 250 814 κατὰ
275 764 511 831 μερισμόν
537 788 641 816 τινα
671 767 747 816 καὶ
781 765 1046 815 ἀλλοίωσιν
1073 767 1136 816 εἷς
1163 763 1344 813 ἕκαστα
1369 766 1464 814 τῶν
1489 766 1548 830 τῇ
1575 762 1721 831 φύσει

130 845 444 910 διεστηκότων
484 851 666 915 χωρῶν·
715 847 826 897 ἀλλ’
871 847 900 910 ἡ
944 843 1028 909 μὲν
1068 845 1233 907 κτίσις,
1276 846 1339 897 ὡς
1380 843 1499 910 πρὸς
1540 843 1721 908 ἑαυτὴν,

130 926 299 996 ἀφάτῳ
326 927 516 992 δυνάμει
542 931 619 979 καὶ
645 929 796 998 σοφίᾳ
828 933 911 978 τοῦ
939 931 1246 993 Δημιουργοῦ
1279 927 1595 977 ποικίλλεται·
1637 926 1722 989 μία

63 1027 111 1052 10
131 1007 179 1059 δὲ
204 1009 231 1072 ἡ
258 1008 450 1061 πάντων
477 1009 567 1076 ζωὴ
594 1017 819 1078 χωροῦσα
845 1009 964 1076 πρὸς
990 1009 1206 1071 ἕκαστον,
1228 1010 1291 1062 ὡς
1318 1006 1375 1058 ἂν
1401 1009 1527 1077 αὐτῷ
1551 1007 1722 1075 πρέπῃ,

130 1092 206 1140 καὶ
244 1090 436 1155 δυνήται
470 1096 742 1160 μετασχεῖν.
797 1090 954 1155 ἐπειδὴ
988 1090 1036 1141 δὲ
1062 1089 1115 1141 τὸ
1142 1092 1192 1141 ἐκ
1217 1095 1301 1141 τοῦ
1327 1089 1392 1153 μὴ
1418 1089 1553 1144 ὄντος
1579 1094 1641 1143 εἰς
1667 1088 1722 1141 τὸ

130 1169 243 1222 εἶναι
269 1174 555 1242 παρενεχθὲν
581 1173 763 1240 ἀνάγκη
790 1175 866 1224 καὶ
892 1173 1190 1242 φθείρεσθαι,
1220 1173 1295 1222 καὶ
1330 1170 1385 1223 τὸ
1421 1170 1573 1239 ἀρχὴν
1598 1170 1723 1226 ὅλως

128 1252 237 1321 ε”χον
268 1259 331 1308 εἷς
365 1255 502 1309 τέλος
531 1256 778 1321 ἐπείγεται·
826 1254 947 1322 μόνῃ
986 1253 1080 1321 γὰρ
1118 1258 1176 1322 τῇ
1216 1255 1318 1322 θείᾳ
1356 1255 1431 1304 καὶ
1469 1252 1529 1304 τὰ
1566 1252 1767 1306 πάνταῐο

132 1337 432 1406 ὑπερκειμένῃ
470 1337 626 1406 φύσει,
665 1336 720 1388 τὸ
759 1336 875 1401 μήτε
918 1335 1012 1387 ἀπὸ
1058 1337 1206 1404 ἀρχῆς
1251 1334 1430 1403 ἧρχθαί
1469 1358 1607 1397 τινος,
1647 1336 1723 1386 καὶ

64 1437 110 1475 15
132 1419 449 1484 ἀτελευτήτως
494 1418 607 1470 εἶναι
651 1419 832 1485 πρέπεν
891 1417 1136 1486 σοφίζεται
1179 1416 1358 1484 τρόπον
1399 1416 1504 1468 τινὰ
1549 1416 1635 1481 τὴν
1674 1418 1723 1468 ἐν

131 1505 227 1554 τοῖς
267 1502 592 1566 πεποιημένοις
637 1501 883 1552 ἀσθένειαν
914 1501 939 1550 6
979 1499 1294 1566 Δημιουργὸς,
1334 1501 1410 1550 καὶ
1453 1500 1726 1566 μηχανᾶταί

130 1605 232 1636 πως
258 1585 308 1634 ἐκ
343 1583 509 1651 τέχνης
544 1584 698 1637 αὐτοῖς
723 1581 778 1634 τὸ
805 1582 968 1634 ἀΐδιον.
1024 1586 1070 1633 αἱ
1097 1581 1190 1648 γὰρ
1218 1585 1280 1635 εἰς
1305 1582 1509 1632 ἕκαστον
1533 1583 1602 1632 ἀεὶ
1626 1586 1722 1633 τῶν

132 1665 306 1727 ὁμοίων
356 1667 582 1733 διαδοχαὶ,
631 1667 707 1716 καὶ
755 1669 848 1715 τῶν
900 1665 1140 1730 ὁμογενῶν
1191 1663 1219 1728 ἢ
1278 1665 1505 1727 ὁμοειδῶν
1555 1667 1602 1714 αἱ
1658 1667 1721 1717 εἷς

131 1746 326 1811 ἄλληλα
351 1746 639 1810 μεταβάσεις
665 1749 865 1815 φυσικαὶ
891 1746 1008 1813 πρὸς
1034 1745 1117 1796 τὸν
1142 1745 1314 1814 ἐφεξῆς
1346 1747 1415 1796 ἀεὶ
1446 1744 1721 1807 βλέπουσαι

64 1852 113 1877 20
131 1827 320 1895 δρόμον,
346 1831 546 1897 ἀειφανῆ
583 1827 669 1890 μὲν
700 1827 786 1892 τὴν
817 1828 974 1878 κτίσιν
1004 1826 1291 1893 ἐργάζονται,
1323 1827 1640 1878 ἀεισύστατον
1671 1825 1721 1877 δὲ

130 1913 196 1979 τῷ
233 1909 507 1975 πεποιηκότι
545 1915 742 1976 τηροῦσι
782 1911 905 1979 Θεῷ.
971 1911 1047 1960 καὶ
1086 1914 1224 1960 τοῦτο
1263 1909 1355 1976 ἄρα
1391 1910 1494 1959 ἐστὶ
1533 1907 1587 1959 τὸ
1625 1913 1759 1962 τῶνο

131 1994 279 2046 ὄντων
318 1995 521 2046 ἕκαστον
558 1997 606 2045 ἐν
645 1995 793 2063 ἑαυτῷ
831 1993 1041 2059 σπείρειν
1079 1991 1274 2058 σπέρμα
1313 1990 1433 2043 κατὰ
1472 1991 1605 2057 γένος
1643 1993 1720 2042 καὶ

130 2078 237 2128 καθ’
275 2077 515 2140 ὁμοίωσιν,
546 2075 666 2127 κατὰ
705 2075 790 2140 τὴν
824 2076 1011 2144 ἄφατον
1047 2080 1130 2125 τοῦ
1168 2076 1562 2140 δημιουργοῦντος
1602 2072 1720 2124 ἀπό-

131 2162 298 2226 φασιν.
379 2156 421 2219 ἧν
472 2158 554 2209 οὖν
605 2159 642 2210 ἐν
692 2156 875 2209 ἅπασιν
928 2157 954 2220 ἡ
1008 2155 1104 2227 ζωὴ,
1155 2162 1296 2207 τοῦτο
1346 2154 1440 2222 γὰρ
1492 2154 1545 2206 τὸ
1595 2178 1714 2222 προ-

62 2258 110 2296 25
131 2241 352 2302 κείμενον.

202 2323 344 2373 Ἀλλ’
372 2320 408 2373 ὦ
442 2321 686 2383 βέλτιστε·
739 2320 886 2372 πάλιν
922 2322 1016 2388 ἐρεῖ
1047 2343 1117 2374 τις
1154 2319 1363 2386 εὐλόγως
1394 2317 1513 2386 πρὸς
1548 2317 1632 2369 τὸν
1661 2322 1720 2387 τῇ

130 2406 326 2474 ἀληθείᾳ
352 2403 621 2472 μαχόμενον
647 2402 895 2470 αἱρετικόν’
936 2403 985 2454 τί
1015 2404 1090 2454 καὶ
1126 2401 1246 2469 πρὸς
1280 2407 1419 2453 τοῦτο
1450 2402 1578 2466 ἐρεῖς,
1606 2399 1721 2450 ὅταν

130 2486 338 2555 ἀκούσῃς
387 2492 470 2537 τοῦ
519 2486 912 2555 πνευματοφόρου
963 2485 1201 2551 λέγοντος,
1255 2486 1318 2537 ὡς
1369 2484 1407 2534 ἓν
1451 2487 1574 2533 πᾶσι
1624 2487 1720 2536 τοῖς

131 2568 453 2633 γεγενημένοις
491 2565 532 2628 ἧν
563 2569 591 2631 ἡ
627 2566 724 2638 ζωὴ,
760 2568 1019 2629 τουτέστιν,
1056 2567 1080 2617 ὁ
1118 2564 1274 2631 Λόγος
1315 2566 1339 2615 6
1379 2563 1445 2614 ὧν
1478 2565 1526 2613 ἐν
1560 2565 1714 2630 ἀρχῇ,

63 2670 112 2705 30
131 2648 223 2716 ἆρα
258 2651 334 2701 καὶ
373 2655 454 2700 νῦν
481 2649 835 2713 ἀπο-τολμήσεις
871 2653 1028 2711 εἰπεῖν,
1056 2650 1118 2701 ὡς
1154 2649 1238 2698 οὐκ
1272 2646 1404 2697 ἔστιν
1430 2647 1480 2696 ἐκ
1517 2648 1601 2708 τῆς·
1634 2651 1719 2696 τοῦ

182 2774 210 2797 Ι.
237 2764 279 2797 τὰ
295 2762 402 2796 πάντα
420 2761 461 2796 δι’
480 2762 581 2797 αὐτοῦ
599 2762 670 2796 inv.
689 2761 764 2796 ord.
784 2761 826 2796 Β.
1002 2762 1033 2795 8.
1061 2761 1253 2794 διεστώτων
1271 2758 1300 2792 I.
1321 2758 1427 2793 Cord.
1493 2761 1608 2803 χορῶν
1625 2757 1719 2794 Ῑ).Ε.

131 2809 250 2853 ἑαυτὴν
268 2809 408 2844 B.D.E.
429 2808 493 2842 Ed.
513 2821 584 2853 mg.
603 2809 721 2843 ἑαυτὸν
742 2808 808 2842 Ed.
1036 2819 1069 2852 9.
1097 2807 1232 2850 δυνάμει
1250 2805 1303 2839 καὶ
1321 2805 1431 2850 σοφίᾳ
1450 2803 1516 2838 hoc
1533 2804 1656 2838 ordine
1675 2805 1718 2840 Β.

135 2884 188 2918 13.
215 2887 268 2906 και
286 2872 327 2907 τὰ
346 2872 387 2905 Β.
406 2872 488 2905 κατὰ
507 2871 574 2905 Ed.
675 2882 728 2913 14.
752 2870 853 2916 ἦχθαι
875 2871 916 2904 Β.
1017 2879 1069 2912 ῐ5.
1092 2859 1315 2912 ἀτελεύτητῗς
1334 2868 1376 2901 Β.
1476 2879 1530 2912 19.
1553 2867 1716 2913 φυσικαὶ]

130 2920 238 2964 φύσει
256 2920 310 2952 καὶ
330 2918 371 2952 Β.
388 2933 445 2964 γρ.
464 2918 517 2961 (=
537 2918 666 2962 γράφε)
684 2917 791 2962 φυσει
810 2932 862 2951 και
885 2918 915 2951 D
934 2929 1007 2961 mg.
1175 2926 1230 2949 22.
1257 2929 1410 2957 σπειρειν
1430 2914 1470 2948 Β.
1489 2917 1630 2959 σπεῖρον
1650 2914 1717 2948 Ed.

133 2977 187 3011 23.
214 2967 393 3010 ὁμοιότητα
414 2966 453 2999 ss.
646 2964 701 3000 26.
726 2965 876 3009 εὐλόγως
894 2963 1038 2997 accessit
1055 2975 1095 2996 ex
1117 2962 1157 2996 B.
1164 2962 1191 2995 Ι.
1213 2962 1240 2995 (
1235 2962 1318 2995 ord.

893 3031 915 3057 1,
938 3031 960 3059 2
