2084 3317
132 191 158 231 i.
181 191 245 232 18.
391 190 464 231 IN
506 190 549 230 S.
582 189 917 230 JOANNEM.
980 190 1105 231 LIB.
1140 191 1175 231 Ι.
1238 192 1373 232 CAP.
1408 193 1461 234 X.
1643 195 1724 234 157

132 297 497 365 ὀνομαζομένων,
538 295 587 349 ε”ν
631 321 681 349 τε
727 299 909 367 οὐρανῷ
952 300 1030 350 καὶ
1071 301 1146 350 ἐπὶ
1190 302 1274 363 τῆς
1318 302 1407 365 γῆς
1448 304 1542 350 τῶν
1581 305 1719 364 θεῶν,
1743 324 1764 349 e

131 383 243 435 Θεός
293 381 396 431 ε’στι
448 379 690 446 Μονογενῇς
742 381 766 430 ὁ
818 380 947 442 Υἱὸς,
998 381 1090 449 ἔξω
1142 380 1363 444 δηλονότι
1414 385 1508 432 τῶν
1557 381 1724 432 ἄλλων

129 463 343 524 κείσεται,
371 463 444 513 καὶ
481 463 563 513 οὐκ
599 463 648 512 ἐν
678 467 774 516 τοῖς
806 461 926 513 κατὰ
963 463 1102 530 χάριν
1127 463 1370 532 τετάξεται
1409 467 1544 517 θεοῖς·
1588 463 1724 514 ἔσται

129 543 177 595 δὲ
202 548 393 605 μᾶλλον
418 542 535 606 μετὰ
563 545 756 611 Πατρὸς
782 543 1022 609 ἀληθινός
1067 546 1188 595 οὕτω
1216 545 1308 612 γὰρ
1336 546 1445 609 ἡμῖν
1473 547 1497 596 ὁ
1526 549 1724 599 Παῦλος

87 646 109 685 5
129 624 441 693 συναρμόττει
475 625 629 689 λεγων
656 633 684 655 “
702 627 850 688 Ημιν
883 626 930 677 δε
965 649 1027 680 εις
1056 626 1178 680 Θεος
1216 628 1241 677 ὁ
1269 626 1454 693 Πατὴρ,
1480 627 1537 696 ἐξ
1573 628 1626 678 οὗ
1665 627 1724 678 τὰ

130 707 350 770 “παντα,
378 710 453 758 καὶ
485 707 549 762 εἷς
579 708 752 774 Κύριος
778 709 966 772 Ἰησοῦς
994 707 1223 775 Χριστος,
1252 709 1307 760 δι’
1338 709 1392 760 οὗ
1426 709 1485 760 τὰ
1520 708 1707 761 παντα·’

127 788 228 844 ἑνὸς
261 789 355 856 γὰρ
392 789 525 844 ὄντος
560 789 680 841 κατὰ
715 790 865 860 φύσιν
891 794 1018 842 Θεου
1052 797 1134 842 τοῦ
1165 791 1369 857 Πατρος,
1397 793 1479 842 οὐκ
1516 791 1608 861 ἐξω
1642 798 1725 843 τοῦ

128 870 242 923 εἶναι
281 872 402 926 Θεὸς
441 873 466 922 ὁ
507 872 564 941 ἐξ
605 873 748 923 αὐτοῦ
789 875 864 923 καὶ
906 874 954 923 ἐν
993 873 1119 942 αὐτῷ
1161 879 1293 937 μενεῖ
1328 872 1499 939 Λόγος,
1538 876 1597 941 τῇ
1640 880 1724 925 τοῦ

127 954 445 1019 γεννήσαντος
472 954 664 1018 ἰδιότητι
689 956 976 1021 διαπρέπων,
1004 956 1080 1006 καὶ
1106 956 1347 1009 οὐσιωδῶς
1374 956 1493 1022 πρὸς
1525 955 1579 1007 τὸ
1617 957 1724 1007 ’ίσον

62 1062 108 1087 ιο
127 1037 394 1097 ἀναβαίνων
419 1037 617 1105 ἀξίωμα,
646 1036 767 1088 κατά
792 1060 847 1102 γε
874 1036 928 1087 τὸ
954 1034 1069 1087 εἶναι
1093 1036 1211 1088 κατὰ
1240 1037 1389 1106 φύσιν
1419 1038 1557 1091 Θεός.
1743 1049 1769 1089 (1

201 1117 297 1169 Διά
321 1141 393 1169 τοι
421 1123 559 1170 τοῦτο
585 1121 659 1169 καὶ
686 1120 735 1169 ἐν
758 1122 951 1171 κόλποις
979 1117 1120 1170 αὐτὸν
1143 1117 1260 1170 εἶναί
1283 1124 1407 1188 φησι
1435 1122 1506 1171 τοῦ
1535 1121 1722 1190 Πατρὶς,

126 1201 201 1251 ἵνα
242 1198 389 1252 πάλιν
433 1203 592 1269 ἐννοῇς
637 1201 691 1251 τὸ
738 1202 786 1251 ἐν
828 1202 955 1270 αὐτῷ
1001 1202 1074 1251 καὶ
1122 1201 1179 1270 ἐξ
1222 1202 1365 1252 αὐτοῦ
1410 1202 1529 1252 κατὰ
1577 1202 1631 1252 τὸ
1674 1203 1722 1253 ἐν

127 1285 343 1350 ψαλμοῖς
369 1282 608 1349 εἰρημένον
637 1290 661 1312 “
682 1283 770 1333 Ἐκ
796 1281 1009 1348 γαστρὸς
1034 1282 1128 1349 πρὸ
1155 1281 1407 1351 ἑωσφόρου
1433 1283 1723 1352 ἐξεγέννησά

127 1371 153 1393 “
174 1365 277 1415 σε.”
307 1362 469 1431 ὥσπερ
496 1364 588 1430 γὰρ
615 1367 663 1415 ἐν
689 1365 855 1434 τούτῳ,
877 1363 931 1415 τό
959 1363 1046 1415 Ἐκ
1071 1365 1297 1431 γαστρὸς,
1319 1364 1394 1416 διὰ
1420 1365 1473 1416 τὸ
1501 1366 1558 1435 ἐξ
1581 1368 1723 1418 αὐτοῦ

61 1467 106 1506 15
127 1448 201 1496 καὶ
228 1447 438 1511 γνησίως
464 1447 666 1511 τίθησιν,
689 1449 750 1500 ὡς
777 1447 833 1515 ἐξ
858 1446 1132 1511 ὁμοιότητος
1158 1447 1307 1499 πάλιν
1334 1451 1415 1512 τῆς
1444 1449 1552 1499 καθ’
1582 1448 1719 1512 ἡμᾶς·

124 1527 311 1593 πρόεισι
345 1527 438 1594 γὰρ
471 1531 520 1579 ἐκ
550 1528 760 1594 γαστρὸς
795 1528 854 1580 τὰ
889 1529 945 1598 ἐξ
978 1529 1241 1596 ἀνθρώπων
1268 1530 1554 1595 γεννώμενα·
1599 1531 1722 1581 οὕτω

124 1612 200 1660 καὶ
228 1610 304 1661 ὅτε
330 1609 385 1661 τό
409 1609 494 1661 Ἐν
514 1612 678 1680 κόλπῳ
706 1613 843 1680 φησὶ,
864 1614 1115 1680 μονονουχὶ
1142 1612 1370 1672 βούλεται
1397 1616 1574 1677 δηλοῦν
1594 1615 1642 1663 ἐν
1663 1616 1721 1681 τῇ

126 1698 209 1743 τοῦ
237 1691 429 1758 Πατρὸς
464 1692 607 1756 νηδύϊ>
630 1693 848 1761 γεννώσῃ
885 1692 971 1757 μὲν
997 1691 1079 1744 τὸν
1104 1692 1221 1744 Υὶὸν
1247 1695 1549 1762 ἐκφαντικῶς,
1577 1697 1639 1748 ὡς
1673 1696 1721 1745 ἐν
1738 1718 1760 1743 e

122 1773 359 1843 ἐκλάμψει
395 1778 644 1840 θεοπρεπεῖ
675 1776 750 1825 καὶ
785 1773 971 1845 ἀρῥήτω
1010 1778 1100 1826 τινὶ
1134 1774 1322 1845 προόδῳ
1356 1779 1413 1843 τῇ
1447 1776 1565 1842 πρὸς
1600 1779 1721 1827 ἰδίαν

55 1880 104 1904 20
125 1855 409 1917 ὑπόστασιν,
437 1857 614 1924 ἐχούσῃ
645 1856 694 1907 δὲ
724 1856 872 1908 πάλιν
899 1856 1057 1916 αὐτὸν,
1086 1859 1184 1908 ἐπεὶ
1211 1857 1275 1922 μὴ
1303 1856 1422 1908 κατὰ
1449 1858 1716 1923 ἀποκοπὴν,

121 1937 224 2001 ἤτοι
251 1936 483 2004 μερισμὸν
508 1938 590 1989 τὸν
616 1938 735 1989 κατὰ
762 1943 918 2003 σῶμα,
945 1938 999 1990 τὸ
1028 1944 1151 1991 θεῖον
1177 1942 1226 1991 ἐκ
1255 1939 1447 2007 Πατρὸς
1475 1942 1718 2009 προέκοψε

121 2020 345 2086 γέννημα.
400 2023 475 2070 καὶ
511 2026 626 2086 γοῦν
658 2022 683 2072 ὁ
709 2020 823 2075 Υἱός
857 2045 950 2073 που
986 2024 1153 2090 φησὶν,
1181 2024 1243 2076 ὡς
1273 2022 1340 2087 ε’ίη
1376 2022 1460 2086 μὲν
1496 2023 1636 2077 αὐτὸς
1671 2026 1720 2074 ἐν

123 2105 293 2168 Πατρὶ,
318 2102 414 2170 ἔχοι
441 2102 490 2153 δὲ
516 2104 574 2153 αὖ
605 2101 754 2155 πάλιν
781 2106 829 2154 ἐν
855 2105 1003 2174 ἑαυτῷ
1038 2103 1121 2156 τὸν
1150 2104 1358 2172 Πατέρα.
1399 2104 1453 2156 τὸ
1481 2104 1574 2171 γὰρ
1602 2106 1720 2156 ’ίδιον

121 2183 234 2236 αὐτὸ
269 2187 352 2248 τῆς
387 2190 470 2235 τοῦ
500 2184 693 2251 Πατρὸς
730 2187 895 2240 οὐσίας
933 2190 1150 2255 φυσικῶς
1186 2189 1347 2250 διῆκον
1373 2191 1435 2241 εὶς
1471 2186 1553 2238 τὸν
1580 2185 1716 2250 Υὶὸν,

55 2283 102 2322 25
120 2267 168 2317 ἐν
194 2268 319 2336 αὐτῷ
346 2268 554 2318 δείκνυσι
579 2267 662 2318 τὸν
691 2268 899 2335 Πατέρα’
941 2269 1033 2337 ἔχει
1066 2269 1114 2320 δὲ
1148 2270 1206 2319 αὖ
1240 2268 1389 2320 πάλιν
1416 2271 1440 2320 ὁ
1472 2269 1642 2335 Πατὴρ
1670 2271 1718 2320 ἐν

121 2350 269 2419 ἑαυτῷ
319 2349 402 2400 τὸν
443 2349 562 2400 Υὶὸν
605 2354 663 2418 τῇ
712 2350 1073 2421 ἀπαραλλάκτῳ
1119 2354 1201 2415 τῆς
1254 2352 1419 2405 οὐσίας
1468 2350 1716 2416 ταυτότητι
1736 2378 1757 2401 a

119 2430 402 2498 ῥιζούμενον,
430 2436 507 2482 καὶ
541 2430 839 2500 ἐκπεφυκότα
872 2432 956 2495 μὲν
984 2435 1047 2487 ὡς
1082 2433 1138 2502 ἐξ
1169 2435 1327 2496 αὐτοῦ,
1354 2434 1484 2498 πλὴν
1511 2435 1565 2485 οὐ
1598 2434 1717 2485 κατὰ

119 2513 352 2580 μερισμὸν
377 2512 406 2578 ἢ
435 2513 691 2565 διάστασιν
714 2514 925 2579 τοπικὴν,
953 2516 1064 2565 ἀλλ’
1094 2514 1420 2583 ἐνυπάρχοντά
1452 2538 1502 2566 τε
1540 2519 1616 2566 καὶ
1650 2518 1718 2566 ἀεὶ

119 2595 502 2663 συνυπάρχοντα·
539 2598 661 2647 οὕτω
688 2596 744 2660 δὴ
773 2602 966 2661 μᾶλλον
993 2599 1203 2659 εὐσεβῶς
1229 2597 1283 2648 τὸ
1310 2600 1358 2649 ἐν
1379 2597 1575 2651 κόλποις
1602 2596 1716 2649 εἶναι

0 2697 1 2703 ’
51 2698 102 2734 3ο
120 2682 202 2727 τοῦ
233 2676 422 2743 Πατρὸς
448 2677 813 2748 παραδεξόμεθα
838 2678 922 2729 τὸν
949 2678 1081 2742 Υἱὸν,
1109 2680 1162 2730 οὐ
1189 2679 1402 2746 καθάπερ
1429 2679 1721 2749 ἐξειλήφασί

0 2673 1 2695 1

0 2807 3 2863 ξ
168 2825 200 2849 2.
226 2817 244 2848 ὁ
261 2816 340 2851 Υἱὸς
356 2822 579 2862 assumptum
595 2828 637 2851 ex
657 2817 733 2853 B.a.
754 2817 862 2852 Cord.
1046 2828 1079 2864 5.
1107 2820 1159 2852 καὶ
1178 2830 1241 2875 pro
1260 2820 1278 2851 ὁ
1298 2818 1339 2851 Β.
1534 2829 1586 2853 11.
1612 2819 1716 2853 αὐτὸν

0 2865 3 2878 4

120 2867 200 2905 post
216 2863 306 2907 φησι
324 2863 522 2907 transponit
540 2863 582 2898 B.
599 2864 716 2898 invitis
736 2864 890 2900 Catenis.
1103 2876 1155 2899 12.
1181 2863 1220 2899 ἵν’
1241 2865 1282 2898 Ε.
1335 2864 1461 2898 Statim
1478 2865 1616 2899 πάλιν’
1600 2869 1716 2910 εννοῇς

119 2908 187 2942 hoc
204 2908 326 2942 ordine
345 2908 386 2943 Β.
390 2920 419 2942 a.
440 2908 546 2943 Cord.
636 2910 671 2945 ἐν
687 2922 757 2945 om.
779 2911 818 2945 B.
909 2912 944 2946 ἐν
960 2913 1049 2958 αὐτῷ
1068 2918 1100 2946 et
1118 2913 1156 2956 ἐξ
1180 2911 1282 2945 αὐτοῦ
1304 2912 1393 2945 inter
1404 2924 1448 2969 ’se
1466 2913 1664 2957 transponit
1682 2925 1713 2947 a.

121 2965 176 2999 2.3
204 2955 239 2989 δέ
260 2955 301 2990 Β.
305 2955 348 2989 Ε.
365 2954 393 2989 δ’
414 2955 480 2990 Ed.
632 2966 687 3002 25.
712 2957 748 2992 δέ
770 2958 811 2992 Β.
815 2958 856 2992 Ε.
876 2957 904 2992 δ’
925 2958 992 2993 Ed.
1143 2958 1197 2992 26.
1223 2958 1281 2993 τὸν
1298 2959 1377 2993 Υἱὸν
1395 2958 1430 2992 ἐν
1447 2959 1553 3005 ἑαυτῷ
1572 2960 1714 2994 inverso

120 3000 241 3036 ordine
263 3001 302 3036 Β.
354 3001 480 3036 Statim
497 3004 537 3046 τῇ
554 3006 778 3049 assumptum
796 3017 837 3039 ex
857 3005 898 3039 Β
905 3005 949 3040 D.
955 3006 998 3040 E.

1791 632 1801 652 1
1823 622 1896 653 Cor.

1786 666 1852 697 viii.
1873 665 1902 697 6.

1786 1289 1839 1319 Ps.
1859 1290 1922 1320 cix.

1787 2369 1870 2403 106
1888 2368 1937 2403 Α.
