2084 3317
358 168 442 206 354
760 168 810 208 B.
844 169 1115 209 CYRILLI
1158 169 1535 209 ALEXANDR.
1817 178 1943 219 v.30.

359 274 451 340 γὰρ
487 273 702 340 θεότητος
738 280 819 340 τῆς
855 279 902 328 ἐν
933 281 1085 343 Πατρὶ
1113 280 1186 328 καὶ
1215 280 1315 347 Υἱῷ
1343 276 1606 341 νοουμένης,
1634 276 1768 327 ἔσται
1795 274 1944 338 δήπου

320 355 547 410 θπάντως
583 360 656 408 καὶ
693 357 880 423 θέλημα
915 359 1100 421 ταύτὸν,
1133 362 1235 410 οὔτε
1273 359 1319 410 δὲ
1357 361 1404 409 ἐν
1433 361 1602 424 Πατρὶ,
1629 360 1731 409 οὔτε
1769 356 1862 420 μὴν
1897 358 1945 407 ἐν

358 442 471 508 weg),
514 438 542 503 ἦ
590 442 663 490 καὶ
710 445 775 509 τῷ
814 442 963 510 Ἀγίῳ
1012 441 1253 502 Πνεύματι
1298 439 1629 506 στασιάζουσα
1673 462 1787 490 ποτε
1832 439 1941 489 καθ’

358 522 522 584 ἑαυτῆς
567 522 594 584 ἡ
640 522 739 572 θεία
784 523 930 590 φύσις
969 522 1265 586 νοηθήσεται,
1305 524 1416 573 ἀλλ’
1458 522 1572 588 ὅπερ
1612 521 1668 572 ἂν
1707 521 1840 590 δόξαι
1879 526 1945 589 τῷ

361 604 515 667 Πατρὶ
542 603 698 670 τυχὸν,
726 609 863 654 τοῦτο
889 603 1048 667 πάσης
1076 606 1179 654 ἐστὶ
1206 607 1287 667 τῆς
1314 602 1532 667 θεότητος
1559 603 1758 667 θέλημα.
1964 617 1986 655 5

433 685 725 750 Ἀναγκαίως
764 692 1015 752 τοιγαροῦν
1048 688 1072 737 ὁ
1104 686 1232 749 Υἱὸς,
1264 684 1611 750 συνευδοκητὴν
1642 684 1806 750 ὥσπερ
1843 684 1946 734 τινὰ

360 790 433 816 και
465 766 877 832 συγκατανεύοντα
909 772 974 837 τῷ
1003 770 1158 834 Πατρι
1190 791 1309 834 προς
1341 767 1426 832 τὴν
1451 769 1523 836 ἐφ’
1553 765 1680 836 ᾧπερ
1715 765 1772 817 ἂν
1798 766 1946 834 δόξειε

359 849 591 917 ψῆφον,
570 848 735 900 εαυτὸν
761 851 981 918 εἰσφέρει,
1010 848 1074 914 μὴ
1103 850 1341 901 δύνασθαι
1362 873 1407 900 τι
1433 851 1549 916 δρᾶν
1574 846 1946 917 εξηγούμενος,ὃ

358 930 423 994 μὴ
450 929 638 984 πάντως
670 933 772 982 ἐστὶ
803 954 923 982 κατα
948 931 1142 998 γνώμην
1166 937 1249 982 τοῦ
1279 931 1485 998 Πατρός·
1537 936 1676 982 τοῦτο
1712 954 1804 996 γαρ
1838 930 1947 994 ἡμῖν

359 1013 579 1077 σημαίνει
613 1011 667 1064 τό
702 1017 806 1065 ”Απ
841 1016 1043 1081 ἐμαυταν.
1097 1013 1262 1079 ὥσπερ
1295 1012 1351 1064 ἂν
1383 1018 1420 1065 εἰ
1455 1013 1587 1078 λεγοι
1618 1011 1682 1076 μὴ
1716 1012 1947 1063 δύνασθαι
1970 1031 2017 1056 10

137 1103 226 1137 240
240 1100 292 1138 A·
321 1111 343 1136 a
361 1097 478 1161 δρᾶν
504 1095 750 1161 ἁμαρτίαν,
778 1096 861 1146 οὐκ
886 1095 943 1145 ἄν
969 1119 1035 1164 τῳ
1063 1095 1197 1164 δόξαι
1224 1095 1409 1149 δικαίως
1435 1095 1679 1148 ἀσθενείας
1706 1096 1949 1158 ὑπομεῖναι

139 2407 246 2447 Supra

138 2461 206 2481 ver.
228 2450 278 2481 28.

360 1176 567 1244 γραφὴν,
593 1176 866 1245 ἐξηγεῖσθαι
893 1178 941 1227 δὲ
967 1182 1158 1240 μᾶλλον
1184 1175 1481 1245 ἀξιάγαστόν
1509 1200 1551 1226 τι
1587 1178 1661 1227 καὶ
1698 1176 1949 1241 θεοπρεπὲς

359 1261 442 1321 τῆς
469 1259 635 1311 οἰκείας
662 1259 854 1326 φύσεως
881 1259 1066 1322 ἰδίωμα·
1122 1258 1192 1308 ὅτι
1219 1257 1313 1324 γὰρ
1340 1257 1570 1324 ἅτρεπτός
1598 1281 1646 1308 τε
1682 1260 1756 1308 καὶ
1792 1260 1942 1307 ἀναλ-

358 1340 555 1393 λοίωτος
597 1339 793 1407 ὑπάρχει
832 1341 996 1391 δίδωσι
1037 1344 1172 1390 νοεῖν
1229 1341 1375 1393 οὕτως
1414 1339 1528 1390 ὅταν
1564 1341 1645 1407 ἀφ’
1680 1341 1844 1390 ἑαυτοῦ
1882 1337 1947 1402 μὴ

359 1422 595 1473 δύνασθαί
648 1445 692 1472 τι
748 1426 897 1473 ποιεῖν
948 1422 1176 1489 ὁμολογῇ,
1228 1420 1703 1487 καταπλαγησόμεθα
1758 1425 1949 1484 μᾶλλον
1971 1440 2018 1479 15

360 1503 552 1573 φύσεως
591 1504 822 1601 ἀτρεπτου
862 1501 1044 1567 καρπὸν
1083 1504 1281 1569 ὁρῶντες
1319 1502 1373 1553 τὸ
1413 1503 1660 1570 ἄτρεπτον,
1702 1502 1822 1569 ἠπερ
1866 1504 1949 1553 οὐκ

359 1587 582 1652 εὐκαίρως
633 1587 693 1638 ὡς
745 1586 991 1639 ἀσθενειας
1035 1608 1330 1649 σημαντικον
1372 1585 1425 1636 τὸ
1472 1585 1536 1649 μὴ
1583 1586 1815 1636 δύνασθαι
1859 1591 1944 1636 λο-

358 1666 598 1732 γιούμεθα.

434 1753 598 1799 Ταῦτα
639 1749 686 1800 δὲ
723 1749 871 1800 πάλιν
911 1749 1019 1812 ἡμῖν
1058 1747 1308 1814 ἀναλόγως
1348 1748 1432 1811 μὲν
1470 1753 1565 1802 τοῖς
1604 1748 1842 1815 ἡμετέροις
1882 1752 1945 1799 εἱ-

315 1830 526 1897 ϋρήσθω
570 1831 768 1897 μέτροις·
839 1829 1066 1896 ἐρευνοῖτω
1117 1830 1164 1881 δὲ
1216 1832 1240 1881 ὁ
1289 1830 1562 1900 φιλομαθὴς
1604 1829 1663 1881 τὰ
1706 1831 1946 1890 βελτίονα.
1971 1855 2021 1879 20

360 1915 692 1978 διερμηνεῦσαι
732 1912 882 1978 γεμὴν
922 1915 996 1963 καὶ
1043 1912 1207 1977 ἑτέρως
1253 1912 1307 1964 τὸ
1352 1912 1495 1978 ῥητὸν
1534 1913 1617 1963 οὑκ
1661 1912 1947 1976 ὀκνήσομεν,

359 1996 517 2061 βραχύ
551 2017 595 2044 τι
629 1999 724 2045 τῶν
756 1997 838 2058 τῆς
877 1993 1095 2058 θεότητος
1136 1994 1259 2060 ὅρων
1296 1997 1371 2044 καὶ
1410 1997 1491 2057 τῆς
1530 2000 1613 2045 τοῦ
1648 1997 1951 2058 Μονογενοῦς

360 2079 591 2143 ὑπεροχῆς
633 2076 713 2127 τὸν
750 2076 898 2141 λόγον
932 2074 1313 2141 ὑποβιβάζοντες·
1368 2078 1443 2126 καὶ
1481 2077 1666 2141 ἐπείπερ
1704 2076 1951 2140 ἅνθρωπος

361 2158 530 2225 γέγονέ
564 2181 613 2208 τε
657 2157 803 2212 ὅντως
846 2160 921 2209 καὶ
964 2157 1301 2226 κεχρημάτικεν
1344 2159 1367 2208 ὁ
1409 2157 1538 2220 Υἱὸς,
1584 2160 1657 2209 ἐπὶ
1704 2157 1790 2221 τὴν
1833 2159 1951 2221 μετὰ

360 2241 540 2307 σαρκὸς
583 2240 849 2302 οἰκονομίαν
890 2238 976 2304 τὴν
1016 2245 1110 2290 τῶν
1151 2239 1466 2305 θεωρημάτων
1508 2240 1950 2307 μεταῤῥυθμίζοντες
1972 2260 2019 2299 25

362 2323 572 2385 δύναμιν,
600 2324 812 2388 συγγενῆ
851 2345 901 2373 τε
940 2323 1014 2372 καὶ
1053 2321 1330 2386 συνημμένα
1368 2327 1465 2375 τοῖς
1503 2320 1950 2388 προαποδεδομένοις

363 2406 439 2456 καὶ
477 2403 536 2456 τὰ
573 2403 746 2473 ἐφεξῆς
782 2403 1131 2457 ἐπιδεικνύντες.
1187 2405 1354 2454 οὐκοῦν
1394 2403 1464 2454 ὅτι
1504 2405 1579 2454 καὶ
1619 2411 1644 2433 “
1666 2403 1952 2454 ἀκούσονται

324 2507 345 2533 c
364 2495 390 2517 ‘⁶
418 2489 500 2550 τῆς
531 2488 692 2555 φωνῆς
724 2486 867 2536 αὐτοῦ
891 2483 1063 2538 πάντες
1089 2487 1132 2535 οἱ
1157 2486 1205 2535 ἐν
1232 2490 1328 2539 τοῖς
1353 2486 1630 2549 μνημείοις,”
1660 2489 1736 2535 καὶ
1770 2484 1841 2535 ὅτι
1876 2486 1952 2535 καὶ

361 2566 697 2634 κριθησόμενοι
740 2567 1113 2634 προελεύσονται
1157 2567 1496 2633 διεμαρτύρατο
1544 2570 1730 2635 σαφῶς.
1795 2565 1951 2630 ἐπειδὴ

362 2651 412 2701 δὲ
456 2647 590 2718 ἅπαξ
631 2652 694 2703 εἰς
737 2648 821 2700 τὸν
863 2650 969 2715 περὶ
1019 2654 1102 2699 τοῦ
1147 2649 1316 2715 κρίνειν
1360 2648 1503 2701 αὐτὸν
1549 2648 1635 2713 τὴν
1679 2647 1951 2713 οἰκουμένην
1969 2667 2020 2703 30

409 2778 444 2810 5.
470 2767 575 2811 τυχὸν
591 2768 638 2813 τῷ
656 2766 767 2812 Πατρι
783 2766 922 2801 inverso
939 2765 1059 2800 ordine
1079 2765 1121 2800 Β.
1243 2764 1278 2800 6.
1303 2766 1414 2801 τοίνυν
1430 2767 1611 2812 τοιγαροῦν
1629 2764 1672 2799 Β.
1795 2774 1848 2799 12.
1874 2763 1951 2807 ἐξη-

360 2828 515 2887 ‘yslo-Hac]
537 2828 718 2873 ἐξὲλεσθαι
736 2828 778 2863 Β.
925 2839 979 2871 14.
1007 2828 1127 2862 δίδωσι
1145 2842 1232 2862 νοειν
1251 2828 1293 2862 Β.
1312 2828 1410 2871 δηλοῖ
1428 2828 1494 2863 Ed.
1642 2837 1695 2871 15.
1722 2817 1885 2872 ὁμολογέῖ
1904 2826 1950 2860 D.

365 2887 419 2920 19.
445 2876 619 2920 ἡμετέροις
637 2875 680 2909 Β.
698 2873 883 2920 εἰρημένοις
900 2874 969 2910 Ed.
1117 2885 1173 2909 21.
1198 2875 1303 2919 γεμὴν
1322 2875 1364 2909 Β.
1381 2875 1447 2919 μὴν
1464 2874 1532 2909 Ed.
1680 2884 1736 2917 24.
1762 2888 1798 2908 τε
1816 2885 1886 2907 om.
1908 2872 1950 2907 Β.

362 2922 419 2957 26.
444 2937 470 2957 π
471 2922 806 2968 ροαποδεδειγμένοις
826 2921 868 2956 Β.
1189 2931 1244 2966 27.
1272 2921 1513 2958 ἐπιδεικνύντες
1534 2921 1574 2955 Β.
1592 2919 1864 2955 ἀποδεικνύοντες
1883 2919 1949 2953 Ed.

364 2969 420 3003 28.
447 2983 500 3003 και
518 2970 577 3003 alt.
596 2980 666 3005 om.
688 2969 729 3003 Β.
876 2979 930 3013 29.
956 2966 1251 3013 προσελεύσονται
1271 2968 1313 3001 Β.
1335 2975 1372 3002 ut
1390 2980 1496 3014 supra
1516 2967 1581 3013 236
1595 2978 1624 3000 e.
