2021 3296
113 154 140 195 i.
160 166 198 198 2.
359 153 433 194 IN
474 152 517 194 S.
551 150 887 193 JOANNEM.
949 149 1076 191 LIB.
1108 149 1144 189 Ι.
1207 148 1339 189 CAP.
1374 149 1453 189 IV.
1642 149 1697 189 47

186 300 213 324 „
239 263 298 312 Εἰ
324 261 348 311 5
374 259 551 326 Λόγος,
582 261 747 329 φησὶν,
774 260 799 310 5
825 259 874 310 ἐν
898 261 966 328 τῷ
991 261 1099 327 Θεῷ
1125 259 1202 308 καὶ
1229 257 1385 323 Πατρῖ
1416 254 1620 324 φυσικός
1649 277 1698 305 τε
1716 264 1743 304 d

113 384 141 408 ,,
169 344 244 394 καὶ
277 341 534 396 ἐνδιάθετος
570 340 708 395 αὑτός
742 343 873 392 ἐστιν
903 341 928 391 5
959 339 1088 402 Υἱὸς,
1118 339 1221 390 ἔστι
1260 337 1308 389 δὲ
1347 336 1597 401 ὀμοούσιος
1633 339 1701 405 τῷ

112 465 139 488 ,,
166 424 463 490 γεννήσαντι,
489 426 534 475 τὶ
562 423 618 475 τὸ
650 423 836 475 κωλύον
860 422 925 473 ἔτι
952 419 1113 486 Λόγον
1138 418 1256 471 εἷναί
1276 442 1326 471 τε
1350 420 1426 470 καὶ
1452 422 1701 469 καλεῖσθαι

112 545 139 569 ,,
165 507 242 557 καὶ
267 505 350 556 τὸν
377 505 583 572 Πατέρα,
610 506 672 558 ὠς
698 503 952 568 ὁμοούσιον
979 501 1154 572 Λόγῳ;

71 601 93 640 5
186 627 213 650 ,,
238 607 316 637 KAI
348 607 504 636 HAAIN·
565 590 625 637 Εἰ
663 587 688 636 5
719 583 876 651 Λόγος
915 586 1018 635 ἐστὶ
1055 590 1138 635 τοῦ
1175 587 1301 634 Θεοῦ
1338 583 1414 632 καὶ
1448 580 1638 647 Πατρὸς
1676 579 1702 630 5

111 709 139 732 ,,
165 669 293 733 Υἱὸς,
325 671 401 720 καὶ
436 667 546 734 παρ’
574 667 715 719 αὐτὸν
748 667 833 717 οὐκ
870 665 1000 717 ἔστιν
1033 665 1199 732 ἕτερος·
1245 663 1321 715 διὰ
1358 663 1495 715 ποίου
1532 660 1698 728 λόγου,

113 790 141 814 ,,
167 752 332 818 φησὶν,
359 751 384 800 5
417 749 587 816 Πατὴρ
617 747 736 815 πρὸς
770 746 912 799 αὐτὸν
943 748 1206 814 εὑρίσκεται
1242 744 1397 811 λέγων
1424 752 1437 774 ⁶
1457 742 1571 798 Υἱός
1612 765 1703 808 μου
1764 759 1868 790 Pan.
1886 764 1915 799 7.

113 871 141 896 ‚,
168 838 181 860 ⁶
201 829 242 882 εἶ
272 832 349 882 σύ·
390 830 482 897 ἐγὼ
509 831 718 896 σήμερον
743 828 1000 895 γεγέννηκά
1026 827 1118 878 σε·’
1157 826 1400 893 πρόδηλον
1426 825 1519 892 γὰρ
1553 827 1615 879 ὡς
1649 826 1703 876 οὐ
1721 849 1743 876 e

114 953 143 976 ,,
169 913 278 980 δίχα
309 911 460 978 λόγου
490 911 574 966 τὰς
606 910 725 978 πρὸς
759 909 900 961 αὑτὸν
926 908 1154 978 διαλέξεις
1180 910 1205 959 5
1233 907 1403 974 Πατὴρ
1429 906 1701 971 ἐποιήσατο,

50 1019 142 1058 10„
168 995 265 1046 ἐπεὶ
301 998 398 1045 πᾶν
435 993 489 1045 τὸ
530 992 840 1056 λαλούμενον,
875 993 923 1042 ἐν
961 989 1095 1059 λόγῳ
1132 989 1320 1043 πάντως
1359 993 1590 1047 λαλεῖται,
1627 991 1704 1039 καὶ

114 1115 143 1139 ,,
169 1076 256 1142 οὐχ
289 1075 470 1141 ἑτέρως.
529 1075 604 1125 καὶ
640 1072 777 1127 αὐτὸς
813 1072 868 1124 δέ
897 1095 989 1124 που
1023 1072 1176 1140 φησὶν
1201 1072 1226 1121 5
1260 1068 1443 1137 Σωτὴρ,
1474 1070 1546 1121 ὅτι
1572 1077 1585 1100 ⁶
1603 1068 1704 1121 οἶδα
1765 1074 1888 1156 ξξιξηὸὅ

115 1198 143 1221 ,,
171 1164 184 1187 ⁶
203 1156 286 1208 τὸν
314 1157 523 1223 Hom-esna,
552 1157 627 1206 καὶ
653 1154 736 1206 τὸν
761 1154 910 1220 λόγον
936 1154 1078 1204 αὐτοῦ
1103 1152 1266 1220 τηρῶ·’
1324 1154 1398 1203 καὶ
1434 1152 1582 1203 πάλιν
1609 1158 1621 1181 ⁶
1640 1152 1703 1202 ‘O
1765 1142 1903 1192 Ib.'xiv‡

116 1278 144 1302 „
171 1245 184 1268 ⁶
203 1237 349 1304 λόγος
374 1237 427 1289 ὃν
447 1238 648 1300 ἀκούετε,
669 1237 752 1287 οὐκ
779 1236 910 1287 ε”στιν
935 1234 1058 1299 ἐμὸς,
1074 1233 1206 1286 ἀλλὰ
1234 1238 1316 1285 τοῦ
1341 1232 1622 1300 πέμψαντός
1647 1255 1704 1297 με
1767 1213 1818 1243 Μ’

118 1361 146 1384 ,,
173 1327 186 1350 ⁶
208 1318 425 1387 Πατρός.’
467 1318 543 1370 ὅτε
569 1319 725 1369 τοίνυν
747 1318 797 1368 ἐν
823 1316 955 1386 λόγῳ
981 1315 1150 1383 Πατὴρ
1177 1315 1261 1379 μὲν
1287 1315 1405 1381 πρὸς
1431 1314 1573 1366 αὐτὸν
1599 1319 1702 1366 δια-

53 1422 99 1460 15
119 1440 146 1464 „
173 1400 379 1466 λέγεται,
409 1403 733 1465 συνομολογεῖ
754 1398 802 1450 δὲ
827 1400 903 1450 καὶ
926 1397 1078 1461 αὐτὸς,
1105 1396 1218 1448 ποτὲ
1249 1395 1334 1460 μὲν
1361 1395 1432 1447 ὅτι
1465 1401 1597 1463 τηρεῖ
1624 1396 1706 1448 τὸν
1724 1420 1746 1445 a
1806 1411 1855 1445 31
1875 1409 1928 1444 A.

118 1521 146 1546 „
173 1481 322 1548 λόγον
347 1487 430 1533 τοῦ
458 1480 669 1546 Πατρὸς,
695 1479 810 1531 ποτὲ
837 1478 886 1530 δὲ
912 1477 1073 1541 πάλιν,
1101 1481 1163 1531 ὡς
1189 1478 1243 1527 οὐ
1268 1476 1351 1528 τὸν
1377 1478 1518 1528 αὑτοῦ
1545 1478 1708 1543 λόγον,

119 1603 147 1626 ,,
175 1562 306 1613 ἀλλὰ
329 1561 411 1614 τὸν
435 1568 519 1614 τοῦ
549 1561 740 1628 Πατρὸς
766 1561 936 1625 ἤκουον
962 1562 1004 1610 οἱ
1029 1561 1262 1610 Ἰουδαῖοι·
1306 1563 1406 1613 πῶς
1432 1560 1515 1610 οὐκ
1540 1557 1597 1610 ἂν
1623 1560 1707 1624 εἴη,

120 1683 147 1706 ,,
175 1645 340 1712 φησὶν,
386 1642 726 1696 ἀνενδοιάστως
769 1641 1161 1706 ὁμολογούμενον,
1203 1642 1264 1693 ὡς
1310 1640 1463 1706 ἕτερός
1508 1642 1638 1691 ἐστιν
1684 1643 1710 1692 5

120 1764 147 1789 „
172 1723 287 1779 Υἱὸς
325 1724 454 1791 παρὰ
492 1723 574 1775 τὸν
607 1723 883 1785 ἐνδιάθετον,
909 1722 1012 1786 ἤτοι
1045 1720 1129 1771 τὸν
1163 1722 1211 1771 ἐν
1241 1720 1420 1785 κινήσει
1455 1725 1712 1790 νοηματικῄ

55 1833 149 1870 20„
176 1805 337 1871 λόγον,
369 1806 424 1856 οῦ
457 1804 664 1872 μετέχων
698 1806 773 1855 καὶ
808 1801 1228 1866 ἀναπιμπλάμενος
1261 1806 1470 1854 καλεῖται
1505 1802 1652 1868 λόγος
1687 1805 1712 1854 5

122 1928 151 1952 ‚,
174 1886 464 1956 προφορικὸς
502 1889 578 1937 καὶ
616 1888 700 1950 τῆς
737 1891 820 1937 τοῦ
853 1883 1046 1950 Πατρὸς
1081 1884 1246 1938 οὐσίας
1284 1883 1576 1952 ἐκφαντικὸς,
1607 1907 1712 1936 του-

123 2010 150 2034 ,,
175 1970 335 2021 τέστιν
362 1969 387 2019 5
413 1967 567 2021 Υἱός.”

198 2055 407 2102 Τοιαῦτα
444 2048 528 2113 μὲν
565 2049 647 2099 οῦν
680 2050 705 2100 5
743 2047 1011 2114 παράφρων
1046 2048 1196 2117 ἑαυτῷ
1233 2048 1431 2113 συνείρει
1469 2046 1607 2110 κακὰ,
1637 2049 1713 2098 καὶ

124 2132 302 2186 πάσαις
329 2133 446 2195 ὁμοῦ
472 2135 573 2185 ταῖς
597 2131 738 2184 θείαις
764 2133 971 2198 γραφαῖς
1002 2131 1280 2198 ἀντιφωνῶν
1307 2130 1390 2180 οὐκ
1420 2128 1709 2197 αἰσχύνεται,

159 2214 172 2230 Χ
456 2213 469 2229 Ι
595 2214 605 2228 ’
644 2211 655 2227 9
706 2212 716 2227 C
823 2215 844 2226 Α
1024 2210 1036 2226 Ι
1157 2213 1167 2226 9
1281 2209 1293 2226 Ι
1397 2209 1417 2227 ΌΙ
1593 2210 1614 2228 ’l
1815 2220 1820 2226 ι

59 2234 106 2272 25
126 2238 180 2266 το
218 2235 545 2280 γεγραμμενον
583 2217 644 2279 εφ
696 2235 844 2281 εαυτῳ
882 2213 1102 2262 δεικνυων
1140 2214 1313 2275 αληθες
1352 2218 1380 2241 ⁶⁶
1420 2215 1556 2262 Οταν
1594 2209 1913 2293 ελθῃὺξζῧῖὲ.

127 2302 155 2325 “
181 2294 363 2359 ἀσεβὴς
406 2298 467 2349 εἰς
510 2293 659 2355 βάθος
703 2298 859 2345 κακῶν
897 2293 1228 2361 καταφρονεῖ.”
1287 2292 1397 2343 λιάν
1433 2292 1527 2359 γὰρ
1568 2292 1713 2346 ὅντως

127 2376 353 2438 ἐβάθυνεν
396 2380 458 2430 εἷς
506 2374 715 2427 κάκωσιν
759 2375 817 2444 ἐξ
861 2375 1018 2428 ἀνοίας
1067 2375 1091 2425 5
1142 2373 1386 2442 θεομάχος,
1432 2374 1486 2425 τὸ
1534 2373 1619 2438 μὲν
1663 2373 1720 2442 ἐξ

128 2460 350 2524 ἀληθείας
395 2459 654 2524 ὀρθοῦσθαι
694 2456 1076 2523 παραιτούμενος,
1115 2459 1173 2524 τῇ
1219 2455 1267 2506 δὲ
1312 2455 1572 2521 σαθρότητι
1621 2459 1717 2506 τῶν

130 2541 307 2592 οἰκείων
332 2537 545 2605 ὀκλάζων
570 2543 837 2606 λογισμῶν·
881 2538 951 2590 ὅτι
987 2537 1082 2605 γὰρ
1119 2539 1143 2588 5
1173 2536 1448 2603 Μονογενὴς
1481 2542 1563 2587 τοῦ
1591 2540 1717 2588 Θεοῦ

181 2726 212 2750 1.
238 2716 257 2749 ὁ
274 2715 332 2749 alt.
351 2719 573 2759 assumptum
591 2725 632 2748 ex
651 2713 742 2749 RE.
968 2724 1001 2755 4.
1028 2711 1081 2746 καὶ
1099 2716 1321 2755 assumptum
1339 2722 1381 2744 ex
1400 2709 1443 2743 Β.
1527 2708 1637 2755 λόγῳ]
1655 2711 1717 2744 λό-

131 2776 193 2807 γον
211 2762 255 2796 Β.
490 2761 523 2795 8.
549 2760 609 2806 ὡς]
630 2760 681 2795 ὅτι
700 2761 743 2795 Β.
993 2770 1045 2794 10.
1071 2759 1202 2793 πάντως
1222 2757 1313 2791 [).Ε.
1332 2756 1398 2791 Ed.
1417 2768 1490 2801 mg.
1507 2758 1632 2792 παντὸς
1649 2756 1717 2791 Ed.

136 2820 190 2851 14.
215 2807 352 2853 Πατρὸς
368 2813 590 2851 assumptum
607 2819 649 2841 ex
669 2807 710 2841 Β.
774 2805 892 2851 Πατὴρ
909 2805 970 2850 μὲν
987 2805 1030 2839 Β.
1048 2805 1109 2849 μὲν
1126 2806 1144 2837 ὁ
1162 2804 1280 2847 Πατὴρ
1299 2803 1366 2837 Ed.
1607 2812 1660 2848 17,
1686 2803 1718 2837 οἶ

133 2866 204 2890 om.
225 2855 268 2888 B.
417 2865 469 2898 19.
494 2853 586 2898 παρὰ
604 2854 695 2888 B.D.
715 2853 782 2888 Ed.
799 2865 871 2899 mg.
889 2853 967 2898 περὶ
986 2851 1052 2886 Ed.
1117 2849 1245 2894 κινήσει
1265 2850 1357 2885 D.E.
1376 2848 1508 2894 κενήσει
1526 2849 1720 2884 Aubertus.

133 2901 288 2946 γεννήσει
306 2900 455 2935 correxit
473 2900 578 2934 silens
596 2900 732 2945 Migne.
946 2910 963 2933 2
968 2907 1001 2944 5.
1028 2897 1083 2942 ἐφ’
1102 2909 1171 2931 om.
1193 2896 1235 2930 B.
1442 2907 1497 2942 29.
1524 2898 1542 2931 ὁ
1560 2907 1721 2941 assump-

135 2955 213 2983 tum
230 2959 271 2982 ex
291 2947 332 2981 B.
