2084 3317
129 171 213 227 i.9,
236 183 297 211 10.
378 167 452 208 IN
493 166 536 206 S.
569 162 907 205 JOANNEM.
969 161 1096 203 LIB.
1129 161 1163 201 I.
1227 161 1362 201 CAP.
1396 160 1475 200 IX.
1630 160 1709 200 115

127 283 223 331 τοῖς
261 279 480 347 φυσικοῖς
517 278 599 324 τοῦ
636 275 940 336 Μονογενοῦς
975 269 1244 338 ἀξιώμασιν
1276 269 1305 332 ἡ
1341 272 1436 318 τῶν
1465 267 1576 332 παρ’
1604 266 1712 329 ἡμῖν

126 357 286 424 λόγων
333 356 481 418 πενία,
531 352 664 404 ἀλλὰ
715 350 997 416 νοηθήσεται
1047 350 1132 414 μὲν
1178 353 1448 415 θεοπρεπῶς
1498 347 1558 398 τὰ
1607 351 1713 414 περὶ

126 441 281 500 αὑτοῦ,
326 435 657 501 λαληθήσεται
708 433 756 484 δὲ
809 432 886 484 διὰ
936 432 1022 497 τὴν
1071 432 1231 499 χρείαν
1277 429 1710 497 ἀνθρωπινώτερον,

124 518 253 586 παρά
290 542 340 570 τε
377 519 519 569 αὐτοῦ
558 518 612 568 δι’
654 516 787 580 ἡμᾶς,
829 517 903 566 καὶ
941 513 1072 580 παρὰ
1109 518 1204 565 τῶν
1242 514 1389 579 ἁγίων
1426 513 1532 577 περὶ
1571 511 1752 560 αὐτοῦο

83 622 105 661 5
127 601 244 653 κατὰ
269 600 323 651 τὸ
349 603 431 664 τῆς
458 598 649 668 φύσεως
675 596 857 663 μέτρον.

190 681 293 733 '³sz
329 680 414 746 μὲν
452 681 547 743 οῦν,
588 681 650 733 ὡς
690 679 820 741 ἔοικε,
859 683 955 731 τοῖς
994 675 1244 744 εἰρημένοις
1283 678 1528 743 ἀρκεῖσθαι
1568 673 1717 725 καλὸν

126 769 187 818 εἰς
221 764 307 829 τὴν
338 768 433 814 τῶν
464 760 781 829 προκειμένων
811 759 1057 829 ἐξήγησιν·
1106 755 1262 822 ἐπειδὴ
1302 757 1350 809 δὲ
1388 755 1515 822 οἶμαι
1553 778 1711 822 προσ-

125 846 251 911 ήκειν
291 845 429 896 ὅκνου
473 843 705 912 φέρεσθαι
747 843 988 909 κρείττονα
1033 840 1117 892 τὸν
1154 846 1251 894 τοῖς
1295 840 1432 893 θείοις
1478 838 1717 904 δόγμασιν

126 929 444 993 ὑπηρετοῦντα
495 925 727 988 κάλαμον,
779 924 891 993 φέρε
949 922 1098 975 πάλιν
1150 920 1264 973 αὐτὸ
1324 921 1612 988 παραθέντες
1663 918 1716 970 τὸ

60 1035 107 1061 10
127 1007 421 1074 ἀνάγνωσμα
445 1008 789 1070 βασανίσωμεν
815 1006 1165 1072 ἀκριβέστερον,
1192 1008 1292 1057 πῶς
1325 1001 1383 1054 ἂν
1410 1007 1562 1054 νοοῖτο
1598 1000 1718 1052 κατὰ

126 1089 208 1141 τὸν
257 1089 497 1157 πρέποντα
548 1089 697 1155 λόγον
749 1094 831 1139 τοῦ
883 1088 1136 1154 ἀνθρώπου
1187 1084 1615 1151 κατηγορούμενον,
1662 1083 1716 1134 τό

127 1172 344 1242 ἐρχόμενον
377 1177 436 1227 εἷς
474 1172 542 1224 τὶν
575 1173 752 1239 κόσμον·
806 1166 847 1230 ἧν
885 1170 979 1235 γὰρ
1019 1170 1056 1220 ἐν
1092 1169 1218 1238 αὐτῷ
1256 1166 1310 1218 τὸ
1351 1171 1468 1236 φῶς,
1503 1164 1715 1231 καθάπερ
1733 1190 1755 1213 a
1812 1180 1867 1215 78
1889 1179 1940 1213 A.

128 1255 208 1305 οῦν
234 1257 310 1305 καὶ
336 1253 475 1308 αὐτὸς
505 1254 614 1318 ἡμῖν
640 1254 665 1303 ὁ
693 1250 1059 1318 Εὐαγγελιστὴς
1086 1251 1439 1317 διεμαρτύρατο,
1467 1251 1542 1299 καὶ
1577 1250 1630 1299 οὐ
1663 1248 1717 1299 τὸ

129 1340 232 1404 φῶς
268 1341 326 1391 εἰς
361 1337 428 1388 τον
457 1338 618 1404 κόσμον
645 1334 860 1405 ἔρχεσθαι
895 1339 1101 1398 μᾶλλον,
1128 1330 1259 1383 ἀλλὰ
1291 1331 1373 1382 τὸν
1401 1329 1718 1400 φωτιζόμενον

63 1436 109 1475 15
130 1415 342 1487 ἄνθρωπον
368 1417 776 1482 διαβεβαιούμεθα.
830 1419 953 1485 φασὶ
986 1420 1236 1481 τοιγαροῦν
1262 1437 1394 1477 τινες,
1422 1412 1481 1464 τὰ
1517 1415 1566 1464 ἐκ
1601 1435 1716 1479 καρ-
1778 1419 1871 1493 ἓξὲξ
1891 1460 1929 1492 16

131 1501 230 1554 δίας
257 1501 410 1551 αὐτῶν
436 1499 728 1566 ἐρευγόμενοι
755 1500 830 1549 καὶ
862 1499 946 1548 οὐκ
982 1497 1075 1548 ἀπὸ
1111 1495 1351 1560 στόματος
1381 1497 1572 1562 Κυρίου,
1598 1493 1720 1545 καθὰ
1863 1486 1870 1494 ’
1933 1486 1940 1493 ’

129 1582 405 1649 γέγραπται,
446 1581 516 1633 ὅτι
560 1581 652 1648 πρὸ
697 1584 779 1645 τῆς
824 1584 917 1631 τῶν
959 1577 1198 1642 σωμάτων
1237 1580 1530 1642 κατασκευῆς
1573 1584 1720 1644 προῦ-

129 1667 314 1731 πῆρχον
354 1663 439 1728 μὲν
484 1662 604 1714 κατὰ
648 1662 730 1714 τὸν
773 1661 1058 1728 οὐρανὸν αἱ
1104 1664 1199 1712 τῶν
1239 1660 1502 1726 ἀνθρώπων
1541 1661 1716 1728 ψυχαὶ,

130 1745 312 1812 μακρὸν
363 1747 410 1796 ἐν
458 1744 701 1813 ἀσωμάτῳ
751 1743 1059 1810 μακαριότητι
1110 1743 1363 1808 τρίβουσαι
1413 1739 1600 1808 χρόνον,
1646 1744 1722 1791 καὶ

64 1851 113 1877 20
133 1827 459 1894 καθαρώτερον
504 1826 836 1878 ἀπολαύουσαι
880 1830 964 1876 τοῦ
1007 1823 1153 1878 ὅντως
1198 1826 1399 1889 ἀγαθοῦ·
1465 1821 1622 1887 ἐπειδὴ
1674 1822 1722 1873 δὲ

133 1907 276 1963 αὐτὰς
320 1911 345 1960 ὁ
388 1914 482 1960 τῶν
521 1906 776 1972 ἀμεινόνων
814 1905 961 1975 εἰσῄει
1005 1905 1155 1973 κόρος,
1196 1910 1272 1957 καὶ
1315 1904 1435 1972 πρὸς
1479 1904 1540 1955 τὰ
1583 1905 1766 1972 χείρωί)

132 1989 302 2043 λοιπὸν
337 1992 694 2054 ἀποκλίνουσαι,
729 1989 848 2057 πρὸς
886 1988 1109 2042 ἐκτόπους
1148 1987 1426 2048 κατέβαινον
1458 1987 1634 2040 ἐννοίας
1673 2009 1722 2037 τε

131 2075 208 2124 καὶ
256 2074 513 2137 ἐπιθυμίας,
560 2071 898 2138 ἀγανακτήσας
947 2070 1133 2124 εἰκότως
1186 2071 1210 2120 ὁ
1253 2068 1553 2135 Δημιουργὸς
1597 2070 1720 2120 ἀπο-

132 2155 326 2206 στέλλει
352 2154 435 2218 μὲν
462 2153 604 2208 αὐτὰς
632 2159 694 2208 εἰς
718 2152 802 2205 τὸν
829 2152 1028 2216 κόσμον,
1054 2157 1151 2207 τοῖς
1185 2150 1233 2203 δὲ
1268 2152 1362 2203 ἀπὸ
1390 2154 1477 2217 γῆς
1504 2151 1724 2219 ε’νέπλεξε

66 2256 115 2296 25
134 2237 358 2301 σώμασιν
403 2239 691 2304 ἀχθοφορεῖν
736 2233 1029 2301 ἀναγκάσας,
1075 2236 1151 2285 καὶ
1202 2235 1453 2300 μονονουχὶ
1496 2231 1723 2301 σπηλαίῳ

134 2322 223 2371 τινὶ
248 2324 343 2370 τῶν
368 2319 579 2370 ἐκτόπων
604 2318 979 2384 ἐγκατακλείσας
1015 2317 1208 2380 ἡδονῶν,
1233 2315 1467 2367 παιδεύειν
1493 2313 1635 2367 αὐτὰς
1670 2313 1727 2382 ἐξ

135 2402 276 2466 αὐτῆς
302 2401 550 2464 ἐδοκίμασε
577 2403 660 2464 τῆς
685 2400 848 2466 πείρας
873 2400 1046 2461 αὐτῶν,
1076 2397 1245 2465 πικρὸν
1271 2397 1398 2451 ὅπως
1424 2399 1526 2448 ἐστὶ
1558 2395 1612 2446 τὸ
1649 2397 1723 2446 ἐπὶ

135 2482 194 2534 τὰ
220 2483 358 2550 χείρω
384 2482 628 2552 φερεσθαι,
655 2484 732 2532 καὶ
756 2484 995 2532 ποιεῖσθαι
1026 2479 1176 2545 λόγον
1201 2484 1296 2530 τῶν
1321 2481 1515 2545 ἀγαθῶν
1541 2476 1718 2528 οὐδένα.
1741 2495 1764 2522 0

138 2563 399 2631 ἁρπάζουσι
437 2563 485 2614 δὲ
523 2568 584 2618 εἷς
624 2562 863 2631 ἀπόδειξιν
901 2565 984 2626 τῆς
1030 2563 1151 2613 οὕτω
1197 2558 1503 2627 γελοιοτάτης
1548 2560 1725 2610 ἑαυτῶν

71 2670 120 2707 30
138 2646 438 2711 μυθολογίας,
455 2648 530 2697 καὶ
556 2645 669 2696 αὐτὸ
697 2644 753 2709 δὴ
780 2649 969 2711 πρῶτον
994 2643 1047 2695 τὸ
1075 2649 1158 2694 νῦν
1185 2644 1293 2707 ἡμῖν
1321 2644 1369 2692 ἐν
1390 2641 1555 2709 χερσίν
1567 2639 1653 2691 τΗν
1678 2639 1724 2691 τὸ

187 2791 220 2825 3.
248 2779 301 2813 διὰ
320 2778 361 2812 Β.
380 2778 420 2812 τὰ
436 2779 513 2822 περὶ
532 2778 599 2813 Ed.
765 2789 818 2813 11.
845 2777 1033 2823 πρέποντα]
1054 2776 1299 2821 ἀκριβέστερον
1318 2775 1359 2809 Β.
1531 2783 1583 2819 15.
1611 2774 1725 2814 διαβε-

139 2825 328 2870 βαιούμεθα
347 2825 389 2859 Β.
407 2825 687 2870 διεβεβαιούμεθα
706 2825 772 2859 Ed.
920 2825 974 2859 16.
1000 2825 1084 2858 καθὰ
1105 2824 1146 2857 Β.
1165 2823 1274 2858 καθὼς
1291 2822 1358 2856 Ed.
1503 2832 1558 2856 22.
1584 2822 1725 2855 ἀποκλί-

140 2887 240 2908 νασαι
261 2873 302 2906 Β.
369 2872 512 2906 ἐκτόπου
529 2873 803 2912 καταβαίνονταις
823 2870 879 2917 [=
898 2868 1171 2913 καταβαίνοντες]
1193 2869 1235 2903 Β.
1357 2879 1412 2914 23.
1439 2868 1574 2903 εἰκότως
1591 2879 1660 2902 om.
1682 2868 1724 2902 B.

142 2931 197 2963 24.
222 2920 258 2954 δὲ
277 2931 346 2953 0111.
368 2918 409 2952 E.
474 2918 649 2963 ἐνεπέλεξε
669 2919 715 2953 D.
814 2927 869 2963 27.
895 2919 1003 2952 αὐτῶν
1021 2920 1244 2961 assumptum
1262 2927 1304 2949 ex
1324 2914 1366 2949 B.
1464 2915 1518 2950 28.
1545 2913 1604 2960 τὰ]
1623 2915 1661 2949 τὸ
1682 2914 1723 2949 Β.

141 2977 197 3012 29.
224 2967 283 3011 τὴν
300 2977 363 3011 pro
380 2965 438 3008 τῆς
456 2964 590 3010 Migne.
735 2976 789 3010 30.
818 2964 895 3009 ἡμῖν
912 2969 1134 3008 assumptum
1153 2974 1194 2996 ex
1215 2962 1256 2997 Β.

893 3031 967 3068 Qz
