2084 3317
323 156 407 197 232
725 159 775 200 Β.
808 158 1081 201 CYRILLI
1123 161 1503 201 ALEXANDR.
1674 160 1732 201 iii.
1753 172 1904 212 22-24.

325 271 351 293 “
377 266 608 333 μαρτυρία
645 269 821 334 Κυρίου
856 269 1004 331 πιστὴ
1039 269 1310 337 σοφίζουσα
1337 269 1494 334 νήπια·
1537 268 1595 319 τὰ
1620 269 1907 332 δικαιώματα

324 353 352 375 “
383 348 557 413 Κυρίου
589 348 740 399 εὐθεία
771 350 1082 418 εὐφραίνοντα
1116 351 1322 416 καρδίαν,
1350 353 1377 415 ἡ
1413 350 1581 416 ἐντολὴ
1611 351 1786 418 Κυρίου
1820 373 1902 414 τη-

277 430 304 472 b
325 435 351 456 ‘⁴
378 428 558 496 λαυγὴς
586 431 856 499 φωτίζουσα
883 432 1210 501 ὀφθαλμούς.”

256 654 303 680 22
330 644 403 686 Καὶ
446 645 551 695 μετὰ
595 649 727 688 ταῦτα
773 644 900 689 ἦλθεν
943 648 965 691 ὁ
1001 648 1170 691 ἸΗσοῡε
1214 647 1273 690 εἰς
1315 649 1393 691 τὴν
1431 649 1645 691 Ἰουδαίαν
1687 652 1761 698 τήν
1802 651 1908 698 μετὰ

256 739 303 776 23
392 728 478 769 τῶν
510 729 714 777 μαθΗτῶν
751 731 896 772 αὐτοῦ·
943 728 993 772 ἦν
1032 732 1078 773 δὲ
1118 732 1185 773 καί
1218 734 1423 774 ἸωάννΗε
1463 733 1669 790 βαπτίζων
1702 734 1746 774 ἐν
1772 731 1909 774 Αἰνὼν

393 810 513 859 &ss-Oc
550 817 623 854 τοῦ
657 813 823 866 Σαλήμ,
852 815 918 857 ὅτι
956 814 1089 856 ὕδατα
1128 816 1268 856 πολλὰ
1305 813 1355 857 ἦν
1387 813 1486 866 ἐκεῖ,
1520 815 1587 856 καί
1623 816 1911 872 παρετὲνοντο

254 918 302 952 24
393 895 461 936 καὶ
498 896 782 954 ἐβαπτίζοντο.
838 898 960 939 οὔπω
997 898 1075 955 τὰρ
1114 896 1163 941 ἦν
1203 900 1462 950 βεβλΗμὲνοε
1499 897 1559 940 eie
1597 898 1674 940 Tm]
1713 898 1910 955 φυλακήν

391 979 414 1023 ὁ
445 979 666 1022 ἸωάννΗε.

401 1111 559 1178 Πέρας
585 1113 672 1178 ἤδη
697 1113 946 1178 λαβούσης
972 1117 1054 1178 τῆς
1085 1114 1203 1181 πρὸς
1232 1113 1505 1178 Νικόδημον
1531 1114 1731 1177 ὁμιλίας,
1758 1111 1913 1179 ἕτερόν

285 1220 309 1247 c
326 1216 370 1244 τι
395 1193 544 1245 πάλιν
569 1195 779 1264 ἐξαρτύει
806 1196 1171 1263 χρησιμώτατον
1199 1198 1223 1246 ὁ
1251 1196 1506 1249 θεσπέσιος
1534 1195 1910 1261 Εὐαγγελιστής.

328 1276 569 1339 Πνεύματι
606 1276 700 1342 γὰρ
740 1278 847 1347 θείῳ
887 1277 1326 1346 φωταγωγούμενος
1361 1276 1480 1343 πρὸς
1515 1276 1601 1341 τὴν
1635 1281 1729 1327 τῶν
1760 1281 1910 1343 ἀναγ-

324 1356 583 1409 καιοτάτων
611 1359 854 1428 ἐξήγησιν,
890 1363 1100 1410 συνεῖδεν
1132 1360 1202 1410 ὅτι
1241 1358 1552 1423 λυσιτελήσει
1588 1358 1783 1428 σφόδρα
1818 1364 1913 1413 τοῖς

323 1440 665 1508 ἐντευξομένοις
692 1441 746 1493 τὸ
774 1445 1025 1508 διαγνῶναι
1050 1446 1237 1510 σαφῶς,
1254 1441 1415 1505 πόσην
1440 1440 1532 1508 ἔχει
1558 1440 1644 1504 τὴν
1667 1440 1913 1509 ὑπεροχὴν,

324 1520 353 1586 ἢ
390 1525 466 1573 καὶ
502 1522 632 1576 ὅσοις
669 1523 931 1590 ὑπέρκειται
965 1523 1164 1590 μέτροις,
1192 1526 1254 1577 ὡς
1286 1522 1404 1589 πρὸς
1440 1523 1494 1573 τὸ
1527 1522 1746 1574 Ἰωάννου
1779 1523 1908 1584 βάπ-

322 1627 486 1669 τισμα,
517 1604 571 1656 τὸ
608 1605 683 1657 διὰ
717 1610 953 1672 Χριστοῦ·
1005 1605 1062 1670 ἦν
1092 1605 1185 1672 γὰρ
1224 1606 1414 1659 ἐλπίδος
1452 1604 1598 1658 ὅντως
1637 1606 1691 1656 οὑ
1730 1605 1915 1671 μακρὰν

321 1686 759 1755 ἀναδειχθήσεσθαί
778 1711 892 1739 ποτε
919 1687 1026 1742 τοῦς
1057 1689 1431 1749 ἀποτολμῶντας
1467 1687 1524 1756 ἐξ
1555 1687 1713 1741 ἀνοίας
1748 1691 1911 1749 εἰπεῖν,

322 1767 351 1833 ἢ
392 1771 624 1833 μηδεμίαν
666 1770 790 1824 ὅλως
834 1772 883 1821 ἐν
924 1771 1079 1824 αὐτοῖς
1123 1769 1348 1837 ὑπάρχειν
1388 1768 1475 1833 τὴν
1519 1768 1765 1838 διαφορὰν,
1805 1774 1910 1821 ἶσο-

276 1850 505 1918 ἀμέτροις
540 1851 590 1903 δὲ
626 1851 744 1903 αὐτὰ
780 1856 947 1920 χρῆναι
984 1856 1346 1920 στεφανοῦσθαι
1379 1856 1546 1916 τιμαῖς,
1574 1851 1602 1917 ἢ
1634 1853 1710 1902 καὶ
1744 1852 1915 1916 ταύτης

323 1936 385 1986 εἰς
428 1935 719 2001 ἀγριωτέραν
764 1935 1073 1986 ἀπαιδευσίαν
1119 1934 1552 2004 ἐξολισθαίνοντας,
1592 1933 1677 1998 τὴν
1716 1934 1800 1997 μὲν
1841 1935 1915 1985 ἐπὶ

322 2020 419 2070 τοῖς
462 2017 678 2079 ἀμείνοσι
721 2020 895 2086 ψῆφον
934 2017 1203 2086 ἀφελέσθαι
1247 2022 1331 2068 τοῦ
1376 2016 1452 2067 διὰ
1497 2020 1730 2083 Χριστοῦ,
1767 2015 1822 2067 τὸ
1868 2015 1915 2067 δὲ

323 2103 454 2150 νικᾶν
480 2103 546 2169 τῷ
573 2101 628 2151 δι’
659 2101 826 2154 ὕδατος
853 2099 1180 2167 ἀναισχύντως
1207 2098 1606 2150 ἐπασωτεύεσθαι.
1662 2102 1798 2150 ποῖον
1823 2097 1916 2165 γὰρ

322 2180 503 2247 θράσος
541 2186 637 2235 τοῖς
675 2181 969 2235 ἀπαιδεύτοις
1008 2182 1061 2232 οὐ
1100 2179 1264 2244 βατὸν,
1303 2178 1332 2246 ὴ
1373 2180 1449 2232 διὰ
1480 2182 1617 2235 ποίας
1652 2182 1746 2232 οὐκ-
1769 2181 1911 2232 ἐλαύ-

323 2287 459 2315 νουσι
498 2265 772 2333 δυσφημίας
811 2267 853 2314 οἱ
892 2263 1011 2314 κατὰ
1050 2268 1144 2314 τῶν
1178 2267 1312 2329 ἱερῶν
1351 2266 1434 2327 τῆς
1464 2264 1759 2328 Ἐκκλησίας
1798 2266 1910 2329 δογ-

98 2346 179 2378 Mic.
198 2347 242 2378 ffi-
322 2345 485 2410 μάτων
515 2344 887 2415 ἐξανιστάμενοι,
916 2351 942 2375 “
961 2347 1037 2396 καὶ
1072 2344 1230 2396 πάντα
1261 2343 1320 2396 τὰ
1354 2344 1472 2411 ὀρθὰ
1508 2345 1914 2413 διαστρέφοντες,”

324 2427 445 2479 καθὰ
490 2427 790 2495 γέγραπται,
849 2428 924 2478 ἵνα
968 2427 1125 2478 τοίνυν
1169 2430 1252 2491 τῆς
1303 2427 1488 2478 ἐκείνων
1535 2428 1916 2493 ἀθυρογλωττιάς

283 2511 563 2578 επροανὲλῃ
613 2509 698 2564 τὰς
746 2510 894 2564 αἰτίας
945 2510 970 2559 ὁ
1016 2509 1301 2577 σοφώτατος
1348 2509 1729 2574 Εὐαγγελιστὴς,
1775 2508 1917 2560 αὐτὸν

323 2592 432 2656 ἡμῖν
460 2591 665 2660 εἰσφέρει
691 2591 773 2643 τὸν
800 2591 934 2658 ἅγιον
961 2589 1237 2654 βαπτιστὴν
1264 2596 1360 2645 τοῖς
1390 2592 1571 2645 οἰκείοις
1599 2591 1917 2659 παρατιθέντα

321 2678 553 2738 μαθηταῖς
589 2680 673 2725 τοῦ
707 2673 985 2741 ζητουμένου
1020 2671 1107 2737 τὴν
1141 2673 1303 2724 λύσιν.
1358 2674 1582 2744 βαπτίζει
1616 2679 1865 2740 τοιγαροῦν
1891 2675 1917 2724 ὁ

373 2839 405 2864 2.
431 2827 542 2864 εὖθεία
561 2829 602 2864 Β.
621 2830 753 2875 (Alex.)
772 2829 869 2864 εὐθέα
888 2829 955 2864 Ed.
975 2829 1087 2874 (Vat.)
1154 2829 1273 2873 καρδία
1294 2829 1334 2863 Β.
1355 2829 1467 2875 (173.)
1628 2840 1680 2864 11.
1706 2829 1786 2875 γὰρ]
1812 2833 1849 2870 -Ι-
1869 2832 1916 2876 τῷ

326 2875 392 2909 Ed.
411 2877 520 2910 invito
540 2877 581 2910 B.
682 2888 734 2911 12.
752 2879 823 2912 τοῖς
841 2876 1088 2921 ἐντευξομένοις
1108 2875 1149 2910 Β.
1167 2878 1245 2912 τοὺς
1263 2877 1518 2921 ἐντευξομένους
1537 2875 1603 2910 Ed.
1704 2885 1757 2920 15.
1777 2876 1915 2912 ἐλπίδος

324 2922 427 2957 ὅντως
445 2922 510 2956 hoc
529 2923 651 2957 ordine
672 2923 713 2957 B.
777 2924 888 2968 μακρὰ
909 2923 951 2958 Β.
1120 2934 1174 2957 20.
1202 2922 1278 2968 τοῦ]
1299 2924 1337 2956 τὸ
1360 2923 1398 2956 Β.
1568 2934 1623 2965 24.
1650 2922 1916 2967 διαστρέφοντες

326 2968 367 3002 Β.
386 2969 649 3014 διαστρέφονται
670 2970 736 3004 Ed.
836 2981 890 3014 25.
916 2971 974 3004 τὸν
992 2972 1069 3004 νοῦν
1086 2982 1150 3014 pro
1168 2971 1278 3004 τοίνυν
1296 2971 1377 3014 (sic)
1400 2970 1440 3005 B.
1539 2970 1594 3004 26.
1621 2968 1816 3014 προσανέλῃ
1837 2969 1879 3003 Β.

1933 742 1954 780 Ul

1938 1216 1984 1240 10

1937 2039 1985 2062 20
