2084 3317
130 166 182 207 vi.
205 178 272 222 27.
365 167 437 208 IN
481 167 523 208 S.
557 166 893 208 JOANNEM.
959 165 1083 205 LIB.
1118 164 1203 205 ΙΙΙ.
1267 164 1400 205 CAP.
1434 164 1487 204 V.
1634 165 1717 203 445

128 276 260 328 οὐδὲν
294 277 418 330 ὅλως
457 275 516 326 τὰ
554 275 683 342 παρὰ
723 281 814 326 σοῦ
852 274 969 341 πρὸς
1007 272 1093 338 τὴν
1127 270 1432 339 προκειμένην
1458 271 1721 337 εὑρίσκεται

129 357 334 422 ζήτησιν·
375 356 445 408 διὸ
485 357 540 420 δὴ
578 358 726 409 πάλιν
760 353 1078 418 ἀναλαβόντες
1118 355 1312 420 ἐροῦμεν
1342 354 1408 403 Ἡ
1440 354 1653 419 σφραγὶς
1692 352 1720 416 ἡ

129 439 222 491 ἀπὸ
259 439 457 506 σιδήρου
492 439 636 507 τυχὸν
670 438 699 504 ἢ
736 440 812 490 καὶ
851 442 1034 505 χρυσοῦ
1073 435 1297 501 νοουμένη
1327 433 1604 502 ἐγχαράττει
1635 432 1721 497 τὴν

129 522 357 585 ὁμοίωσιν
394 521 479 586 τὴν
517 523 683 585 ἑαυτῆς
728 525 828 574 ταῖς
874 521 1020 581 ὕλαις,
1059 523 1159 572 ταῖς
1199 518 1271 586 ἐφ’
1310 516 1382 570 αἷς
1423 516 1480 567 ἂν
1517 516 1718 581 γε’νοιτο,

86 606 450 664 5ἀποβαλοῦσα
491 603 576 668 μὲν
610 603 668 672 ἐξ
701 605 865 666 ἑαυτῆς
907 601 1052 664 οὐδὲν,
1087 600 1236 666 μόνην
1272 600 1320 651 δὲ
1362 599 1460 650 κατ’
1490 597 1723 663 ἐνέργειαν

128 685 215 751 τὴν
255 688 305 737 ἐκ
345 691 429 737 τοῦ
473 687 857 753 προστεθλίφθαι
902 684 1327 749 κατασημαίνουσα
1369 680 1428 732 τὰ
1472 679 1720 748 δεχόμενα·

129 769 251 820 οὕτω
294 774 489 832 νοοῦμεν
533 767 861 836 ἐσφραγίσθαι
910 765 1041 832 παρὰ
1091 771 1174 817 τοῦ
1221 762 1414 830 Πατρὸς
1457 762 1541 814 τὸν
1581 761 1719 826 Υἱὸν,

130 849 262 902 οὐδὲν
288 850 456 918 ἔχοντα
494 853 577 912 τῆς
615 849 779 902 οὐσίας
817 850 972 911 αὐτοῦ,
1001 845 1349 899 ἀπολαύσαντα
1385 844 1434 896 δὲ
1468 843 1615 908 μόνης
1640 846 1724 908 τῆς

129 934 352 998 ἀκριβοῦς
391 931 671 995 ὁμοιώσεως,
708 933 784 981 καὶ
823 930 979 996 ἕτερόν
1017 952 1062 980 τι
1099 929 1207 996 παρ’
1244 925 1387 979 αὐτὸν
1425 924 1718 994 ὑπάρχοντα,

64 1033 111 1058 10
129 1012 342 1080 καθάπερ
367 1013 521 1064 εἰκόνα
545 1013 664 1079 πρὸς
691 1012 743 1063 τὸ
771 1012 1052 1080 ἀρχέτυπον.
1741 1024 1763 1048 a
1794 1016 1880 1051 303
1894 1016 1945 1051 A·

195 1095 263 1146 '‘ss
289 1097 545 1163 παρανοίας
579 1096 782 1161 ἀμέτρου
817 1097 891 1145 καὶ
927 1092 1262 1163 ῥιψοκινδύνου
1298 1090 1618 1160 φρονήματος·
1663 1092 1725 1145 ὡς

129 1178 333 1232 εὐκόλως
383 1177 618 1231 ἐπελάθου
669 1181 764 1229 τῶν
807 1176 913 1242 ἄρτι
957 1175 1375 1243 γεγυμνασμένων.
1448 1175 1726 1242 χαρακτῆρα

129 1261 214 1324 μὲν
245 1259 338 1327 γὰρ
375 1266 458 1312 τοῦ
499 1258 690 1327 Πατρὸς
727 1259 810 1311 τὸν
835 1259 953 1310 Υὶὸν
988 1257 1246 1325 εἰρήκαμεν,
1279 1256 1636 1326 σφραγίζεσθαι
1675 1255 1725 1306 δὲ

130 1344 178 1394 ἐν
204 1344 329 1413 αὐτῷ
363 1343 418 1394 τὸ
455 1341 727 1409 ἀλλότριον,
760 1343 835 1392 καὶ
871 1342 954 1392 οὐκ
989 1340 1144 1403 αὐτὸν,
1171 1340 1247 1390 ἵνα
1281 1338 1348 1404 μὴ
1385 1337 1523 1392 αὐτὸς
1559 1330 1725 1388 ἑαυτοῦ

65 1437 111 1475 15
132 1430 283 1476 νοοῖτο
321 1425 578 1493 χαρακτήρ.
649 1424 714 1476 σὺ
753 1423 799 1475 δὲ
839 1425 948 1488 ἡμῖν
987 1425 1069 1474 οὐκ
1115 1424 1263 1489 ὀρθῶς
1306 1420 1388 1472 τὸν
1427 1422 1500 1472 ἐπὶ
1543 1418 1725 1472 τούτοις

130 1509 460 1561 ἀπολακτίσας
500 1506 662 1573 λόγον,
694 1506 844 1571 μόνην
879 1507 1004 1575 αὐτῷ
1044 1505 1129 1569 τὴν
1166 1505 1266 1555 κατ’
1295 1502 1525 1570 ἐνέργειαν
1561 1500 1719 1566 ὁμοιό-

130 1613 250 1654 τητα
275 1593 522 1657 περιτιθεὶς
548 1591 631 1641 οὐκ
654 1591 882 1658 ἐρυθριᾷς.
937 1591 985 1640 ἐν
1011 1586 1170 1652 μόνοις
1196 1587 1278 1638 οὖν
1305 1585 1397 1652 ἄρα
1423 1587 1722 1654 χαρακτῆρσι

133 1671 254 1726 Θεὸς
281 1674 416 1724 ἔσται
440 1674 546 1724 καθ’
577 1674 695 1735 ὑμᾶς
731 1674 755 1723 ὁ
782 1671 909 1734 Υἱὸς,
938 1673 1014 1721 καὶ
1047 1669 1192 1740 φύσει
1227 1667 1312 1732 μὲν
1338 1669 1572 1731 οὐδαμῶς,
1602 1665 1722 1718 κατὰ
1740 1673 1767 1714 b

132 1755 181 1807 δὲ
220 1754 273 1806 τὸ
311 1759 660 1825 μεμορφῶσθαι
698 1753 843 1816 μόνον
881 1756 956 1804 καὶ
1003 1753 1354 1820 ἐσχηματίσθαι
1398 1754 1557 1804 καλῶς
1605 1748 1723 1816 πρὸς

64 1856 114 1882 20
132 1836 218 1902 τὴν
243 1843 326 1888 τοῦ
352 1838 566 1891 τεκόντος
592 1837 871 1905 ἐμφέρειαν.·
912 1835 1036 1903 τάχα
1072 1834 1119 1885 δὲ
1156 1832 1304 1884 οὐκέτι
1338 1831 1550 1886 τεκόντος
1578 1831 1719 1885 ὅλως·

133 1920 233 1987 ὥρα
258 1919 352 1986 γὰρ
380 1921 497 1983 ὑμᾶς
524 1918 599 1970 διὰ
625 1919 804 1970 τούτων
831 1919 1034 1984 ἀναιρεῖν
1062 1918 1137 1967 καὶ
1163 1916 1248 1981 τὴν
1276 1915 1512 1982 γέννησιν,
1534 1919 1726 1977 μᾶλλον

134 2002 182 2054 δὲ
227 2002 409 2068 ἀνάγκη
450 2007 601 2065 πᾶσα,
641 2003 717 2052 καὶ
756 2004 793 2051 εἰ
832 1999 896 2064 μὴ
935 1999 1191 2061 βούλεσθε.
1248 1999 1355 2064 περὶ
1398 1995 1484 2060 μὲν
1523 1997 1604 2047 οὖν
1642 2001 1726 2048 τοῦ

133 2088 302 2154 χρῆναι
339 2084 577 2137 πιστεύειν
615 2086 930 2149 γεγεννῆσθαι
968 2081 1051 2134 τὸν
1081 2079 1200 2133 Υὶὸν
1239 2083 1288 2132 ἐκ
1329 2079 1537 2146 Πατρὸς,
1573 2078 1726 2132 πολῦς

133 2169 243 2232 ἡμῖν
269 2167 358 2232 ἤδη
386 2165 701 2230 δεδαπάνηται
727 2166 886 2232 λόγος,
912 2163 941 2229 ἢ
968 2166 1044 2215 καὶ
1070 2166 1119 2215 ἐν
1145 2163 1294 2233 οἰκείῳ
1330 2166 1475 2232 καιρῷ
1508 2165 1720 2226 δαπανη-

67 2263 114 2302 25
136 2250 345 2316 θήσεται·
385 2249 776 2316 πρεπωδέστερον
803 2249 858 2299 δέ
877 2271 978 2302 πως
1003 2249 1077 2298 ἐπὶ
1103 2246 1157 2297 τὸ
1183 2248 1231 2297 ἐν
1257 2247 1394 2313 χερσὶ
1420 2243 1725 2307 βαδιούμεθα,

134 2338 231 2386 τοῖς
256 2334 636 2398 ἀθυρογλωττεῖν
662 2329 952 2399 ἀφυλάκτως
983 2329 1202 2381 εἰωθόσιν
1228 2329 1371 2379 ἐκεῖνο
1404 2326 1725 2393 προτείνοντες
1742 2346 1764 2373 c

136 2419 198 2469 εἰς
234 2415 465 2481 ἐρώτησιν
492 2412 602 2480 9Αρ’
640 2415 744 2481 οὐχὶ
776 2411 965 2467 πάντως
1003 2410 1057 2463 τὸ
1099 2409 1237 2463 δοτὸν
1271 2412 1432 2476 ἐροῦσι
1470 2411 1546 2459 καὶ
1583 2409 1726 2476 ἀφαι-

135 2496 271 2564 ρετὸν
309 2499 386 2547 καὶ
426 2495 481 2547 τὸ
518 2495 847 2563 προσγεγονὸς
888 2494 1022 2548 ὅλως»
1051 2495 1276 2561 ἐγχωρεῖν
1315 2492 1610 2556 ὁμολογοῦσι
1649 2491 1725 2540 καὶ

136 2578 508 2640 ἀποβάλλεσθαι
525 2599 538 2640 3
593 2576 622 2642 ἢ
661 2576 755 2644 γὰρ
801 2577 904 2644 οὐχὶ
950 2578 1025 2627 καὶ
1067 2573 1398 2627 ἀποπτύεσθαι
1439 2577 1535 2624 πᾶν
1573 2573 1727 2622 ὁτιοῦν

68 2675 118 2711 30
137 2662 241 2714 ἔσθ’
272 2660 348 2713 ὅτε
375 2660 641 2724 συμβαίνει,
662 2658 687 2710 ὃ
713 2659 777 2724 μὴ
804 2657 924 2710 κατὰ
951 2657 1101 2727 φύσιν
1125 2655 1396 2723 ἐνεῤῥιζώθη
1423 2654 1580 2714 τισίν;
1613 2651 1725 2704 ἀλλ’

254 2802 339 2834 τυχὸν

186 2847 216 2870 2.
243 2836 366 2869 λοιπὸν
384 2834 402 2878 ἡ
420 2833 486 2868 ἀπὸ
504 2832 645 2877 σιδήρου
663 2833 802 2867 inverso
820 2832 942 2867 ordine
962 2832 1004 2866 B.
1126 2843 1157 2875 3.
1184 2831 1250 2864 ἀπὸ
1268 2840 1331 2874 pro
1349 2829 1403 2863 καὶ
1421 2827 1463 2862 Β.
1591 2827 1624 2860 6.
1651 2827 1726 2861 τεθ-

137 2883 261 2928 λίφθαι
282 2882 324 2916 Β.
500 2892 532 2924 9.
559 2878 768 2925 ὁμοιώσεως]
788 2878 1011 2914 ἀπολαύσεως
1029 2879 1081 2912 καὶ
1099 2879 1292 2921 ὁμοιώσεως
1312 2876 1353 2910 Β.
1532 2885 1584 2918 13.
1612 2876 1727 2918 σφρα-

136 2930 256 2975 γίσθαι
274 2929 355 2971 (Sic)
376 2928 417 2962 B.
543 2927 594 2961 16.
622 2928 802 2970 ὁμοιότητα
820 2938 890 2960 orn.
912 2926 952 2959 B.
1078 2936 1129 2969 19.
1158 2923 1211 2968 δέ]
1231 2938 1269 2968 γε
1291 2923 1332 2956 Β.
1450 2931 1504 2965 ²5·
1531 2919 1586 2966 τὸ]
1607 2921 1664 2955 τὸν
1684 2921 1725 2954 Β.

138 2988 194 3022 30.
221 2975 381 3022 ε’ρριζώθη
403 2975 442 3008 Β.
