2084 3317
151 161 205 202 iv.
229 175 320 216 1—3.
384 161 455 201 IN
499 162 540 201 S.
575 160 913 201 JOANNEM.
976 160 1100 200 LIB.
1134 160 1194 200 II.
1257 161 1390 201 CAP.
1426 160 1503 200 IV.
1655 162 1732 200 261

150 274 233 335 τῆς
267 273 315 321 ἐν
345 271 533 334 σώματι
569 270 686 336 ζωῆς
720 271 939 329 ἐννοῆσαι
973 268 1055 319 τὸν
1087 269 1427 333 ἀπειθήσαντα,
1456 267 1645 321 πάντως
1681 266 1739 318 ἂν

150 353 220 404 ὅτι
259 356 332 404 καὶ
373 355 622 418 ἐπήνεγκεν
658 351 791 405 εὐθύς
824 352 966 401 Ἀλλ’
1005 352 1030 401 ὁ
1070 349 1272 404 θάνατος
1309 352 1435 414 με’νει
1474 351 1542 402 ἐπ’
1577 349 1733 400 αὐτόν.

149 435 304 498 ἐπειδὴ
331 435 380 486 δὲ
412 434 540 504 ὀργὴν
566 434 776 500 ὀνομάζει
804 436 929 494 Θεοῦ,
956 436 1104 497 δῆλον
1131 431 1188 483 ἂν
1214 433 1281 497 εἰἠ
1318 431 1488 484 λοιπὸν
1513 437 1613 486 ταῖς
1646 436 1739 483 τῶν
1758 452 1779 476 a
1818 445 1893 479 175
1912 444 1960 477 A.

150 519 298 583 ἁγίων
332 518 565 581 εὐθυμίαις
603 516 688 581 τὴν
723 520 817 566 τῶν
849 517 1043 577 ἀσεβῶν
1075 514 1484 566 ἀντιδιαστέλλων
1517 513 1738 574 κόλασιν,

108 613 129 651 5
150 603 224 651 καὶ
274 598 395 667 ζωὴν
439 599 523 663 μὲν
569 602 825 650 ἀποκαλῶν
870 597 955 662 τὴν
999 597 1145 651 ὅντως
1197 595 1318 664 ζωὴν
1363 599 1411 648 ἐν
1457 597 1573 666 δόξῃ
1624 596 1742 660 μετὰ

150 687 380 749 Χριστοῦ,
413 682 497 735 τὰς
536 681 583 732 δὲ
623 682 697 732 ἐπὶ
735 685 829 734 τοῖς
869 682 1133 740 ἀσεβοῦσιν
1165 680 1315 733 αἰκίας
1350 678 1478 748 ὀργῖγν
1511 681 1582 730 τοῦ
1614 680 1740 730 Θεοῧ.

149 765 221 816 ὅτι
262 765 309 816 δὲ
352 766 450 836 ὁργῇ
489 762 724 816 πολλάκις
762 763 791 826 ἡ
830 761 1030 815 κόλασις
1069 761 1199 828 παρὰ
1242 767 1343 816 ταῖς
1384 762 1525 816 θείαις
1567 761 1742 828 εἴρηται

149 852 371 916 γραφαῖς,
403 847 485 897 δύο
522 846 740 912 παροίσω
780 842 887 898 τοὺς
925 844 1179 911 μάρτυρας,
1209 843 1408 895 Παῡλόν
1440 867 1489 894 τε
1525 846 1600 895 καὶ
1632 845 1739 894 Ἰω-

149 929 309 994 άννην·
367 931 391 979 ὁ
427 928 511 991 μὲν
544 928 636 994 γὰρ
671 928 761 995 ἔφη
797 927 915 992 πρὸς
954 925 1061 980 τοὺς
1099 927 1156 995 ἐξ
1192 929 1338 978 ἐθνῶν
1368 927 1741 995 ἐπιστρέφοντας

1805 1006 1889 1047 Eph.
1907 1007 1939 1038 ii.

1804 1059 1963 1125 {Mam

1804 1138 1849 1168 iii.
1870 1146 1898 1177 7.

83 1026 130 1050 10
151 1018 176 1040 ‘⁶
206 1014 299 1062 Καὶ
327 1010 441 1075 ἦμεν
469 1010 607 1062 τέκνα
633 1011 777 1076 ὀργῆς
806 1011 961 1078 φύσει,
992 1011 1053 1063 ὡς
1081 1012 1155 1060 καὶ
1184 1013 1225 1059 οἱ
1258 1010 1460 1060 λοιποί·”
1503 1011 1527 1059 ὁ
1563 1009 1610 1059 δέ
1645 1013 1741 1061 τοῖς

149 1100 481 1161 γραμματεῦσι
513 1096 587 1144 καὶ
617 1093 895 1159 Φαρισαίοις
924 1099 949 1121 “
972 1092 1248 1156 Γεννήματα
1283 1093 1492 1159 ἐχιδνῶν,
1519 1091 1588 1145 τίς
1625 1091 1735 1142 ὑπέ-

150 1184 176 1206 “
203 1177 351 1246 δειξεν
379 1177 484 1239 ὑμῖν
513 1180 680 1245 φυγεῖν
707 1174 801 1226 ἀπὸ
829 1177 911 1239 τῆς
937 1174 1215 1239 μελλούσης
1243 1176 1387 1240 ὀργῆς
1408 1175 1448 1236 ;”
1761 1180 1787 1221 b

144 1339 227 1382 Ὠς
270 1336 343 1381 οὖν
382 1339 493 1386 {svm
532 1339 554 1381 ὁ
599 1338 749 1395 Κύριος
788 1339 853 1381 ὅτι
893 1338 1082 1379 ι’έκουσαν
1123 1335 1161 1378 οἱ
1202 1333 1432 1394 Φαρισαῖοι
1471 1338 1537 1379 ὅτι
1574 1336 1741 1378 ’lt-160&
1763 1340 1864 1390 Κεφ.
1888 1336 1934 1378 δ’.

216 1422 419 1465 Πλείοναε
462 1422 655 1472 μαθΗτὰε
699 1419 812 1463 Ποιεῖ
854 1421 922 1462 καί
962 1420 1146 1479 βαπτίζει
1185 1421 1208 1462 pi
1241 1421 1464 1462 ἸωάννΗε·
1517 1420 1654 1462 καίτοι
1699 1436 1784 1467 Γε2

82 1514 128 1551 15
217 1506 346 1549 αὐτὸς
376 1507 545 1549 ἸΗσοῦε
584 1506 659 1547 οὐκ
696 1505 927 1563 ἐβάπτιζεν,
966 1505 1054 1546 ἀλλ’
1099 1503 1137 1546 οἷ
1175 1504 1363 1553 memmi
1401 1504 1546 1546 αὐτοῦ·
1595 1504 1784 1560 ἀφήκεῗ)

215 1589 292 1632 τήν
323 1589 539 1631 Ἰουδαίαν
579 1590 647 1631 καὶ
684 1590 854 1631 ἀπιῖλθε
894 1589 1023 1630 Πάλιν
1062 1586 1121 1629 εἰς
1159 1589 1235 1630 τήν
1277 1587 1519 1630 Γαλιλαίαν.

226 1704 385 1757 Πόθεν
412 1706 520 1769 ἡμῖν
546 1709 608 1758 εἷς
634 1710 772 1755 τοῦτο
798 1704 1015 1771 πρόεισιν
1043 1705 1067 1753 ὁ
1094 1703 1252 1770 λόγος,
1278 1702 1307 1768 ἢ
1344 1705 1393 1754 ἐκ
1424 1703 1560 1756 ποίας
1595 1703 1743 1768 ἀρχῆς

150 1788 178 1852 ἡ
213 1794 296 1839 τοῦ
333 1787 621 1854 διηγήματος
657 1784 962 1837 καθέλκουσα
995 1785 1142 1855 τάξις,
1176 1784 1414 1851 ἐγνωκότα
1446 1784 1529 1836 τὸν
1566 1782 1784 1850 Κύριονο

150 1872 358 1940 εἰσφέρει
419 1869 525 1923 τοὺς
588 1869 879 1935 Φαρισαίους
943 1867 1063 1935 ἅπερ
1126 1867 1355 1920 ἐπύθοντο
1418 1871 1598 1931 μαθεῖν,
1661 1866 1745 1917 οὐκ

83 1974 133 2000 20
150 1954 388 2023 ἄκομψον,
417 1955 478 2007 ὡς
512 1952 673 2010 ἔοικεν,
702 1956 860 2003 εἰπεῖν.
914 1950 968 2002 τὸ
1005 1952 1099 2018 γάρ
1125 1951 1209 2006 ιΩς
1247 1949 1310 2002 οὖν
1338 1950 1446 2017 ἔγνω
1482 1949 1637 2014 λέγειν
1662 1948 1745 1999 τὸν

148 2035 286 2102 ἅγιον
317 2034 700 2102 Εὐαγγελιστὴν,
740 2034 953 2101 ἐμφασίν
990 2057 1095 2085 τινα
1132 2033 1534 2100 προῦποκειμένου
1573 2035 1745 2099 σαφῶς

149 2119 382 2171 ἀνατίκτει
418 2118 714 2185 πράγματος·
763 2115 920 2168 πάντα
957 2115 1042 2180 μὲν
1081 2115 1188 2183 γὰρ,
1228 2115 1413 2170 οὐδενός
1451 2138 1495 2166 τι
1535 2136 1746 2178 καταμη-

150 2202 354 2264 νύοντος,
394 2200 667 2262 αὐτομάτως
707 2196 841 2260 οἶδεν,
881 2201 942 2252 ὡς
983 2198 1117 2261 Θεὸς,
1161 2200 1236 2249 καὶ
1283 2199 1370 2265 οὐχ
1416 2197 1489 2248 ὅτε
1534 2197 1745 2262 γίγνεται

150 2288 353 2350 πρῶτον,
381 2281 512 2333 ἀλλὰ
546 2283 620 2333 καὶ
648 2283 807 2347 “πρ“ιν
838 2280 1066 2346 γενέσεως
1105 2281 1299 2343 αὐτῶν,”
1328 2283 1390 2334 ὡς
1430 2281 1455 2330 ὁ
1494 2277 1745 2346 προφήτης
1807 2289 1897 2364 gii&-

83 2379 131 2417 25
152 2365 503 2433 διεμαρτύρατο.
569 2363 800 2430 περιμένει
846 2364 893 2415 δὲ
935 2362 1043 2417 τοὺς
1082 2364 1155 2432 ἐφ’
1197 2361 1384 2432 ἑκάστῳ
1427 2360 1628 2428 καιροὺς,
1670 2361 1745 2411 καὶ
1831 2343 1948 2374 ¹1⁵·42-

150 2453 251 2502 ταῖς
286 2452 379 2498 τῶν
410 2446 705 2514 πραγμάτων
735 2447 1050 2509 ἀκολουθίαις,
1081 2444 1109 2511 ὴ
1145 2449 1204 2514 τῇ
1240 2444 1526 2512 προγνώσει,
1553 2447 1746 2507 μᾶλλον

151 2532 412 2582 ἐνδίδωσιν·
475 2528 533 2594 ἧν
576 2527 669 2595 γὰρ
722 2527 779 2592 δὴ
831 2531 905 2580 καὶ
954 2533 1094 2579 τοῦτο
1145 2532 1431 2594 θεοπρεποῦς
1482 2525 1746 2588 οἰκονομίας

152 2612 302 2681 ἄξιον.
1764 2611 1790 2652 <1

203 2759 233 2782 1.
259 2747 299 2781 ἂν
316 2758 385 2781 om.
407 2746 447 2780 B.
499 2746 626 2780 Statim
643 2746 695 2781 ὅτι
714 2748 767 2781 καὶ
785 2753 1009 2793 assumptum
1028 2759 1069 2781 ex
1090 2746 1170 2781 B.D
1189 2757 1261 2790 mg.
1426 2755 1457 2778 2.
1483 2743 1574 2787 μένει
1594 2742 1636 2776 Β.
1654 2744 1746 2786 μενεῖ

153 2795 219 2829 Ed.
344 2802 375 2839 7.
401 2793 493 2839 παρὰ
509 2795 582 2828 ταῖς
599 2793 702 2830 θείαις
719 2793 846 2839 εἴρηται
863 2794 930 2828 hoc
948 2793 1070 2828 ordine
1089 2793 1131 2827 Β.
1247 2803 1260 2826 1
1272 2803 1301 2826 1.
1328 2791 1381 2825 καὶ
1399 2792 1469 2827 τοῖς
1488 2790 1530 2824 Β.
1648 2798 1701 2834 17.
1726 2788 1745 2833 ἢ

152 2853 222 2876 om.
244 2841 286 2875 Β.
447 2840 500 2874 18.
527 2839 740 2875 καθέλκουσα
760 2841 801 2875 Β.
822 2840 1040 2885 καθέρπουσα
1059 2839 1126 2874 Ed.
1284 2849 1337 2872 20.
1364 2838 1424 2872 οὐκ
1442 2849 1504 2882 pro
1523 2836 1582 2871 οὖν
1601 2836 1682 2881 (sic)
1703 2836 1745 2870 Β.

152 2887 254 2934 ἔγνω]
279 2892 316 2929 -ὶ-
338 2889 356 2921 ὁ
375 2886 498 2931 Κύριος
516 2886 583 2920 Ed.
602 2887 712 2921 invito
732 2887 773 2921 Β.
982 2899 1036 2922 21.
1065 2888 1188 2932 σαφῶς
1206 2885 1371 2920 ἀνατίκτει
1388 2885 1586 2929 πράγματος
1603 2883 1670 2917 hoc
1689 2894 1745 2917 01·-

153 2934 234 2969 dine
254 2935 295 2969 B.
314 2935 513 2979 πράγματος
529 2933 695 2968 ἀνατίκτει
713 2935 836 2979 σαφῶς
854 2934 921 2969 Ed.
1225 2943 1278 2975 24.
1304 2934 1439 2976 πρῶτον
1458 2931 1499 2965 Β.
1517 2933 1658 2975 πρώτως
1677 2929 1743 2964 Ed.

154 2991 209 3027 27.
237 2982 276 3026 δὴ
295 2982 347 3016 καὶ
366 2979 482 3025 τουτο]
502 2982 602 3014 τοῦτο
620 2980 659 3024 δὴ
680 2981 721 3015 Β.
