2073 3296
106 301 201 333 Hier.
220 302 267 334 iii.

109 352 159 384 27.

105 392 164 426 44
185 392 236 427 A.
293 403 316 427 a

104 546 204 577 Rom.
222 547 241 579 i.

107 599 157 629 25.

100 1457 175 1496 Sap.
197 1455 264 1487 xiii.

328 187 385 228 66
730 190 780 231 Β.
814 188 1088 231 CYRILLI
1129 188 1508 231 ALEXANDR.
1831 187 1856 227 i.
1876 199 1916 241 3.

379 295 392 312 ι
732 297 743 313 ,
979 296 998 318 5
1091 296 1104 312 x
1212 300 1233 310 Α
1319 297 1331 315 x
1422 298 1433 315 2
1594 295 1608 312 x
1676 297 1686 311 ,
1732 295 1744 312 ,
1882 293 1896 308 1

331 303 551 362 λεγοντες
593 304 621 327 “
647 301 770 352 Θεος
814 321 906 362 μου
957 321 995 349 ει
1044 320 1122 360 συ,
1168 320 1235 366 τῳ
1283 300 1332 348 δε
1378 301 1499 367 λιθῳ
1545 300 1613 348 Συ
1664 317 1919 363 εγεννησας

333 383 360 406 “
384 380 482 442 με,”
529 379 675 446 ἕτεροι
725 379 774 431 δὲ
823 379 973 431 πάλιν
1022 384 1415 443 πλημμελοῦντες
1465 378 1523 430 τὰ
1573 380 1784 445 συγγενῆ
1834 374 1921 440 μὲν

329 460 529 525 ἐκείνοις,
573 462 875 528 ἀστειοτέραν
919 460 963 512 δ’
1009 462 1091 512 οὖν
1135 461 1261 524 ὅμως
1311 460 1654 525 ἐπιτηδεύοντες
1705 459 1915 523 πλάνην,

328 546 386 610 τῇ
425 544 574 594 κτίσει
612 543 852 610 λατρεύειν
886 540 1035 612 ᾤοντο
1073 545 1242 610 χρῆναι
1280 541 1411 609 παρὰ
1448 542 1531 594 τὸν
1569 542 1812 604 κτίσαντα,
1844 542 1920 591 καὶ

326 624 413 689 τὴν
446 624 566 694 μόνῃ
603 624 880 692 πρέπουσαν
910 623 1057 693 δόξαν
1087 628 1146 691 τῇ
1185 625 1286 693 θείᾳ
1325 624 1483 694 φύσει,
1509 629 1606 678 τοῖς
1639 625 1748 689 παρ’
1778 623 1919 686 αὐτῆς

325 708 650 773 γεγενημένοις
687 706 954 775 ἐχαρίζοντο
993 707 1258 774 στοιχείοις,
1298 707 1562 772 ἀναγκαίως
1600 706 1709 770 ἡμῖν
1748 705 1773 755 ὁ
1812 708 1917 755 θεο-

325 788 471 854 λόγος
495 788 693 854 ποιητὴν
719 788 833 840 ὅντα
868 790 945 840 καὶ
971 787 1259 856 δημιουργὸν
1286 787 1407 839 κατὰ
1432 787 1582 856 φύσιν
1608 785 1812 856 εἰσφέρει
1837 785 1920 837 τὸν

328 874 596 937 Μονογενῆ,
634 871 793 923 πάντα
837 878 993 937 λεγων
1034 871 1088 922 δι’
1130 871 1274 921 αὐτοῦ
1317 873 1618 936 γεγενῆσθαι,
1657 871 1733 920 καὶ
1776 870 1919 936 χωρὶς

281 953 468 1003 ὒαύτοῦ
507 952 653 1018 μηδὲν
682 957 745 1008 εἰς
782 952 836 1005 τὸ
872 951 988 1004 εἶναι
1027 956 1299 1019 παρελθεῖν,
1336 952 1412 1003 ἵνα
1449 956 1550 1005 ταῖς
1586 952 1695 1018 παρ’
1735 950 1919 1001 ἐκείνων

325 1034 527 1090 ἀπάταις
553 1036 819 1104 ἀποκλείσῃ
846 1034 931 1100 τὴν
957 1039 1020 1089 εἷς
1046 1034 1100 1085 τὸ
1126 1032 1296 1100 πρόσω
1321 1033 1545 1101 πάροδον,
1573 1036 1648 1084 καὶ
1675 1034 1803 1102 δείξῃ
1834 1032 1919 1096 μὲν

323 1121 420 1171 τοῖς
454 1119 539 1168 οὐκ
577 1116 726 1168 εἰδόσι
765 1117 847 1169 τὸν
886 1116 1110 1169 ἁπάντων
1151 1115 1509 1183 Γενεσιουργὸν,
1547 1118 1601 1167 δι’
1643 1114 1708 1167 ὧν
1747 1115 1795 1166 δὲ
1833 1114 1919 1178 τὴν

324 1199 481 1250 κτίσιν
513 1199 808 1263 πεποιῆσθαί
843 1202 981 1268 φησι,
1012 1197 1088 1249 διὰ
1126 1197 1306 1249 τούτων
1342 1198 1495 1249 αὐτῶν
1529 1197 1781 1266 ἐκδιδάσκῃ
1818 1220 1915 1248 σα-

325 1284 442 1349 φῶς,
470 1280 630 1348 ὅτιπερ
657 1281 811 1347 ἕτερός
838 1283 941 1331 ε’στι
965 1279 1075 1346 παρ’
1105 1281 1282 1345 ε’κείνην
1308 1281 1332 1330 ὁ
1359 1280 1478 1346 πρὸς
1503 1279 1558 1331 τὸ
1593 1278 1707 1331 εἶναι
1742 1284 1918 1342 καλῶν,

325 1364 402 1413 καὶ
437 1362 623 1433 ἆῤῥήτῳ
658 1361 848 1427 δυνάμει
882 1362 1183 1430 παρενεγκὼν
1209 1363 1258 1413 ἐκ
1293 1361 1358 1427 μὴ
1393 1362 1542 1414 ὅντων
1568 1361 1627 1413 τὰ
1661 1361 1775 1413 ὄντα
1800 1361 1918 1428 πρὸς

324 1443 528 1510 γε’νεσιν.
600 1444 659 1509 ἧν
702 1444 796 1512 γὰρ
841 1446 962 1496 οὕτω
1007 1443 1178 1496 λοιπὸν
1219 1443 1314 1496 ἀπὸ
1359 1447 1600 1509 καλλονῆς
1645 1442 1918 1506 κτισμάτων

325 1526 575 1593 ἀναλόγως
614 1527 697 1578 τὸν
735 1527 951 1595 τεχνίτην
990 1528 1118 1592 ὁρᾶν,
1158 1528 1234 1577 καὶ
1274 1525 1358 1577 τὸν
1396 1525 1510 1577 ὅντα
1553 1526 1651 1577 κατ’
1693 1525 1918 1591 ἀλήθειαν

285 1609 653 1675 οέπιγινώσκειν
698 1608 838 1673 Θεὸν,
884 1610 938 1659 δι’
987 1608 1041 1660 οὗ
1091 1608 1150 1660 τὰ
1200 1606 1358 1660 πάντα
1404 1608 1576 1673 γε’γονέ
1612 1630 1664 1658 τε
1706 1608 1805 1673 ἤδη
1842 1610 1918 1659 καὶ

324 1692 556 1758 γεγονότα
589 1692 802 1757 σώζεται.
866 1696 967 1745 ταῖς
1000 1690 1087 1756 μὲν
1113 1692 1194 1742 οὖν
1219 1690 1475 1755 “Ελλήνων
1506 1691 1914 1759 ψευδολατρείαις,

323 1775 471 1829 οὕτως
510 1774 567 1825 ἂν
605 1772 732 1838 οἶμαι
777 1777 936 1827 καλῶς
973 1773 1056 1824 τὸν
1095 1773 1402 1839 εὐαγγελικὸν
1441 1771 1916 1840 ἀντιπαρατάξασθαι

324 1855 485 1922 λόγον,
526 1855 698 1920 ταύτης
742 1879 790 1907 τε
835 1856 968 1906 ἕνεκα
1013 1858 1097 1918 τῆς
1144 1856 1293 1908 αἰτίας
1336 1854 1535 1920 ποιητὴν
1577 1857 1795 1921 εἱσῆχθαι
1841 1854 1917 1904 καὶ

324 1936 609 2005 δημιουργὸν
648 1937 722 1989 διὰ
759 1941 842 2002 τῆς
880 1943 963 1989 τοῦ
1002 1937 1139 2003 ἁγίου
1178 1940 1340 2006 φωνῆς
1378 1937 1462 1988 τὸν
1504 1938 1756 2002 Μονογενῆ
1794 1958 1912 1987 πισ-

324 2019 530 2083 τεύομεν.

398 2100 592 2166 Ἐπειδὴ
643 2102 691 2154 δὲ
744 2102 1009 2153 ἀκόλουθον
1055 2104 1227 2154 ἐννοεῖν
1270 2104 1346 2153 καὶ
1396 2100 1481 2156 τὰς
1530 2105 1625 2152 τῶν
1676 2103 1918 2167 αἱρετικῶν

324 2184 620 2252 δυστρόπους
663 2186 1005 2251 εὑρεσιλογιάς,
1046 2185 1306 2252 προσήκειν
1344 2185 1547 2250 ἡγοῦμαι
1588 2184 1664 2234 καὶ
1702 2180 1820 2250 πρὸς
1857 2180 1917 2233 τὰ

324 2267 509 2319 ἐκείνων
534 2267 901 2327 ἀποβλέποντας
928 2267 1009 2331 ε”θη
1035 2266 1180 2334 μικρὰ
1207 2266 1356 2318 πάλιν
1381 2270 1540 2318 εἰπεῖν.

375 2443 528 2494 Πάντα,
555 2445 666 2497 φησὶ,
696 2443 740 2485 δι’
774 2444 890 2484 αὐτοῦ
922 2443 1078 2496 ἐγένετο
1111 2444 1173 2484 καὶ
1203 2443 1321 2496 χωρὶς
1353 2442 1470 2484 αὐτοῦ
1503 2442 1658 2495 ἐγένετο
1690 2442 1779 2483 οὐδὲ
1811 2442 1866 2482 ἕν.

402 2551 674 2619 Θεοπρεπές
719 2554 793 2603 καὶ
838 2557 977 2603 τοῦτο
1026 2552 1293 2619 περιτίθησι
1343 2549 1397 2601 τὸ
1448 2551 1634 2619 ἀξίωμα
1681 2556 1747 2619 τῴ
1791 2553 1912 2620 Υὶῷ,

324 2634 623 2702 πανταχόθεν
661 2633 915 2699 ὁμοούσιον
957 2633 1070 2685 ὄντα
1114 2633 1334 2685 δεικνύων
1377 2631 1518 2683 αὑτὸν
1561 2636 1627 2701 τῷ
1671 2631 1918 2698 γεννήτορι

326 2720 448 2787 Θεῷ,
476 2719 551 2768 καὶ
577 2717 733 2769 πάντα
758 2715 818 2768 τὰ
842 2716 996 2787 ἐκείνῳ
1022 2715 1268 2782 προσόντα
1302 2719 1516 2785 φυσικῶς
1546 2713 1826 2782 ἐνυπάρχειν
1851 2719 1918 2784 τῷ

372 2869 405 2904 5.
431 2858 508 2904 παρ’
527 2860 628 2903 αὐτῆς
645 2859 878 2905 γεγενημένοις
897 2859 943 2894 D.
962 2858 1028 2894 Ed.
1046 2871 1117 2903 mg.
1137 2857 1214 2900 παρ’
1233 2858 1346 2893 αὐτοῖς
1363 2857 1616 2904 γεγεννημένοις
1635 2856 1702 2891 Ed.
1796 2867 1849 2891 10.
1876 2857 1915 2891 τὸ

325 2918 395 2940 om.
417 2906 459 2940 B.
561 2917 613 2940 12.
641 2907 797 2951 ἐκδιδάξῃ
816 2907 856 2941 Ε.
963 2918 1016 2951 13.
1042 2905 1120 2949 παρ’
1139 2906 1263 2949 ἐκείνης
1282 2905 1324 2939 Ε.
1437 2916 1488 2949 19.
1515 2903 1852 2950 ἀντιπαρατάξασθαι
1871 2903 1914 2938 Β.

325 2953 583 3034 παρατάξὲισθαι
606 2953 672 2988 Ed.
846 2954 902 2989 28.
928 2953 1139 2999 πανταχόθεν
1159 2952 1201 2987 Β.
1221 2952 1271 2986 καὶ
1290 2952 1504 2996 πανταχόθεν
1523 2951 1588 2986 Ed.
1760 2961 1815 2995 29.
1841 2950 1912 2985 ἐνυ-

324 3014 447 3046 παρχει
500 3026 507 3033 .

1939 635 1962 673 5

1942 1049 1988 1075 10

1941 1460 1987 1499 15

1940 1876 1989 1901 20

1939 2277 1987 2315 25

2064 2829 2070 2854 s.
2064 2337 2073 2821 mmmm
2065 2187 2073 2294 e--ffl-
2065 2116 2069 2146 ——
2064 2072 2069 2108 -—-
2064 2002 2069 2065 -·-...-
2065 1981 2068 1995 —
2065 1933 2068 1948 -

2064 3197 2066 3204 —
2064 3159 2070 3190 ...⁴
2067 3147 2069 3153 .
2064 2863 2073 3134 ,με-,ΗΜ
