2084 3317
340 167 424 207 560
741 168 790 208 B.
824 167 1101 208 CYRILLI
1144 166 1523 208 ALEXANDR.
1784 165 1838 206 vi.
1859 167 1926 217 67.

296 275 584 343 ὒφαίνοιντο
623 276 856 342 κρείττους
900 279 983 340 τῆς
1020 275 1259 327 Ἰουδαίων
1298 275 1616 335 ἀπαιδευσίας,
1653 274 1808 324 ὀπίσω
1853 275 1928 323 καὶ

341 357 470 407 αὐτοὶ
497 358 875 425 πεμφθήσονται,
902 360 978 407 καὶ
1006 356 1153 408 οὐκέτι
1179 355 1271 407 σὺν
1298 357 1423 425 αὐτῷ
1454 358 1739 418 βαδιοῦνται,
1766 376 1922 405 κατοι-

339 437 571 504 χήσονται
609 438 657 489 δὲ
695 438 813 504 πρὸς
852 438 1106 489 ἀπώλειαν.
1171 439 1224 488 οὐ
1265 436 1360 503 γὰρ
1399 438 1424 487 ὁ
1467 435 1619 491 πολὺς
1660 437 1709 487 ἐν
1747 438 1929 504 ἀριθμῶ

340 518 671 584 προσκυνητὴς
697 518 886 573 πάντως
921 519 1056 570 ἔσται
1090 518 1221 585 παρὰ
1248 522 1357 588 Θεῷ
1392 521 1467 569 καὶ
1501 519 1664 581 τίμιος,
1690 516 1801 568 ἀλλ’
1829 519 1854 568 ὁ
1880 518 1928 568 ἐν

341 600 459 666 ὀρθῇ
493 600 761 666 διαπρέπων
795 601 968 664 πίστει,
996 602 1071 651 καὶ
1108 604 1144 651 εἰ
1182 600 1396 669 φαίνοιτο
1428 598 1627 667 βραχύς.
1682 597 1758 650 διὰ
1789 603 1927 649 τοῦτο
1948 613 1970 651 5

117 689 280 765 ξὲΜΙᾶἔὼ·
341 681 555 735 πολλοὺς
593 680 680 745 μὲν
718 680 830 733 εἶναι
871 680 980 736 τοὺς
1018 682 1329 746 κεκλημένους
1366 682 1394 745 ἡ
1434 681 1535 732 θεία
1573 679 1701 746 λέγει
1738 678 1923 748 γραφὴ,

167 758 171 764 ¹
234 758 241 764 ’
340 762 794 830 παραδεχθήσεσθαι
845 763 894 814 δὲ
942 763 1113 825 μόνους
1157 762 1265 818 τοὺς
1309 761 1566 824 ἐκλεκτοὺς,
1610 764 1686 812 καὶ
1730 765 1927 824 δοκιμω-

341 842 509 898 τάτους
536 845 725 911 ὀλίγους
758 844 897 900 ὄντας
928 849 1112 910 κομιδῆ.
1166 847 1241 897 καὶ
1276 850 1413 896 τοῦτο
1448 844 1543 911 γὰρ
1577 843 1716 898 αὐτὸς
1750 846 1775 895 ὁ
1808 848 1929 898 θεῖος

303 925 451 989 οὴμῖν
484 925 821 994 διεμαρτύρατο
860 927 1016 994 λόγος.
1069 927 1231 991 ὅμοιον
1265 927 1420 977 τοίνυν
1456 929 1517 979 ὡς
1556 930 1594 977 εἰ
1633 927 1708 976 καὶ
1746 926 1928 994 ἔφασκε

341 1011 438 1060 τοῖς
492 1007 656 1059 ἑαυτοῦ
713 1013 942 1073 μαθηταῖς
999 1011 1024 1060 ὁ
1077 1008 1246 1075 Σωτήρ
1300 1012 1359 1059 Εἰ
1409 1006 1496 1072 μὲν
1545 1012 1641 1061 τοῖς
1691 1007 1927 1074 ἡμετέροις
1952 1029 1999 1053 10

340 1090 573 1153 ἀμελλητὶ
612 1091 954 1141 καταπείθεσθε
993 1089 1169 1156 λόγοις,
1200 1093 1238 1140 εἰ
1272 1088 1326 1141 τὸ
1361 1094 1653 1155 κατηγοροῦν
1686 1087 1928 1155 ἐνδοιάζειν

339 1170 536 1238 ἀφέντες
575 1170 933 1240 ἀπεριεργάστῳ
971 1173 1130 1223 πίστει
1171 1169 1340 1222 λοιπὸν
1378 1170 1704 1237 παραδέχεσθε
1746 1169 1799 1220 τὸ
1840 1193 1927 1233 μυ-

339 1251 550 1318 στήριον,
595 1256 633 1303 εἷ
679 1252 848 1319 πικρὸν
899 1254 1005 1316 ὑμῖν
1051 1255 1265 1322 φαίνεται
1315 1254 1390 1303 καὶ
1439 1251 1692 1318 βδελυρίας
1743 1252 1796 1302 οὐ
1845 1254 1928 1315 τῆς

338 1334 576 1401 τυχούσης
620 1335 887 1398 ἀνάμεστον
926 1334 981 1385 τὸ
1026 1335 1264 1401 σκληρίαν
1304 1338 1399 1385 τῶν
1438 1335 1561 1397 ἐμῶν
1602 1335 1927 1399 κατηγορῆσαι

114 1426 241 1500 ῗέιιπλῖ
339 1415 513 1481 λόγων,
559 1419 597 1466 εἰ
646 1420 951 1482 παραιτεῖσθε
1004 1417 1160 1482 λέγειν
1203 1417 1471 1470 Ἰουδαϊκῶς
1515 1422 1542 1444 “
1571 1419 1685 1469 Πῶς
1734 1413 1925 1465 δυ’ναται
1951 1438 1996 1477 15

175 1478 220 1510 '⁵
247 1492 255 1502 ⁸
339 1503 366 1527 ‘⁶
392 1497 502 1561 ἡμῖν
535 1497 669 1551 οὗτος
705 1501 864 1548 δοῦναι
897 1497 983 1562 τὴν
1014 1497 1173 1564 σάρκα
1207 1498 1349 1549 αὐτοῦ
1385 1501 1555 1565 φαγεῖν
1572 1498 1613 1559 ;”
1655 1495 1843 1565 ὅψομαί
1875 1518 1925 1547 τε

337 1578 569 1634 συνόντας
608 1579 765 1644 ἡδέως,
804 1582 881 1630 καὶ
919 1579 1317 1645 συνδιαιτήσομαι
1358 1580 1546 1647 χαίρων,
1587 1581 1662 1629 καὶ
1700 1578 1927 1644 γνησίους

294 1673 321 1714 d
339 1659 477 1715 ὄντας
518 1663 706 1727 ἀγαπῶ·
765 1665 803 1712 εἰ
848 1661 895 1713 δὲ
939 1666 1035 1716 τοῖς
1075 1661 1231 1713 ὀπίσω
1269 1667 1477 1712 πεσοῦσι
1514 1659 1574 1712 τὰ
1612 1659 1696 1711 ’ίσα
1736 1663 1928 1728 φρονεῖν

337 1742 585 1808 ἐγνώκατε,
626 1745 701 1794 καὶ
739 1743 1107 1811 συναποτρέχειν
1145 1744 1321 1813 ἐφίημι,
1362 1747 1438 1793 καὶ
1476 1741 1821 1793 συναπελαύνω
1860 1745 1927 1792 δι-

336 1825 489 1878 καίως.
542 1826 597 1875 οὐ
634 1825 727 1891 γὰρ
766 1826 1070 1894 ἐπιλείψουσι
1108 1827 1449 1892 προσκυνηταὶ,
1480 1829 1575 1875 τῶν
1608 1824 1927 1889 εὐαγγελικῶν
1947 1849 1996 1875 20

335 1906 648 1972 κηρυγμάτων
687 1908 770 1957 οὐκ
808 1911 870 1960 εἷς
910 1906 1058 1971 μόνην
1097 1906 1508 1971 λαληθησομένων
1546 1905 1633 1970 τὴν
1670 1906 1922 1968 Ἰουδαίαν,

333 1987 445 2039 ἀλλ’
495 1992 557 2042 εἶς
606 1993 770 2040 πᾶσαν
821 1988 910 2053 ἤδη
960 1989 1343 2058 περιφοιτώντων
1388 1987 1474 2052 τὴν
1517 1987 1803 2051 οἰκουμένην,
1850 1990 1926 2037 καὶ

333 2069 546 2136 καθάπερ
585 2073 647 2123 εἷς
689 2069 858 2121 θίασον
897 2070 977 2120 ἕνα
1015 2069 1121 2124 τοὺς
1169 2069 1476 2137 ἁπανταχόσε
1521 2068 1807 2131 καλούντων,
1849 2070 1925 2119 καὶ

333 2149 711 2218 συναγειρόντων
755 2152 955 2206 εὐπετῶς
1001 2153 1077 2204 ἐπὶ
1121 2151 1208 2216 τὴν
1252 2154 1334 2216 τῆς
1379 2152 1602 2215 ἀληθείας
1646 2151 1919 2216 ἐπίγνωσιν.

111 2238 204 2311 ἔξω·
225 2237 269 2268 xi.
334 2239 361 2263 “
376 2232 475 2284 Ἴδε
505 2239 755 2300 τοιγαροῦν
780 2232 1084 2301 χρηστότητα
1118 2235 1192 2284 καὶ
1229 2234 1490 2296 ἀποτομίαν
1516 2232 1683 2294 Θεοῦ,”
1713 2231 1923 2298 καθάπερ
1945 2256 1994 2295 25

158 2306 163 2313 ⁵
294 2315 359 2365 οὸ
400 2315 596 2369 Παῦλός
635 2319 772 2384 φησι·
829 2318 905 2366 καὶ
945 2316 1207 2379 ἀποτομίαν
1245 2314 1329 2378 μὲν
1367 2316 1439 2365 ἐπὶ
1479 2319 1575 2367 τοῖς
1613 2313 1921 2377 ἀπειθήσασι,

332 2395 638 2464 χρηστότητα
663 2396 712 2448 δὲ
737 2396 886 2448 πάλιν
910 2399 984 2449 ἐπὶ
1010 2401 1106 2450 τοῖς
1131 2395 1400 2459 μέλλουσιν
1420 2395 1746 2462 ἐπιγινώσκειν
1766 2395 1921 2458 αὐτὸν,

110 2495 162 2528 lb.
331 2476 412 2529 ἐὰν
437 2478 692 2542 ἐπιμένωσι
718 2483 776 2547 τῇ
800 2479 1104 2546 χρηστότητι,
1132 2476 1342 2545 καθάπερ
1373 2501 1465 2529 που
1498 2477 1646 2529 πάλιν
1672 2478 1697 2528 ὁ
1726 2480 1923 2531 Παῦλος

108 2587 159 2619 Ib.
179 2596 228 2618 21,
332 2559 677 2627 διισχυρίσατο·
729 2563 823 2612 ἐπεὶ
849 2563 923 2611 καὶ
949 2561 1080 2611 αὐτοὶ
1105 2558 1467 2624 ἐκκοπήσονται·
1510 2561 1535 2610 ὀ
1561 2557 1656 2625 γὰρ
1682 2563 1777 2610 τῶν
1803 2558 1923 2610 κατὰ

331 2640 482 2711 φύσιν
529 2642 584 2692 οὐ
632 2641 919 2710 φεισάμενος
963 2640 1166 2705 κλάδων,
1211 2640 1316 2692 οὐδὲ
1360 2645 1456 2692 τῶν
1500 2639 1921 2707 ἐγκεντρισθέντων
1940 2665 1992 2701 30

377 2762 411 2792 4.
439 2751 457 2784 ὁ
474 2761 545 2784 om.
564 2749 607 2784 B.
786 2749 819 2784 6.
845 2748 927 2784 εἶναι
945 2761 1015 2784 om.
1036 2748 1079 2783 B.
1258 2749 1291 2783 8.
1319 2750 1337 2781 ὁ
1355 2748 1445 2784 θεῖος
1461 2748 1560 2783 αὐτὸς
1578 2749 1717 2782 inverso
1736 2747 1858 2782 ordine
1877 2747 1920 2783 B.

832 2806 902 2822 Κατα

334 2840 387 2863 11.
413 2829 442 2863 εἷ
457 2831 496 2864 τὸ
515 2828 739 2875 κατηγοροῦν]
760 2829 807 2864 εἷς
824 2845 861 2864 το
879 2844 912 2863 τι
929 2831 1012 2875 γοῦν
1031 2828 1073 2863 Β.
1221 2840 1273 2871 13.
1299 2829 1376 2872 ὑμῖν
1394 2828 1526 2863 correxi
1545 2840 1651 2862 sensu
1669 2833 1825 2872 cogente.
1843 2827 1921 2871 ἡμῖν

330 2875 398 2909 Ed.
520 2888 573 2919 14.
600 2877 863 2921 κατηγορεῖσθαι
884 2876 926 2910 Β,
1042 2875 1093 2908 16.
1121 2874 1218 2911 οὗτος
1235 2876 1312 2919 ἡμῖν
1330 2877 1468 2909 inverso
1486 2874 1608 2908 ordine
1629 2875 1669 2908 B.
1687 2875 1764 2918 ὑμῖν
1783 2874 1917 2918 Migne·

329 2922 431 2955 αὐτοῦ
449 2929 672 2967 assumptum
691 2934 731 2956 ex
754 2922 794 2956 B.
918 2923 972 2957 26.
999 2923 1052 2956 καὶ
1071 2933 1140 2956 om.
1162 2922 1202 2956 B.
1270 2922 1394 2956 Statim
1414 2921 1580 2965 ἀποτομία
1603 2921 1642 2955 B.
1766 2922 1820 2954 28.
1847 2921 1918 2954 ἐπι-

329 2969 454 3011 μένωσι
476 2969 516 3003 Β.
535 2969 731 3013 ἐπιμένουσι
752 2969 816 3003 Ed.
