2084 3317
329 162 414 202 458
730 160 781 200 B.
815 156 1089 199 CYRILLI
1130 152 1512 196 ALEXANDR.
1686 151 1741 190 vi.
1758 161 1826 204 32,
1845 161 1911 204 33.

329 269 568 320 Ἰουδαίων
599 266 880 336 ἀποθρέψαν
911 265 1058 332 γένος,
1086 261 1415 329 ἀναριθμήτων
1441 260 1590 311 ὄντων
1615 258 1796 325 ἑτέρων,
1821 260 1916 307 τῶν

286 354 314 396 b
333 349 423 401 ἀνὰ
456 354 622 402 πᾶσαν
651 348 738 413 τὴν
769 346 1040 411 οἰκουμένην
1066 347 1229 396 ε’θνῶν·
1271 345 1346 394 καὶ
1381 340 1771 404 συνεσταλμένην
1795 339 1917 388 οὕτω

333 432 419 496 τὴν
446 430 811 500 φιλανθρωπιαν
835 429 1131 493 ἐλογίσασθε
1157 423 1316 476 θέλειν
1342 423 1566 491 ἐπιδεῖξαι
1593 420 1735 483 Θεὸν,
1765 422 1826 473 ὡς
1854 419 1919 469 ἑνὶ

333 537 409 565 και
434 512 562 582 μόνω
590 515 693 581 λαῷ
718 512 989 577 χορηγῆσαι
1014 506 1212 575 τροφοῖς·
1256 504 1393 556 τύποι
1418 527 1502 566 μεν
1527 502 1620 569 γὰρ
1651 503 1798 553 ἐκεῖνα
1826 503 1920 551 τῶν

333 593 662 660 γενικωτέρων,
689 614 764 642 και
797 593 880 654 τῆς
915 589 1124 640 καθόλου
1157 586 1430 656 φιλοτιμίας
1469 608 1531 638 εις
1558 608 1611 635 το
1638 582 1758 635 κατὰ
1782 581 1921 648 μέρος
1942 598 1964 636 5

333 672 612 742 ἐπίδειξις
584 680 656 737 ἠν,
690 674 752 726 ὡς
789 674 837 722 ἐν
871 673 1110 738 ἀῤῥαβῶνι
1149 672 1246 722 τοῖς
1282 664 1650 735 προειληφόσιν.
1701 664 1812 714 ἀλλ’
1846 683 1923 713 οτε

334 759 417 819 τῆς
451 756 674 819 ἀληθείας
707 755 782 805 ἐπὶ
818 752 980 818 θυραις
1014 752 1125 816 ἡμῖν
1152 752 1176 801 ὁ
1213 772 1385 815 καιρος,
1412 755 1430 801 ὁ
1459 750 1611 815 Πατήρ
1635 771 1720 814 μου
1746 740 1924 795 &Amo-av

296 855 345 881 0
336 841 432 906 ,ὁμιν
458 862 524 888 τον
550 836 670 905 ἄρτον
696 858 779 886 τον
805 834 863 903 ἐξ
887 835 1063 904 adpotum),
1091 831 1141 887 ὃς
1176 831 1253 882 διὰ
1286 834 1368 895 τῆς
1402 835 1486 881 τοῦ
1520 828 1674 893 μάννα
1699 825 1925 894 χορηγίας

336 925 431 972 τοῖς
458 917 775 986 ἀρχαιοτέροις
803 919 864 970 ὡς
891 918 939 966 ἐν
965 919 1120 968 σκιαῖς
1146 911 1486 980 κατεγράφετο.
1539 910 1604 974 μὴ
1641 909 1735 976 γὰρ
1769 906 1826 971 δή
1857 929 1926 960 τις

337 1001 524 1063 οἰέσθω,
551 1001 689 1068 φησὶ,
716 999 816 1049 κατ’
846 997 1070 1061 ἀλήθειαν
1104 997 1276 1047 ἐκεῖνον
1314 993 1429 1045 εἶναι
1467 992 1550 1044 τὸν
1584 992 1728 1058 ἄρτον
1759 989 1843 1041 τὸν
1873 988 1930 1057 ἐξ
1950 1011 1997 1036 10

336 1084 547 1148 οὐρανοῦ,
573 1081 861 1132 κατανευέτω
897 1078 945 1130 δὲ
981 1082 1169 1140 μᾶλλον
1195 1077 1350 1144 ἐκείνῳ
1385 1074 1470 1138 τὴν
1496 1077 1686 1143 ψῆφον,
1716 1070 1843 1141 ᾧπερ
1869 1069 1928 1121 ἂν

337 1165 551 1233 φαίνοιτο
585 1161 772 1229 προσὸν
798 1160 852 1212 τὸ
887 1165 1052 1212 πᾶσαν
1079 1157 1361 1226 ἀποτρέφειν
1386 1156 1619 1207 δύνασθαι
1653 1154 1738 1218 τὴν
1768 1157 1922 1204 οἰκου-

335 1246 492 1310 μένην,
520 1247 594 1296 καὶ
623 1244 747 1297 ὅλως
771 1241 1049 1310 χαρίζεσθαι
1076 1246 1137 1310 τῷ
1171 1241 1328 1309 κόσμῳ
1356 1237 1441 1302 τὴν
1469 1239 1585 1308 ζωήν.

416 1331 724 1378 Καταιτιᾶται
748 1325 905 1375 τοίνυν
932 1328 1028 1376 τοῖς
1054 1323 1102 1372 ἐν
1127 1320 1262 1390 τύπῳ
1288 1320 1612 1387 γεγενημένοις
1637 1339 1925 1384 προσπεπη-

338 1409 458 1475 γότα
481 1407 564 1459 τὸν
587 1409 830 1468 Ἰουδαῖον,
857 1407 931 1456 καὶ
958 1404 1012 1455 τὸ
1040 1405 1090 1454 ἐκ
1116 1406 1198 1467 τῆς
1224 1402 1446 1466 ἀληθείας
1480 1399 1660 1454 κάλλος
1692 1398 1929 1465 ἀναζητεῖν
1953 1421 1998 1458 15

293 1500 317 1540 d
338 1490 725 1556 παραιτούμενον.
781 1487 839 1553 ἦν
864 1486 958 1553 γὰρ
991 1486 1075 1536 οὐκ
1104 1487 1248 1536 ἐκεῖνο
1285 1483 1339 1535 τὸ
1374 1484 1529 1547 μάννα
1556 1482 1734 1547 κυρίως,
1762 1479 1873 1532 ἀλλ’
1900 1479 1929 1545 ἦ

338 1572 477 1626 αὐτὸς
504 1574 529 1623 ὁ
557 1569 835 1636 Μονογενὴς
861 1574 944 1619 τοῦ
970 1572 1096 1619 Θεοῦ
1122 1566 1295 1632 Λόγος,
1324 1567 1349 1616 ὁ
1383 1566 1433 1616 ἐκ
1468 1568 1550 1628 τῆς
1588 1565 1753 1618 οὐσίας
1788 1562 1927 1630 ἐρχό-

336 1676 472 1719 μενος
506 1659 590 1704 τοῦ
623 1651 830 1719 Πατρὸς,
859 1651 1045 1716 ἐπείπερ
1080 1650 1183 1700 ἐστὶ
1219 1647 1339 1699 κατὰ
1375 1647 1525 1716 φύσιν
1551 1646 1656 1713 ζωὴ,
1683 1644 1742 1696 τὰ
1775 1643 1932 1696 πάντα

338 1737 595 1803 ζωογονῶν.
660 1732 817 1797 ἐπειδὴ
858 1732 952 1799 γὰρ
992 1733 1042 1782 ἐκ
1080 1729 1249 1797 ζῶντος
1289 1731 1438 1797 ἀνέφυ
1478 1727 1684 1794 Πατρὸς,
1723 1726 1814 1794 ζωὴ
1856 1728 1933 1777 καὶ

339 1818 477 1871 αὐτὸς
517 1815 636 1868 κατὰ
674 1814 824 1884 φύσιν
863 1816 979 1877 ἐστὶ,
1017 1815 1093 1864 καὶ
1131 1812 1318 1878 ἐπείπερ
1357 1812 1495 1878 ἔργον
1528 1814 1587 1878 τῇ
1625 1809 1745 1861 κατὰ
1783 1807 1933 1877 φύσιν
1955 1834 2004 1859 20

341 1898 434 1967 ζωῇ
472 1898 526 1950 τὸ
566 1897 817 1963 ζωοποιεῖν,
858 1896 1074 1963 ζωοποιεῖ
1105 1893 1165 1945 τὰ
1203 1892 1360 1945 πάντα
1397 1891 1624 1958 Χριστός.
1686 1891 1801 1957 ὅπερ
1840 1889 1933 1956 γὰρ

342 1981 483 2046 ἄρτος
524 1980 633 2044 ἡμῖν
672 1980 697 2029 ὁ
740 1980 789 2029 ἐκ
833 1980 920 2043 γῆς
964 1977 1243 2042 εὑρίσκεται,
1283 1975 1369 2039 τὴν
1407 1976 1585 2037 ἀσθενῆ
1629 1976 1712 2037 τῆς
1755 1971 1933 2038 σαρκὸς

344 2061 496 2131 φύσιν
522 2063 604 2112 οὐκ
630 2063 717 2111 ε’ὣν
741 2059 1163 2128 καταφθείρεσθαι·
1207 2061 1345 2107 τοῦτο
1376 2056 1451 2107 καὶ
1477 2054 1617 2108 αὐτὸς
1641 2053 1717 2105 διὰ
1742 2057 1825 2117 τῆς
1850 2059 1934 2104 τοῦ

305 2144 624 2207 ΘΠνεύματος
668 2141 897 2208 ἐνεργείας
946 2139 1001 2192 τὸ
1052 2143 1236 2199 πνεῦμα
1280 2138 1533 2204 ζωοποιῶν,
1580 2139 1655 2187 καὶ
1699 2137 1753 2187 οὐ
1796 2135 1936 2202 μέχρι

345 2225 538 2287 τούτων,
564 2223 697 2275 ἀλλὰ
723 2224 799 2274 καὶ
826 2221 939 2273 αὐτὸ
967 2221 1020 2272 τὸ
1046 2225 1189 2283 σῶμα
1215 2218 1430 2287 συνέχων
1455 2222 1518 2272 εἷς
1543 2217 1834 2286 ἀφθαρσίαν.
1957 2239 2006 2277 25

418 2305 613 2370 Ἐπειδὴ
641 2303 688 2356 δὲ
715 2304 849 2372 ἅπαξ
871 2303 981 2367 ἡμῖν
1007 2307 1069 2357 εἷς
1093 2302 1176 2353 τὸν
1196 2303 1270 2353 ἐπὶ
1295 2304 1361 2370 τῷ
1386 2299 1540 2362 μάννα
1566 2298 1715 2364 λόγον
1733 2297 1936 2365 ἐκτρέχει

344 2388 404 2440 τὰ
443 2388 736 2452 θεωρήματα,
763 2385 816 2436 τὸ
856 2390 1038 2436 λυποῦν
1074 2383 1194 2435 κατά
1231 2407 1283 2449 γε
1323 2382 1376 2434 τὸ
1416 2382 1534 2436 εἰκὸς
1574 2381 1718 2444 οὐδὲν,
1751 2383 1826 2432 καὶ
1864 2382 1933 2432 ἐπ’

345 2473 471 2539 αὐτῷ
513 2493 556 2521 τι
600 2467 760 2536 βραχὺ
802 2465 1255 2535 κατασκεψαμένους
1295 2470 1449 2527 εἰπεῖν,
1490 2464 1546 2533 ἐξ
1586 2464 1740 2514 αὐτῶν
1775 2485 1931 2529 παρα-

345 2552 507 2606 θέντας
552 2556 646 2602 τῶν
689 2553 996 2601 Μωυσαϊκῶν
1033 2548 1241 2607 βιβλίων
1280 2546 1369 2596 ἀνὰ
1413 2546 1552 2611 μέρος
1597 2545 1656 2596 τὰ
1701 2543 1771 2596 ἐπ’
1812 2546 1938 2613 αὐτῷ

346 2632 666 2700 γεγραμμένα·
716 2633 837 2682 οὕτω
879 2628 971 2696 γὰρ
1010 2627 1068 2679 ἀν
1107 2630 1181 2678 καὶ
1227 2626 1588 2694 εὐκρινεστάτην
1626 2625 1937 2691 ποιησάμενοι
1959 2649 2010 2685 30

395 2778 428 2811 3.
454 2767 617 2810 ἐπιδεῖξαι
639 2766 679 2799 Β.
687 2766 731 2799 D.
751 2765 926 2808 ἀποδειξαι
948 2763 1014 2797 Ed.
1136 2774 1166 2804 Ο.
1194 2763 1238 2798 ὡς
1255 2768 1287 2795 et
1306 2762 1345 2805 δι’]
1364 2774 1434 2795 om.
1457 2761 1497 2795 B.
1635 2772 1687 2794 ΙΙ.
1713 2758 1935 2804 κατανεύετω]

350 2829 557 2857 κ(ιτανεμετω
577 2813 716 2857 conjicit
737 2813 768 2846 D
790 2824 860 2856 mg.
879 2811 956 2844 “.al
976 2809 1202 2852 κατανεμετω’
1208 2808 1302 2841 'Ed
1322 2821 1394 2851 mg.
1536 2819 1587 2852 13.
1614 2807 1702 2843 ὅλως
1723 2806 1762 2840 Β.
1781 2806 1851 2851 ὅλῳ
1871 2806 1936 2840 Ed.

354 2860 448 2894 16.
434 2876 450 2903 η
471 2866 691 2903 assumptum
710 2871 750 2891 ex
772 2859 813 2891 Β.
942 2867 996 2891 21.
1024 2854 1194 2900 ζωοποιεῖ]
1223 2860 1255 2895 -1-
1278 2856 1312 2888 δὲ
1336 2855 1375 2888 B.
1395 2855 1513 2889 invitis
1533 2854 1625 2888 Catt.
1747 2864 1804 2887 22.
1830 2854 1848 2886 ὁ
1865 2864 1936 2886 om.

349 2907 455 2940 Cord.
475 2907 578 2941 habet
595 2904 739 2950 a.e‘1<]
764 2909 799 2945 -1-
822 2906 879 2947 τῆς
897 2917 926 2937 a.
985 2902 1094 2947 φύσιν
1111 2903 1169 2945 τῆς
1187 2903 1313 2946 σαρκὸς
1331 2902 1470 2935 imenso
1487 2900 1609 2936 oldine
1628 2899 1720 2933 Catt.
1819 2909 1875 2943 27.
1894 2913 1933 2943 γε

349 2965 419 2986 Om.
441 2953 481 2987 B.
579 2954 632 2987 28.
659 2951 980 2997 κατασκεψσμενους
1002 2950 1042 2984 Β.
1060 2949 1378 2993 περισκεψομένους
1397 2948 1463 2983 Ed.
1561 2958 1616 2991 29.
1643 2945 1693 2980 ἐπ
1712 2946 1814 2980 αὐτοῦ
1834 2945 1876 2980 Β.
