2084 3317
304 175 386 213 282
707 176 753 215 B.
788 175 1060 216 CYRILLI
1104 175 1482 216 ALEXANDR.
1747 174 1801 214 iv.
1822 185 1886 215 22.

83 281 179 362 (li-''⁰³‘'
198 280 238 309 iii·
307 289 332 310 “
359 282 487 345 Τίμα
523 282 628 350 γὰρ,
656 287 792 350 φησὶ,
819 284 900 334 τὸν
933 285 1107 350 Κύριον
1134 283 1227 335 ἀπὸ
1262 289 1365 334 σῶν
1397 283 1582 334 δικαίων
1615 281 1786 343 πόνων,
1814 284 1889 332 καὶ

305 370 332 391 “
358 363 576 432 ἀπάρχου
614 366 739 435 αὐτῷ
777 364 870 416 ἀπὸ
903 370 1006 416 σῶν
1039 371 1232 431 καρπῶν
1263 364 1602 429 δικαιοσύνης·”
1651 363 1676 414 ὃ
1716 363 1772 426 δὴ
1813 366 1888 414 καὶ

303 445 524 510 γενέσθαι
557 447 833 511 συμβέβηκε
869 446 945 497 διὰ
980 450 1062 511 τῆς
1094 449 1421 513 Εὐαγγελικῆς
1455 447 1778 507 διδασκαλίας,
1806 448 1889 508 τῆς

303 527 421 577 κατὰ
457 527 600 590 νόμον
631 527 720 592 ἤδη
755 528 974 595 λατρείας
1008 530 1412 592 συνεσταλμένης.
1468 529 1521 578 οὐ
1557 527 1650 594 γὰρ
1683 527 1749 578 ἔτι
1787 531 1888 580 ταῖς

300 607 474 677 ἔξωθεν
512 609 823 677 δωροφορίαις
869 608 1137 675 θεραπεύειν
1175 608 1366 671 οἰόμεθα
1413 611 1507 660 δεῖν
1545 608 1627 659 τὸν
1666 608 1887 659 ἁπάντων
1908 624 1929 662 5

306 690 495 755 Κύριον,
539 689 593 740 τὸ
644 690 702 759 ἐξ
748 691 863 755 ὕλης
915 693 1130 759 φθαρτῆς
1182 696 1426 741 συντελεῖν
1476 689 1761 755 ἐπειγόμενοι
1813 691 1881 740 δι’·

78 768 219 852 {2323
303 774 529 838 δραχμον·
574 773 789 836 ἀληθινοὶ
829 772 876 823 δὲ
914 771 1043 825 ὄντες
1080 774 1418 839 προσκυνηταὶ,
1449 777 1808 839 προσκυνοῦμεν
1839 773 1887 822 ἐν

262 853 528 915 οπνεύματι
554 854 630 904 καὶ
664 854 861 923 ἀληθείᾳ
893 858 959 924 τῷ
995 858 1104 924 Θεῷ
1140 858 1214 905 καὶ
1243 856 1414 920 Πατρί.
1470 854 1644 918 ταύτην
1670 854 1886 920 ἐγκεκρύ-

301 939 420 1004 φθαι
446 940 512 1004 τῷ
539 939 713 1004 νομικῴ
739 935 982 1002 γράμματι
1008 935 1094 1000 τὴν
1120 937 1328 988 διάνοιαν
1356 937 1690 1001 ὑποτοπητεόν.

372 1018 457 1070 ςΩς
499 1018 580 1067 οὖν
618 1020 666 1068 ἐν
705 1022 799 1072 τοῖς
838 1019 1190 1085 Ἱεροσολύμοις
1228 1021 1253 1069 ὁ
1295 1018 1466 1084 Κύριος
1505 1018 1576 1083 ἦν,
1616 1021 1657 1069 οἱ
1698 1024 1780 1070 τοῦ
1820 1022 1886 1070 δι-

299 1098 511 1166 δράχμου
561 1103 825 1166 πρακτῆρες
875 1099 1248 1151 ἀνεπυνθάνοντο
1298 1106 1381 1151 τοῦ
1435 1099 1619 1167 Πέτρου
1668 1101 1886 1166 λέγοντες

74 1174 237 1255 Ξνξξῆζῗὶ
299 1187 326 1210 “
352 1182 415 1232 Ὁ
441 1179 730 1240 διδάσκαλος
756 1183 885 1244 ὑμῶν
906 1183 958 1233 οὐ
985 1187 1114 1233 τελεῖ
1135 1181 1194 1233 τὰ
1220 1183 1455 1250 δίδραχμα
1478 1205 1490 1244 ;
1531 1183 1808 1233 εἰσελθόντα
1836 1184 1884 1234 δέ

75 1268 126 1299 Ib-
144 1278 191 1308 ²5-
300 1270 326 1293 ‘⁶
352 1267 415 1316 εἰς
440 1261 526 1326 τὴν
551 1264 713 1326 οἰκίαν,
741 1265 803 1317 ὡς
837 1264 1114 1329 γέγραπται,
1140 1264 1449 1331 προέφθασεν
1476 1264 1619 1314 αὐτὸν
1645 1265 1669 1314 ὁ
1696 1265 1883 1328 Ἰησοῦς

297 1353 323 1374 “
350 1346 506 1411 λέγων
533 1349 597 1395 Οἱ
623 1350 842 1406 βασιλεῖς
867 1348 950 1409 τῆς
975 1348 1064 1410 γῆς
1091 1345 1184 1396 ἀπὸ
1213 1346 1335 1398 τίνος
1363 1344 1667 1408 λαμβάνουσι
1703 1345 1818 1409 τέλη
1853 1344 1882 1410 ἢ

298 1433 325 1456 “
351 1430 557 1490 κῆνσον;
604 1425 696 1478 ἀπὸ
735 1431 830 1477 τῶν
866 1430 975 1478 υἱῶν
1010 1428 1178 1486 αὐτῶν,
1213 1426 1242 1492 ὴ
1282 1426 1376 1479 ἀπὸ
1414 1432 1509 1478 τῶν
1545 1427 1814 1494 ἀλλοτρίων
1837 1428 1880 1489 ;”

76 1517 234 1553 lb·²6=²*·
322 1512 332 1526 ’
387 1509 396 1523 '
553 1509 600 1559 δ“
686 1510 696 1524 ’
765 1515 782 1523 “
826 1508 1004 1560 ίίἈπὸ
1044 1514 1139 1560 τῶν
1177 1511 1333 1560 ἀλλοτ
1367 1510 1417 1560 ίω
1499 1509 1560 1578 ε”φ
1632 1511 1656 1560 ὁ
1697 1511 1733 1560 Ἰ
1769 1515 1858 1560 σοῦ

209 1536 219 1558 ι
296 1532 507 1562 ειποντος
582 1533 601 1559 ε
643 1532 783 1559 αυτου
1333 1532 1362 1576 ρ
1422 1533 1460 1572 ν,
1564 1533 1591 1574 η
1738 1534 1765 1574 η
1861 1533 1882 1563 ς

252 1594 278 1635 d
299 1598 324 1620 ‘⁶
342 1589 471 1657 ’Άρα
499 1613 553 1656 γε
578 1592 818 1657 ἐλεύθεροί
840 1595 960 1641 εἰσιν
987 1594 1029 1641 οἱ
1056 1592 1160 1642 υἱοί·
1204 1591 1280 1642 ἵνα
1316 1591 1363 1642 δὲ
1397 1591 1461 1656 μὴ
1495 1592 1883 1658 σκανδαλίζωμεν

295 1679 323 1702 “
349 1672 530 1735 αὐτοὺς,
565 1675 805 1739 πορευθεὶς
841 1677 902 1725 εἷς
937 1672 1198 1723 θάλασσαν
1229 1672 1352 1735 βάλε
1389 1673 1662 1740 ἄγκιστρον,
1692 1675 1766 1724 καὶ
1801 1673 1884 1724 τὸν

295 1762 321 1784 “
347 1753 593 1815 ἀναβάντα
619 1759 808 1820 πρῶτον
836 1759 970 1822 ἰχθῦν
997 1752 1124 1821 ἆρον,
1150 1758 1225 1806 καὶ
1253 1755 1444 1824 ἀνοίξας
1470 1754 1523 1806 τὸ
1549 1754 1709 1819 στόμα
1740 1757 1883 1806 αὑτοῦ

294 1842 321 1865 “
347 1836 559 1902 εὑρήσεις
586 1839 816 1901 στατῆρα·
856 1839 1028 1887 ἐκεῖνον
1055 1838 1223 1898 λαβὼν
1250 1836 1329 1891 δὸς
1356 1838 1510 1891 αὐτοῖς
1536 1839 1638 1888 ἀντὶ
1670 1840 1782 1901 ἐμοῦ
1808 1840 1882 1888 καὶ

295 1925 322 1948 “
348 1919 480 1969 σοῦ.”
534 1920 644 1987 ὁρᾷς
683 1920 765 1969 οὐκ
804 1920 1085 1987 ἀνεχόμενον
1126 1921 1330 1983 ὑποτελῆ
1370 1919 1593 1984 γενέσθαι
1631 1918 1714 1970 τὸν
1745 1920 1879 1982 Υὶὸν,

296 2000 399 2051 οὐδὲ
441 2003 501 2054 ὡς
547 2001 627 2051 ἕνα
671 2005 765 2051 τῶν
808 2000 897 2052 ὑπὸ
937 2000 1019 2052 τὸν
1062 2004 1144 2064 τῆς
1189 2002 1403 2055 δουλείας
1446 2000 1598 2068 ζυγὸν,
1642 2002 1883 2065 ὑπομεῖναι

294 2087 493 2149 πρᾶγμα
538 2084 891 2148 δουλοπρεπέςς
950 2083 1080 2136 εἰδὼς
1124 2082 1217 2149 γὰρ
1259 2086 1341 2147 τῆς
1383 2084 1548 2134 ἑαυτοῦ
1593 2083 1782 2149 φύσεως
1828 2084 1882 2134 τὸ

254 2164 540 2231 θέλεύθερον
579 2165 778 2233 ἀξίωμα,
813 2164 1038 2216 οἰκετικὸν
1077 2164 1208 2215 οὐδὲν
1247 2165 1513 2233 ἐποφείλειν
1551 2167 1617 2234 τῷ
1660 2168 1769 2234 Θεῷ
1807 2169 1881 2216 καὶ

296 2248 452 2313 Πατρὶ
479 2247 827 2314 διισχυρίζεται’
871 2253 898 2276 “
918 2247 1189 2311 Ἐλεύθεροι
1215 2245 1308 2313 γάρ
1335 2250 1455 2297 εἰσιν
1482 2250 1524 2297 οἱ
1556 2248 1678 2297 υἱοί”
1708 2252 1875 2315 φησιν.

292 2332 393 2382 πῶς
420 2329 502 2379 οὖν
528 2329 610 2378 οὐκ
637 2327 919 2392 ἀνεθέλητον
945 2329 1037 2396 ἔχει
1062 2328 1148 2392 τὴν
1175 2330 1476 2394 δουλοπρεπῆ
1511 2328 1841 2395 προσκύνησιν
1863 2351 1875 2391 ;

294 2411 318 2460 ὁ
346 2409 394 2460 δὲ
420 2412 494 2460 καὶ
520 2410 639 2476 πρὸς
665 2409 810 2473 μόνον
833 2410 1168 2476 ἀποναρκήσας
1196 2410 1277 2461 τὸν
1304 2417 1386 2461 τοῦ
1412 2411 1691 2477 πράγματος
1718 2410 1880 2474 τύπον,

338 2568 371 2598 4.
397 2555 451 2589 ἐπὶ
469 2567 532 2600 pro
550 2556 598 2590 ἔτι
619 2556 659 2589 Β.
838 2568 850 2588 1
863 2568 890 2589 Ι.
918 2555 1076 2613 λεγοντες
1096 2555 1136 2589 Β.
1155 2555 1316 2601 λέγοντος
1336 2556 1399 2590 Ed.
1575 2567 1627 2590 12.
1652 2557 1692 2590 τὰ
1711 2556 1880 2609 δίδραχμα

293 2602 333 2635 Β.
353 2603 390 2636 τὸ
408 2602 596 2647 δίδραχμον
614 2603 661 2637 D.
681 2601 747 2636 Ed.
963 2614 1014 2645 14.
1042 2601 1130 2637 τίνος
1150 2602 1190 2636 Β.
1209 2615 1243 2636 m
1264 2603 1322 2636 Es.
1343 2603 1406 2636 661
1425 2615 1452 2645 e,
1473 2602 1515 2637 de
1534 2610 1626 2637 1ecta
1650 2602 1717 2636 fide
1735 2604 1778 2637 82
1798 2603 1852 2636 d
1844 2615 1880 2636 ln

290 2649 441 2682 editione
468 2649 707 2683 Commeliana
733 2649 775 2683 A.
804 2648 840 2683 S.
871 2658 954 2694 1591
985 2648 1077 2682 edita
1101 2649 1162 2683 ubi
1192 2661 1225 2693 p.
1247 2650 1303 2691 48.
1333 2649 1539 2695 [utrumque
1569 2661 1588 2682 a
1613 2649 1880 2684 'lischendorflo

290 2693 519 2740 citatum.]in
538 2695 574 2729 S.
596 2696 682 2730 Luc.
703 2695 812 2730 Hom.
831 2695 888 2729 88.
907 2707 941 2740 p.
958 2706 1034 2741 290.
1056 2694 1163 2730 Hom.
1183 2696 1308 2730 Pasch.
1327 2696 1384 2729 xli.
1410 2697 1470 2730 181
1492 2708 1520 2730 e
1540 2696 1637 2730 τίνων
1656 2695 1722 2730 Ed.
1741 2702 1774 2730 et
1791 2695 1878 2730 der.

290 2741 357 2775 fide
383 2742 403 2775 ].
426 2753 455 2775 c.
481 2741 536 2776 ed.
563 2742 666 2776 Rom.
689 2741 776 2776 1608
802 2754 821 2776 a
846 2754 916 2787 quo
941 2748 980 2775 ut
1006 2741 1074 2776 vid
1102 2742 1197 2777 Aub.
1226 2742 1340 2788 [τίνων
1366 2742 1408 2776 ad
1437 2742 1561 2776 Herm.
1590 2742 1669 2776 dial.
1687 2743 1732 2776 iv,
1758 2752 1826 2787 515
1845 2743 1878 2783 d,

289 2787 451 2821 homiliae
478 2788 573 2833 quod
599 2801 693 2823 unus
723 2789 901 2822 Dominus
929 2789 1034 2823 Jesus
1062 2788 1225 2823 Christus
1254 2789 1493 2833 fragmentum
1520 2790 1554 2823 in
1582 2789 1668 2822 Nik.
1696 2788 1878 2823 Choniatis

290 2833 436 2878 Panopl.
455 2835 586 2880 Dogm.
610 2835 698 2870 Cor‘.
722 2835 827 2869 Laur.
851 2835 943 2869 Plut.
961 2835 1007 2868 ix.
1028 2846 1083 2877 24.
1102 2835 1160 2869 fol.
1184 2846 1295 2878 141v.
1317 2835 1404 2870 Cod.
1424 2835 1498 2870 Roe
1517 2847 1572 2870 22.
1595 2836 1630 2869 in
1661 2835 1749 2869 ssibl.
1778 2835 1877 2870 Bodl.

288 2879 347 2913 fol.
364 2890 460 2925 177V
463 2880 488 2926 .]
555 2883 640 2926 τελη
663 2882 703 2916 Β.
709 2882 753 2916 D.
772 2881 874 2917 τελος
892 2882 957 2916 Ed.
1058 2892 1111 2926 17.
1136 2897 1203 2926 ’γε
1194 2888 1415 2926 assumptum
1435 2894 1476 2916 ex
1497 2882 1538 2916 Β.
1602 2882 1877 2925 σκανδαλίζωμεν

291 2925 332 2959 Β.
352 2928 634 2971 σκανδαλίσωμεν
654 2928 720 2962 Ed.
835 2929 885 2962 18.
913 2928 976 2972 εις]
1000 2932 1037 2969 -}-
1058 2930 1117 2971 τὴν
1136 2928 1201 2962 Ed.
1222 2929 1330 2962 invito
1350 2929 1391 2962 B.
1412 2929 1455 2963 cf.
1478 2929 1584 2962 Hom.
1606 2928 1730 2962 Pasch.
1747 2929 1770 2962 l.
1784 2940 1814 2962 c.
1832 2928 1875 2962 ad

292 2972 413 3006 Helm.
433 2974 454 3006 l.
471 2986 499 3007 ο.
614 2987 665 3019 19.
693 2975 862 3015 ἀναβάντα
884 2975 924 3008 Β.
945 2975 988 3008 cf.
1008 2975 1042 3008 in
1063 2975 1122 3009 Es.
1141 2975 1164 3009 1.
1179 2987 1208 3009 c.
1228 2975 1270 3009 ad
1292 2975 1414 3009 Herm.
1434 2976 1457 3009 l.
1472 2988 1502 3009 c.
1520 2975 1742 3015 ἀναβαίνοντα
1762 2974 1828 3008 Ed.

1911 1040 1958 1064 10

1904 1864 1953 1888 20
