2073 3296
277 113 358 153 102
676 115 724 155 B.
761 114 1038 155 CYRILLI
1080 113 1458 154 ALEXANDR.
1776 113 1802 153 i.
1824 126 1861 167 9.

273 220 393 271 κατὰ
419 220 582 289 φύσιν,
608 222 693 287 τὴν
720 224 807 291 οὐχ
840 224 986 277 οὕτως
1020 223 1226 290 ἔχουσαν
1253 222 1423 284 κτίσιν,
1452 224 1514 276 ὡς
1550 224 1717 287 ἀρτίως
1755 221 1866 286 ἡμῖν

274 305 615 355 ἀποδέδεικται.

347 406 479 435 AAAO.
533 390 592 437 Εἰ
629 385 695 449 μὴ
733 385 875 450 μόνος
914 387 939 436 ὁ
978 391 1061 436 τοῦ
1100 389 1225 436 Θεοῦ
1258 384 1415 450 Λόγος
1454 386 1500 436 τὶ
1542 385 1639 454 φῶς
1678 387 1782 436 ἐστι
1821 386 1865 437 τὶ

277 467 480 531 ἀληθιιῗον,
506 467 598 535 ἔχει
625 468 672 518 δὲ
699 470 775 518 καὶ
807 468 834 531 ἡ
860 469 1010 520 κτίσις
1034 467 1089 517 τὸ
1116 465 1230 517 εἶναι
1258 466 1356 535 φῶς
1382 466 1626 530 ἀληθινὸν,
1655 466 1868 532 καθάπερ

51 544 146 576 Infra

51 589 119 620 viii.
142 598 153 618 1
162 597 190 619 2.

568 632 578 647 9
633 630 651 648 s&

279 638 307 660 ‘⁶
333 629 563 695 κόσμου;’
628 655 657 695 η
702 635 802 685 πῶς
846 629 1110 698 ἀνεξόμεθα
1149 635 1232 680 τοῦ
1274 630 1541 680 καλλίστου
1582 628 1867 693 πλεονεκτή-

231 723 259 764 b
278 736 425 777 ματος
464 714 847 778 ἀπογυμνοῦντος
885 711 971 776 τὴν
1002 712 1164 779 φύσιν,
1199 711 1325 778 ε’ίπερ
1365 711 1490 765 ὅλως
1529 711 1759 779 ἐνδέχεται
1794 713 1870 762 καὶ

277 796 398 858 ἡμᾶς
424 793 651 859 ἀληθινὸν
677 792 792 845 εἶναι
819 798 935 863 φῶς,
964 796 1026 848 ὡς
1058 793 1260 861 ἐχούσης
1295 792 1408 844 αὐτὸ
1445 815 1520 843 και
1556 796 1639 857 τῆς
1676 795 1870 859 γενητῆς

277 877 476 939 οὐσίας;
521 881 559 927 εἰ
595 875 643 928 δὲ
680 875 899 941 ἀληθεύει
936 876 1092 942 λέγων
1120 877 1144 926 ὁ
1173 874 1507 941 Μονογενής“
1525 875 1655 941 Ἐγώ
1691 879 1781 938 εἶμι
1815 873 1870 925 τὸ

277 966 304 988 “
332 962 434 1027 φῶς
484 964 567 1009 τοῦ
614 957 837 1021 κόσμου,”
886 980 1053 1025 σχεσει
1104 956 1324 1022 δηλονότι
1376 962 1434 1025 τῇ
1485 980 1604 1023 προς
1655 980 1798 1008 αυτον
1841 957 1870 1020 ἡ

279 1042 445 1104 κτίσις,
473 1042 549 1091 καὶ
576 1042 662 1108 οὐχ
688 1042 913 1107 ἑτέρως,’
895 1063 1030 1091 εσται
1058 1044 1177 1109 φῶς·
1222 1062 1258 1091 ει
1286 1040 1334 1090 δὲ
1360 1062 1513 1102 τουτο,
1543 1041 1630 1107 οὐχ
1656 1037 1871 1108 ὁμοφυὴς

277 1124 417 1192 αὐτῷ.

350 1226 484 1255 AAAO.
531 1209 590 1256 Εἰ
635 1203 700 1269 μὴ
745 1205 888 1269 μόνος
933 1203 1053 1256 κατὰ
1097 1203 1323 1268 ἀλήθειαν
1362 1208 1465 1272 φῶς
1503 1205 1634 1254 ἐστιν
1673 1204 1698 1253 ὁ
1737 1202 1868 1265 Υἱὸς,

277 1291 420 1337 κεῖται
459 1286 508 1337 δὲ
546 1291 686 1337 τοῦτο
724 1288 800 1336 καὶ
835 1287 884 1336 ἐν
914 1291 1010 1339 τοῖς
1045 1290 1270 1351 γενητοῖς·
1313 1286 1362 1336 τί
1391 1308 1504 1336 ποτε
1540 1284 1631 1350 ἄρα
1666 1286 1870 1350 ἐροῦμεν,

57 1372 203 1403 1S.Pet.

53 1417 76 1448 ii
106 1426 125 1458 9
278 1369 392 1420 ὅταν
415 1370 525 1433 ἡμῖν
551 1370 576 1419 ὁ
603 1367 888 1438 σοφώτατος
919 1367 1183 1435 ἐπιστέλλῃ
1212 1366 1390 1433 Πέτρος
1417 1374 1444 1396 “
1462 1368 1622 1430 εΥμεῖς
1657 1365 1704 1417 δὲ
1737 1367 1872 1430 γένος

280 1459 307 1482 “
333 1451 564 1514 ἐκλεκτὸν,
592 1451 843 1512 βασίλειον
869 1448 1129 1515 ἱεράτευμα,
1155 1449 1287 1502 ε”θνος
1314 1448 1461 1515 ἅγιον,
1487 1447 1602 1502 λαὸς
1639 1451 1702 1502 εἷς
1735 1470 1866 1514 περι-

241 1541 308 1586 ο“
333 1534 540 1598 ποίησιν,
582 1533 709 1586 ὅπως
754 1530 838 1586 τὰς
882 1530 1050 1599 ἀρετὰς
1095 1531 1403 1600 ἐξαγγείλητε
1448 1536 1531 1582 τοῦ
1576 1532 1626 1581 ἐκ
1670 1529 1872 1584 σκότους

281 1623 308 1646 “
334 1617 453 1678 ὑμᾶς
496 1615 791 1668 καλέσαντος
831 1617 893 1668 εἰς
935 1614 990 1665 τὸ
1031 1612 1310 1677 θαυμαστὸν
1349 1614 1490 1664 αὐτοῦ
1532 1616 1635 1680 φῶς
1653 1613 1695 1675 ;”
1738 1616 1873 1664 ποῖον

280 1697 373 1765 γὰρ
410 1697 534 1752 ὅλως
569 1698 618 1748 ἐν
643 1697 752 1761 ἡμῖν
778 1699 880 1747 ἐστι
915 1695 1104 1758 σκότος,
1129 1694 1157 1760 ἢ
1186 1697 1233 1746 ἐν
1258 1695 1379 1764 ποίῳ
1405 1694 1667 1761 γεγόναμεν
1693 1693 1869 1764 σκότῳ,

281 1783 356 1830 καὶ
382 1781 513 1831 αὐτοὶ
540 1777 659 1830 κατὰ
684 1779 910 1843 ἀλήθειαν
938 1777 1068 1831 ὅντες
1093 1777 1147 1828 τὸ
1174 1781 1275 1845 φῶς
1296 1798 1307 1836 ;
1349 1775 1470 1827 κατὰ
1495 1777 1597 1827 τίνα
1622 1775 1670 1826 δὲ
1697 1775 1873 1842 τρόπον

280 1861 638 1925 ἀνακεκλήμεθα
673 1860 792 1927 πρὸς
830 1859 885 1911 τὸ
925 1864 1041 1928 φῶς,
1079 1863 1122 1910 οἱ
1160 1858 1226 1923 μὴ
1265 1858 1393 1912 ὄντες
1432 1860 1480 1909 ἐν
1514 1857 1709 1927 σκότῳ;
1759 1859 1871 1908 ἀλλ’

282 1945 386 1996 οὐδὲ
430 1943 655 2012 ψεύδεται
705 1947 787 2007 τῆς
833 1943 1056 2006 ἀληθείας
1102 1943 1127 1992 ὁ
1173 1941 1324 2010 κύρυξ
1365 1942 1390 1992 ὀ
1435 1940 1687 2007 θαρσήσας
1732 1944 1875 1992 εἰπεῖν

63 2025 171 2056 zCor.

282 2033 310 2056 cc
387 2029 396 2043 ’
581 2025 593 2041 *
767 2030 786 2039 Α
929 2031 948 2040 ς
995 2025 1004 2040 ’
1069 2026 1078 2041 ’
1141 2026 1155 2043 ⁸
1329 2029 1347 2038 Α
1678 2028 1698 2038 ‘³
1734 2023 1757 2039 ”
1860 2025 1874 2043 N

59 2069 127 2100 xiii.
146 2078 176 2110 3·
339 2030 398 2077 Ει
433 2029 628 2090 δοκιμην
660 2024 832 2092 ζητειτε
866 2048 949 2076 του
983 2047 1030 2076 εν
1056 2047 1157 2088 εμοι
1194 2031 1456 2077 λαλουντος
1483 2027 1728 2088 Χριστου;
1800 2046 1875 2074 και

282 2107 549 2172 κεκλήμεθα
573 2107 692 2174 πρὸς
713 2115 740 2137 “
755 2106 809 2158 τὸ
837 2106 1116 2170 θαυμαστὸν
1137 2108 1279 2157 αὐτοῦ
1306 2107 1448 2174 φῶς,”
1468 2108 1530 2159 ὡς
1555 2104 1648 2156 ἀπὸ
1673 2104 1876 2159 σκότους

283 2190 388 2258 ἄρα,
415 2192 489 2241 καὶ
523 2190 609 2257 οὐχ
643 2190 826 2256 ἑτέρως·
868 2192 907 2239 εἰ
943 2189 991 2240 δὲ
1026 2195 1166 2240 τοῦτο
1202 2187 1387 2252 ἀληθὲς,
1415 2188 1498 2238 οὐκ
1534 2187 1626 2254 ἄρα
1660 2187 1688 2250 ἡ
1723 2187 1875 2241 κτίσις

283 2271 403 2324 κατὰ
436 2271 661 2336 ἀλήθειαν
689 2276 804 2341 φῶς,
832 2270 965 2322 ἀλλὰ
999 2271 1141 2336 μόνος
1175 2270 1261 2334 μὲν
1287 2271 1455 2337 κυρίως
1489 2293 1539 2321 τε
1573 2271 1649 2321 καὶ
1684 2271 1875 2334 ἀληθῶς

236 2359 385 2422 ᾶφῶς
423 2355 448 2405 ὃ
480 2352 608 2416 Υἱὸς,
638 2353 758 2404 κατὰ
794 2353 982 2422 μέθεξιν
1018 2352 1066 2404 δὲ
1105 2351 1191 2418 τὴν
1223 2350 1343 2420 πρὸς
1381 2353 1553 2403 ἐκεῖνον
1589 2351 1647 2403 τὰ
1686 2349 1874 2418 γενητὰ,

280 2439 355 2488 καὶ
389 2435 466 2488 διὰ
496 2441 636 2487 τοῦτο
671 2436 759 2503 οὐχ
792 2437 998 2504 ὀμοφυῆ.

328 2588 362 2618 4.
380 2576 451 2622 ἔχει
469 2575 506 2610 δε
523 2589 577 2610 και
594 2574 613 2619 ἡ
631 2589 741 2611 κτισις
756 2575 796 2609 τὸ
813 2589 896 2609 ειναι
913 2575 989 2620 φῶς
1005 2573 1165 2618 ἀληθινὸν
1184 2574 1226 2608 Β.
1245 2574 1336 2609 ἀλλὰ
1354 2588 1407 2609 και
1424 2573 1443 2618 ἡ
1462 2575 1572 2610 κτίσις
1590 2573 1656 2609 Ed.
1730 2583 1764 2619 5.
1784 2575 1875 2620 φησὶ

280 2627 362 2668 post
380 2625 510 2667 κόσμου
527 2628 660 2667 transp.
682 2621 724 2656 B.
899 2621 932 2656 6.
958 2621 1146 2667 ἀνεχόμεθα
1166 2621 1208 2656 Β.
1388 2630 1420 2666 7.
1447 2621 1719 2666 ἀπογυμνοῦντες
1737 2621 1873 2665 Migne.

281 2682 315 2714 9.
341 2671 379 2704 τὸ
398 2671 473 2714 φῶς
491 2669 557 2713 εἶμι
574 2669 714 2703 inverso
732 2668 854 2703 ordine
872 2668 918 2702 D.
922 2668 964 2703 E.
1205 2677 1257 2713 15
1283 2667 1431 2713 Πετρος]
1452 2670 1590 2704 Παῦλος
1607 2668 1661 2703 καὶ
1679 2667 1811 2712 Πετρος
1829 2667 1873 2703 Β.

285 2725 337 2760 17.
364 2717 423 2752 τὰς
440 2717 562 2761 ἀρετὰς
578 2721 802 2760 assumptum
820 2727 861 2749 ex
881 2715 937 2756 B„
956 2714 1051 2761 quod
1069 2720 1102 2749 et
1120 2714 1217 2748 addit
1235 2715 1340 2749 silens
1360 2715 1495 2760 Migne.
1657 2715 1710 2749 18.
1730 2716 1874 2748 καλοῦν-

280 2777 336 2798 τος
356 2763 401 2796 D.
408 2763 447 2796 E.
466 2777 521 2809 γρ.
540 2762 749 2798 καλέσαντος
767 2763 801 2796 D
821 2773 893 2807 mg.
1053 2772 1108 2796 20.
1135 2762 1174 2795 τὸ
1192 2767 1415 2806 assumptum
1435 2774 1476 2795 ex
1496 2762 1541 2796 B.
1710 2772 1767 2795 22.
1793 2761 1873 2795 οὐδὲ

283 2808 382 2843 Β.οὐ
402 2809 469 2844 Ed.
602 2820 658 2854 23.
684 2809 738 2844 καὶ
755 2820 825 2843 om.
845 2808 889 2843 B.
1025 2808 1081 2843 26.
1106 2806 1183 2853 μὲν]
1208 2812 1245 2850 4-
1265 2808 1348 2843 κατὰ
1365 2808 1526 2853 ἀλήθειαν
1544 2808 1586 2843 Β.
1714 2817 1770 2853 27.
1796 2809 1873 2853 φῶς

280 2862 504 2901 assumptum
521 2867 563 2890 ex
582 2855 625 2891 B.
769 2856 825 2891 28.
851 2856 988 2901 ὁμοφυᾶ
1006 2854 1142 2901 Migne.

278 549 430 612 αὐτὸς,
474 549 549 600 διὰ
592 549 733 600 ποίαν
780 550 932 599 αἰτίαν
979 557 1005 579 “
1029 548 1159 614 Ἐγώ
1205 552 1309 611 εἶμι,
1359 550 1496 616 φησὶ,
1541 547 1595 599 τὸ
1641 552 1744 617 φῶς
1786 553 1912 602 τοῦ5

1894 978 1943 1002 10

1895 1800 1945 1825 20
