2084 3317
173 159 212 184 v.
231 157 298 200 ³5.
435 149 510 190 IN
552 152 593 192 S.
629 153 964 197 JOANNEM.
1032 159 1151 200 LIB.
1187 162 1273 202 111.
1337 165 1471 206 CAP.
1497 167 1531 206 Ι.
1677 171 1760 211 369

237 253 357 306 θὈτε
398 279 553 310 τοινυν
590 260 650 311 τὰ
690 266 794 329 περὶ
840 268 922 328 τῆς
961 268 1096 332 ἁγίας
1137 274 1317 334 σκηνῆς
1362 274 1580 325 διετύπου
1615 277 1757 339 Θεὸς,

169 335 287 396 μετὰ
325 337 410 402 τὴν
434 344 528 391 τῶν
560 343 769 395 αὐλαίων
803 351 896 397 τῶν
931 349 1041 399 δεκα
1079 352 1448 420 συμπλήρωσιν,
1476 356 1603 422 λεγει
1641 359 1761 424 πρὸς

170 415 252 467 τὸν
303 420 582 488 ἱεροφάντην
628 428 842 478 Μωυσεα
889 436 915 459 “
946 433 1039 482 Καὶ
1092 455 1157 484 συ
1207 435 1449 504 σύνταξον
1499 443 1595 492 τοῖς
1648 444 1759 494 υἱοῖς

169 507 197 529 “
222 503 437 568 Ἰσραὴλ,
477 529 552 557 και
596 511 882 570 λαβετωσάν
920 538 999 566 σοι
1045 514 1205 568 ἐ’λαιον
1246 519 1304 588 ἐξ
1342 521 1513 573 ἐλαιων
1552 523 1758 590 ἄτρυγον

127 588 197 627 5“
222 583 429 651 καθαρον
455 610 738 653 κεκομμενον
763 598 824 647 εἱς
852 598 954 663 φῶς
981 603 1170 657 καῦσαι,
1200 601 1273 651 ἵνα
1306 602 1489 666 καίηται
1524 606 1549 655 ὁ
1583 606 1758 673 λύχνος

167 670 196 692 “
221 664 297 715 διὰ
324 668 500 722 παντὸς
532 672 579 721 ἐν
605 675 663 739 τῇ
694 679 850 743 σκηνῇ
886 683 969 728 τοῦ
1004 682 1273 747 μαρτυρίου,
1301 682 1475 752 ε”ξωθεν
1500 692 1583 737 τοῦ
1609 710 1755 738 κατα-

168 747 523 812 “πετάσματος
548 759 631 803 τοῦ
662 756 734 806 ἐπι
761 760 842 821 τῆς
876 760 1113 825 διαθήκης·
1157 764 1319 815 καύσει
1348 767 1491 818 αὐτον
1517 770 1542 818 ὁ
1568 769 1758 836 Ἀαρων

182 831 295 878 ‘kat
327 853 369 880 OL
402 854 486 882 ULOL
513 835 655 886 avToD
687 837 781 889 ἀπο
815 840 1019 907 ἑσπερας
1054 867 1138 898 ἕως
1172 869 1294 911 πρωί
1328 871 1536 901 eltavrcov
1566 853 1755 918 Kvpmv,
1775 862 1800 901 b

165 909 417 974 “νόμιμον
460 915 646 966 αἰώνιον
696 922 759 972 εἷς
809 920 892 975 τὰς
938 924 1101 988 γενεὰς
1154 928 1284 991 ὑμῶν
1326 930 1457 996 παρὰ
1507 936 1601 982 τῶν
1647 937 1758 984 υἱῶν

98 1008 146 1033 10
164 997 192 1019 ‘⁶
217 992 437 1058 Ἰσραήλ.
481 1019 556 1047 και
583 1021 647 1049 συ
673 1023 989 1070 προσαγαγου
1015 1006 1134 1073 πρὸς
1159 1011 1362 1061 σεαυτὸν
1388 1013 1470 1063 τόν
1490 1037 1541 1066 τε
1567 1015 1758 1082 Ἀαρὼν

179 1073 300 1125 ίτὸν
325 1077 537 1145 ἀδελφόν
556 1102 648 1131 σου
673 1104 750 1133 και
776 1106 883 1138 τους
911 1086 1034 1141 υὶους
1061 1090 1203 1141 αὐτοῦ
1229 1093 1279 1142 ἐκ
1305 1098 1399 1143 τῶν
1421 1098 1531 1145 υἱῶν
1555 1097 1756 1163 Ἰσραὴλ

162 1158 460 1221 “ἱερατευειν
492 1162 612 1223 μοι.”
666 1164 720 1214 τὸ
759 1189 843 1226 μεν
879 1169 962 1219 οὖν
989 1174 1112 1222 θεῖον
1144 1172 1308 1239 λόγιον
1342 1177 1391 1226 ἐν
1426 1199 1608 1232 τουτοις
1647 1180 1757 1243 ἡμῖν

161 1237 363 1298 ἑστάτω,
392 1262 629 1307 χωρητεον
665 1244 714 1296 δε
754 1247 841 1312 ἠδη
880 1250 999 1316 πρὸς
1037 1251 1124 1316 τὴν
1154 1256 1462 1323 ἐνδεχομενην
1488 1259 1756 1327 σαφήνειαν

161 1319 319 1371 αὐτοῦ
362 1345 416 1372 το
443 1322 605 1376 ἐ’λαιον
630 1325 684 1377 τὸ
719 1328 926 1396 ἄτρυγον
952 1355 1002 1383 τε
1039 1337 1113 1386 καὶ
1155 1337 1433 1403 καθαρὸν,’
1403 1364 1546 1391 εοικεν
1573 1344 1748 1407 ὑποδη-

95 1415 141 1452 15
161 1407 278 1452 λοῦν
303 1401 390 1467 τὴν
417 1408 756 1474 καθαρωτατην
787 1415 863 1463 καὶ
896 1413 1143 1468 ἀθόλωτον
1169 1425 1254 1470 τοῦ
1279 1420 1448 1487 Αγιόυ
1477 1424 1754 1487 Πνευματος

160 1482 326 1551 φυσιν,
360 1487 459 1550 ἥτις
491 1490 539 1539 ε’ν
576 1490 686 1553 ἡμῖν
724 1494 884 1546 ἐλαίου
922 1497 1054 1561 δίκην
1085 1501 1400 1567 ἀπερινοήτως
1438 1506 1791 1573 εἷστρέχουσαο

159 1566 414 1636 ἁποτρεφει
456 1574 530 1621 καὶ
572 1595 758 1642 συνεχει
800 1581 875 1628 καὶ
917 1580 1047 1648 αυξει
1090 1580 1174 1633 τὸν
1215 1585 1263 1634 ἐν
1304 1589 1442 1654 ψυχῇ
1483 1588 1751 1655 φωτισμὸν,

159 1648 370 1715 καθαπερ
413 1652 461 1702 ἐν
506 1652 668 1724 λυχνῳ
714 1659 937 1722 κείμενον.
992 1685 1113 1714 ουτω
1158 1664 1207 1715 δε
1252 1689 1328 1717 και
1373 1667 1456 1718 τὸν
1494 1669 1753 1721 θεσπεσιον

156 1731 430 1796 βαπτιστήν
460 1737 542 1797 τῆς
580 1738 683 1802 περὶ
722 1762 805 1790 του
833 1745 1053 1810 Σωτῆρος
1092 1746 1224 1809 ἡμῶν
1258 1771 1517 1816 μαρτυριας
1555 1774 1609 1802 το
1649 1757 1752 1820 φῶς

89 1829 138 1854 20
157 1811 402 1882 ἐκλάμψαι
429 1838 726 1882 πιστευομεν,
748 1823 835 1890 οὐχ
860 1825 1082 1891 ἑτερωθεν
1108 1827 1195 1892 τὴν
1221 1836 1303 1881 τοῦ
1329 1832 1562 1884 δύνασθαι
1589 1839 1751 1903 φωτα-

157 1899 329 1958 γωγεῖν
361 1897 678 1961 κομισάμενον
710 1903 968 1968 δυναμιν,
947 1931 975 1971 η
1012 1908 1087 1959 δια
1127 1916 1209 1961 τοῦ
1247 1913 1407 1963 ἐλαίου
1445 1921 1527 1965 τοῦ
1567 1923 1749 1981 νοητοῦ,

155 1977 363 2031 δυνατῶς
403 2001 453 2029 τε
494 1984 569 2031 καὶ
566 1984 878 2082 ὸέπιτηδείως
918 1989 1108 2056 ε”χοντος
1148 1996 1210 2046 εἰς
1249 1994 1304 2044 τὸ
1343 1999 1447 2064 φῶς
1487 2003 1659 2049 καῦσαι
1695 2022 1749 2050 το

153 2061 278 2109 θεῖον
315 2061 364 2110 ἐν
403 2060 589 2125 ἡμῖν,ο
563 2062 691 2130 ὃδὴ
731 2070 807 2118 καὶ
852 2070 991 2125 αὐτὸς
1035 2075 1098 2127 ὡς
1139 2076 1188 2124 ε’ν
1226 2077 1465 2142 αἰνίγματι
1513 2081 1538 2129 ὁ
1580 2081 1748 2147 Σωτὴρ

1821 456 1926 487 Exod.

1821 501 1921 530 xxvii.
1945 510 1984 531 20

1820 545 1983 575 —xxviii.l.

152 2142 447 2208 κατεμήνυσε
482 2147 640 2214 λεγων
667 2157 693 2180 “
716 2153 824 2217 Πῦρ
856 2151 1008 2217 ἦλθον
1040 2159 1257 2217 βαλεΐν’
1234 2181 1309 2209 επι
1344 2159 1430 2224 τὴν
1456 2183 1560 2225 γην,
1588 2185 1663 2213 και
1703 2187 1746 2214 τι
1742 2165 1793 2211 'd
1811 2173 1843 2203 S
1855 2172 1934 2202 Luc.

84 2235 132 2273 25
152 2229 180 2252 ‘⁶
206 2224 332 2277 θελω
377 2233 415 2279 εἱ
459 2229 548 2294 ἤδη
593 2230 847 2299 ἀνήφθη;”
888 2235 1051 2299 λύχνος
1097 2239 1180 2289 οὐν
1224 2242 1287 2294 ὡς
1331 2243 1380 2292 ἐν
1425 2242 1558 2294 τύπω
1598 2244 1746 2296 παλιν

152 2311 170 2357 ὁ
202 2331 430 2376 καιομενσς
460 2335 536 2362 uoce
564 2324 727 2381 φαὶνων
753 2314 829 2365 δια
859 2318 1037 2372 παντὸς
1072 2322 1120 2370 ἐν
1152 2326 1210 2389 τῇ
1249 2328 1404 2420 σκηνῇ
1439 2347 1523 2375 του
1559 2349 1741 2392 μαρτυ-

149 2387 252 2453 ρίου
278 2390 303 2439 ὁ
335 2391 562 2458 μακάριος
588 2392 646 2458 ἧν
670 2398 959 2462 βαπτιστής
1003 2423 1079 2452 και
1114 2401 1168 2453 τὸ
1203 2427 1289 2466 μεν
1313 2406 1362 2455 ἐν
1388 2410 1445 2474 τῇ
1475 2412 1629 2474 σκηνῇ
1662 2431 1745 2459 του

148 2472 407 2537 μαρτυρίου
443 2475 625 2573 φαινειν
651 2477 806 2540 αυτὸν,
833 2482 1053 2544 σημαίνει
1088 2486 1164 2534 καὶ
1196 2490 1411 2549 καλῶς,
1396 2487 1467 2537 ότι
1502 2488 1661 2542 δεκτὸς
1695 2492 1744 2540 ἐν

150 2552 469 2617 ἐκκλησιαις
450 2578 475 2606 ο
501 2558 610 2623 παρ’
639 2559 783 2610 αὐτοῦ
808 2562 1073 2629 φωτισμος,
1100 2588 1175 2616 και
1203 2589 1286 2618 ουκ
1312 2567 1402 2637 ἔξω
1430 2571 1633 2621 κείσεται
1660 2574 1742 2635 τῆς

197 2717 229 2742 2.
255 2711 322 2743 τῶν
338 2709 435 2754 prius
453 2718 675 2770 assumpfum
692 2726 733 2749 ex
754 2716 795 2751 B.
839 2717 964 2753 Statim
982 2720 1112 2755 αὐλεων
1130 2721 1176 2755 D.
1276 2731 1306 2768 7,
1322 2723 1354 2758 8
1374 2723 1604 2770 Assumpta‘
1587 2741 1605 2759 ο
1623 2739 1663 2760 ex
1685 2727 1740 2768 B„

147 2754 179 2787 οἱ
196 2765 238 2788 ex
258 2754 300 2789 B.
307 2756 353 2790 D.
500 2768 553 2804 17.
579 2759 792 2807 ἀποστρεφει
813 2764 855 2798 Β.
978 2767 1031 2800 18.
1058 2767 1224 2814 κείμενον]
1245 2772 1418 2813 καιόμενος
1437 2770 1478 2805 Β.
1604 2784 1660 2808 20.
1686 2775 1740 2808 ἐκ·

146 2801 290 2843 λάμπων
307 2801 350 2836 Β.
635 2818 690 2852 23.
716 2810 761 2844 ὡς
777 2810 813 2844 ἐν
829 2811 997 2857 αἰνίγματι
1015 2815 1033 2846 ὁ
1051 2815 1166 2858 Σωτὴρ
1184 2815 1250 2850 hoc
1267 2816 1389 2850 ordine
1413 2817 1451 2850 Β.
1474 2819 1492 2851 ὁ
1510 2819 1659 2864 Σωτὴρ“
1644 2836 1688 2856 ως
1705 2821 1740 2855 ἐν

146 2847 315 2892 αἶνίγματι
336 2848 404 2883 Ed.
456 2849 581 2885 Stat1m
600 2854 806 2899 κατεμήνυσε
826 2857 868 2892 Β.
888 2859 1068 2904 κατεμήνυε
1088 2860 1155 2894 Ed.
1333 2872 1387 2907 25.
1391 2876 1473 2908 -p.
1485 2873 1566 2910 370,
1579 2877 1612 2911 3.
1641 2867 1738 2902 Haec

145 2893 230 2928 citat
247 2894 501 2940 Nikephorus
494 2909 530 2931 m
549 2897 704 2934 Catena'
697 2913 718 2936 1.
739 2903 818 2948 863,
831 2904 911 2947 864.
1040 2916 1094 2952 25.
1119 2908 1223 2942 πάλιν
1239 2907 1275 2954 ὁ]
1295 2910 1400 2944 πάλαι
1419 2911 1504 2946 Nik.
1614 2922 1669 2959 27.
1696 2917 1736 2958 τῇ

145 2948 369 2986 assumptum
387 2955 428 2977 ex
449 2943 491 2978 B.
512 2944 596 2980 Nik.
742 2950 796 2984 28.
823 2952 875 2984 καὶ
893 2963 962 2986 om.
982 2952 1067 2987 Nik.

202 3011 345 3039 v..0L1
907 3022 979 3062 313

1810 2216 1866 2245 xii.
1888 2226 1929 2256 49
