2021 3296
138 112 163 152 i.
184 114 224 163 6,
248 123 285 165 7.
375 113 449 153 IN
491 113 532 153 S.
566 112 901 153 JOANNEM.
965 112 1088 152 LIB.
1124 112 1157 153 Ι.
1219 112 1354 153 CAP.
1387 113 1491 153 VII.
1673 115 1724 154 91

66 221 71 228 '
136 225 307 271 τοῦντα
340 219 596 284 θελήμασι.
656 219 730 270 διὰ
765 219 903 270 τοῦτό
938 223 1090 287 φησιν
1118 217 1315 285 Ἐγένετο
1354 218 1574 289 ἅνθρωπος
1611 223 1726 271 ἀπε-

136 300 389 369 σταλμένος
415 300 544 370 παρα
572 303 696 363 Θεοῦ,
725 302 861 368 ὄνομα
888 304 1010 370 αὐτῷ
1035 300 1242 361 Ἰωάννης.

207 381 542 449 Ἐπιτηρητέον
569 382 617 434 δὲ
655 382 782 436 ὅπως
818 384 1022 451 ἀσφαλῆ
1057 405 1107 432 τε
1145 384 1220 432 καὶ
1246 382 1489 449 πρέποντα
1513 381 1596 433 τὸν
1621 384 1728 451 περὶ

135 461 338 514 ἑκάστου
377 462 526 530 λόγον
556 462 829 528 ἐποιήσατο,
857 465 932 514 καὶ
971 467 1029 531 τῇ
1068 467 1162 513 τῶν
1192 463 1552 528 σημαινομένων
1583 462 1727 532 φύσει

92 559 115 598 5
135 543 457 609 κατάλληλον.
506 546 580 596 ἐπὶ
609 545 695 609 μὲν
721 544 814 611 γὰρ
842 550 926 595 τοῦ
948 548 1073 595 Θεοῦ
1094 543 1269 610 Λόγου,
1289 543 1344 596 τὸ
1371 543 1428 609 ἦν
1454 544 1728 599 ἀκολούθως

133 625 400 694 εἰσφέρεται
437 629 654 693 πανταχῆ
694 625 780 690 τὴν
817 624 1057 690 ἀϊδιότητα
1097 631 1331 690 σημαῖνον
1369 628 1523 689 αυτοῦ,
1558 627 1635 676 καὶ
1672 626 1726 677 τὸ
1746 649 1768 676 c

132 705 293 770 πάσης
318 709 464 775 ἀρχῆς
488 710 570 770 τῆς
605 709 654 758 ἐν
678 706 834 777 χρόνῳ
869 706 1209 773 πρεσβύτερον,
1237 709 1314 758 καὶ
1348 707 1403 758 τὸ
1438 710 1728 771 πεποιῆσθαι

134 788 330 854 νομίζειν
356 788 498 839 αὐτὸν
524 790 759 855 ἀναιροῦν.
814 789 869 839 τὸ
908 788 1001 854 γὰρ
1040 786 1093 839 ὃν
1129 790 1197 839 ἀεὶ
1235 793 1336 842 πῶς
1374 786 1430 839 ἂν
1464 793 1617 839 νοοῖτο
1653 790 1728 839 καὶ

132 867 360 935 γενητόν,
403 871 477 921 ἐπὶ
513 868 563 921 δὲ
598 876 681 921 τοῦ
717 870 946 936 μακαρίου
980 875 1265 931 βαπτιστοῦ,
1291 869 1567 937 πρεπόντως
1603 871 1729 938 φησὶ

65 971 114 997 10
133 947 186 1001 τό
223 948 420 1016 Ἐγένετο
458 949 675 1020 ἄνθρωπος
714 950 1063 1020 ἀπεσταλμένος
1101 950 1231 1021 παρὰ
1271 953 1394 1014 Θεοῦ,
1431 953 1493 1005 ὡς
1532 953 1590 1003 ἐπ
1638 953 1726 1002 ἀν-

133 1031 324 1098 θρώπου
360 1030 561 1097 γενητὴν
588 1032 778 1100 ἔχοντος
811 1031 897 1096 τὴν
931 1032 1093 1100 φύσιν.
1148 1035 1277 1083 δοκεῖ
1309 1032 1365 1082 δέ
1393 1055 1472 1096 μοι
1508 1034 1583 1083 καὶ
1618 1032 1730 1083 λίαν

132 1113 510 1181 ἠσφαλισμένως
549 1115 598 1164 ἐν
635 1114 815 1168 τούτοις
854 1114 879 1164 ὁ
919 1113 1283 1180 Εὐαγγελιστὴς
1322 1115 1410 1181 οὐχ
1448 1115 1615 1167 ἁπλῶς
1657 1113 1728 1165 ὅτι

132 1193 301 1261 γέγονεν
327 1198 482 1257 εἰπεῖν,
508 1194 641 1245 ἀλλὰ
675 1195 752 1246 διὰ
788 1200 872 1246 τοῦ
906 1198 1186 1262 προσθεῖναι
1213 1198 1290 1246 καὶ
1317 1194 1547 1265 ἅνθρωπος,
1575 1197 1726 1257 ἀβου-

133 1275 341 1341 λοτάτην
384 1281 523 1328 τινῶν
567 1276 843 1344 ἀνατρέπειν
887 1275 1126 1328 ὑπόνοιαν.
1197 1277 1286 1342 ἤδη
1335 1276 1429 1344 γάρ
1480 1300 1550 1331 τις
1599 1276 1775 1344 παράᾱ

68 1374 114 1414 15
133 1363 332 1412 πολλοῖς
369 1358 651 1426 περιηνέχθη
687 1358 847 1424 λόγος,
875 1359 956 1409 οῦκ
992 1357 1205 1429 ἄνθρωπον
1232 1358 1376 1412 ὅντως
1411 1357 1637 1426 ὑπάρχειν
1669 1363 1728 1426 τῇ

135 1438 278 1507 φύσει
301 1439 384 1490 τὸν
410 1438 545 1504 ἅγιον
570 1438 845 1504 βαπτιστὴν
872 1443 1186 1506 διαθρυλλῶν,
1213 1441 1325 1491 ἀλλ’
1354 1440 1434 1491 ἕνα
1459 1444 1554 1491 τῶν
1580 1439 1729 1492 ὄντων

133 1521 183 1571 ἐν
224 1525 320 1574 τοῖς
369 1521 581 1587 οὐρανοῖς
626 1522 775 1587 ἁγίων
819 1521 1054 1588 ἀγγέλων,
1100 1522 1380 1592 ἀνθρωπίνῳ
1424 1521 1729 1589 χρησάμενον

132 1602 336 1665 σώματι,
373 1604 448 1653 καὶ
487 1602 605 1669 πρὸς
640 1601 694 1653 τὸ
733 1603 975 1668 κηρύττειν
1016 1603 1380 1666 ἀπεσταλμένον
1413 1602 1544 1670 παρὰ
1583 1607 1722 1655 Θεοῦ.

132 1682 381 1752 ἐξηύρηται
433 1683 481 1734 δε
530 1682 678 1735 πάλιν
723 1685 878 1737 αὐτοῖς
922 1687 1002 1748 τῆς
1052 1684 1271 1738 ὑπονοίας
1321 1688 1404 1748 τῆς
1453 1686 1528 1736 ἐπὶ
1578 1707 1729 1753 τουτω

66 1788 116 1814 20
133 1763 394 1833 πρόφασις,
428 1787 481 1816 το
520 1768 734 1831 εἰρῆσθαι
773 1765 903 1830 παρὰ
943 1769 1069 1817 Θεοῦ
1098 1773 1124 1795 “
1143 1765 1265 1817 Ἰδοὺ
1304 1765 1397 1831 εγὼ
1436 1765 1728 1817 ἀποστελλω
1788 1760 1948 1840 {gMIfft}

134 1845 270 1897 “v-bv
294 1846 504 1912 ἄγγελόν
528 1869 619 1910 μου
641 1845 735 1913 πρὸ
762 1846 1025 1913 προσώπου
1051 1870 1156 1911 σου,
1184 1870 1235 1901 ος
1267 1846 1613 1899 κατασκευάσει
1643 1846 1729 1912 τὴν
1787 1848 1869 1922 ῙῙῬῙ·
1889 1848 1934 1879 ffi·

133 1933 161 1956 ‘⁶
187 1926 297 1978 ὁδόν
331 1950 423 1978 σου
462 1927 728 1994 ἔμπροσθέν
765 1929 896 1980 σου.”
949 1929 1355 1997 ἀποσφάλλονται
1393 1929 1442 1980 δὲ
1480 1933 1562 1994 τῆς
1601 1931 1766 1994 ἀλη-θ

133 2010 259 2062 θείας
285 2013 327 2060 οἱ
352 2012 464 2076 τῇδε
491 2009 778 2078 δοξάζοντες,
805 2011 860 2061 οῦ
884 2015 1113 2073 νοοῦντες,
1139 2009 1210 2061 ὅτι
1236 2010 1290 2062 τό
1309 2008 1554 2077 ”Αγγελος
1580 2010 1730 2076 ὄνομα

133 2091 426 2157 λειτουργίας
464 2089 654 2155 μᾶλλόν
689 2093 834 2155 ἐστιν,
867 2091 987 2158 ἤπερ
1022 2092 1188 2146 οὐσίας
1223 2091 1529 2157 σημαντικὸν,
1563 2091 1729 2160 ὥσπερ

67 2192 115 2232 25
135 2173 215 2223 οὖν
249 2172 410 2236 ἀμέλει
448 2175 522 2224 καὶ
562 2174 610 2224 ἐν
644 2177 741 2227 τοῖς
780 2172 899 2224 κατὰ
937 2173 1020 2224 τὸν
1053 2172 1282 2240 μακάριον
1314 2173 1428 2233 Ἰὼβ
1466 2175 1620 2229 ἄλλος
1658 2176 1726 2226 ἐπ’
1789 2191 1929 2223 Hiob.i.

133 2252 272 2304 ἄλλω
307 2277 557 2322 τρεχουσιν
588 2254 790 2320 ἄγγελοι
823 2254 883 2306 τὰ
919 2254 1202 2322 πολύτροπα
1236 2256 1540 2322 κηρύττοντες
1577 2256 1726 2321 πάθη,

133 2358 210 2386 και
235 2340 336 2390 ταῖς
361 2335 636 2400 ἀνηκεστοις
663 2336 854 2390 ἐκείναις
880 2337 1228 2401 διακονούμενοι
1255 2342 1544 2407 συμφοραῖς.
1594 2337 1729 2404 ὁρίζει

135 2416 190 2466 δε
211 2439 255 2467 τι
280 2423 490 2468 τοιοῦτον
516 2418 592 2468 καὶ
627 2419 702 2469 ε’πι
735 2422 829 2468 τῶν
856 2417 1003 2484 ἁγίων
1035 2418 1257 2483 ἀγγέλων
1282 2421 1358 2469 καὶ
1393 2419 1531 2472 αὐτὸς
1566 2419 1676 2482 ἡμῖν
1701 2419 1726 2469 ὃ

134 2498 418 2568 σοφώτατος
464 2503 661 2553 Παῦλος
710 2499 1012 2551 ἐπιστελλων
1059 2500 1147 2550 ὡδί
1193 2507 1219 2529 “
1240 2501 1365 2567 Οὐχὶ
1415 2500 1585 2554 πάντες
1635 2501 1727 2551 εἶσὶ
1785 2507 1907 2592 {eb-i·

184 2688 217 2721 5.
244 2677 460 2721 κατάλληλον
478 2677 520 2712 Β.
539 2678 736 2723 επάλληλον
753 2679 821 2714 Ed.
922 2691 974 2714 10.
996 2681 1034 2713 τό
1052 2682 1274 2724 assumptum
1295 2691 1335 2713 ex
1356 2678 1398 2713 B.
1403 2679 1447 2712 D
1454 2678 1494 2712 E.
1595 2688 1607 2711 1
1620 2688 1648 2712 1.
1669 2679 1730 2721 τὴν

136 2734 210 2758 om.
231 2723 273 2757 Ε.
470 2733 522 2769 15.
547 2727 587 2769 τῇ
606 2725 730 2782 φύσει]
749 2728 788 2770 τῇ
808 2732 1034 2771 assumptum
1052 2738 1093 2760 ex
1113 2725 1219 2760 Cord.
1238 2728 1297 2759 τοῦ
1315 2727 1445 2770 κόσμου
1463 2724 1481 2768 ἢ
1499 2726 1539 2768 τῇ
1558 2723 1665 2769 φύσει
1685 2724 1727 2759 Β.

141 2769 195 2804 16.
222 2769 320 2815 διαθρ
323 2771 448 2811 υλλῶν,
466 2769 544 2804 ἀλλ’
563 2771 636 2817 ἕνα]
656 2771 747 2806 ἀλλὰ
763 2774 834 2808 τοῖς
850 2773 978 2807 ἄνωθεν
995 2773 1221 2817 διαθρυλλῶν,
1240 2772 1298 2806 ἕνα
1316 2772 1357 2805 Β.
1568 2771 1621 2805 18.
1647 2770 1728 2804 ἀπε-

139 2815 320 2873 σταλμενῳ
339 2816 382 2850 Ε.
529 2829 581 2862 19.
607 2817 784 2862 εξηύρηται
804 2819 845 2852 Ε.
864 2818 1039 2863 ἐξεύρηται
1057 2819 1124 2852 Ed.
1191 2818 1337 2854 επινοίας
1355 2818 1398 2853 Β.
1545 2828 1599 2859 24.
1624 2816 1727 2862 η’περ]

137 2862 156 2906 ἡ
173 2877 251 2907 περι
271 2863 312 2897 B.
472 2862 527 2899 26.
552 2864 753 2908 πολύτροπα
772 2865 813 2899 Β.
819 2865 860 2899 Ε.
879 2865 986 2900 Cord.
1004 2864 1206 2900 πολύπλοκα
1227 2864 1294 2899 Ed.
1479 2864 1534 2898 28.
1562 2863 1614 2898 καὶ
1631 2864 1728 2908 prius

139 2915 361 2955 assumptum
379 2921 420 2944 ex
441 2909 483 2945 B.
548 2909 668 2956 ἁγίων]
689 2911 800 2946 οἰκίων
818 2912 861 2946 Β.

898 2977 927 3005 N
952 2979 976 3008 2
