2084 3317
358 142 441 182 662
762 143 810 182 Β.
846 142 1122 183 CYRILLI
1165 142 1547 184 ALEXANDR.
1794 140 1947 194 vii.30.

358 250 508 317 φύσιν
535 250 660 302 Θεὸν
691 250 774 302 τὸν
799 252 990 314 Ἰησοῦν
1021 251 1238 318 ἐδέχοντο
1276 251 1497 317 λε’γοντές
1529 273 1650 304 τινες
1683 254 1778 301 τῶν
1802 251 1946 317 Ἱερο-

135 323 241 364 Supra
584 337 603 346 a
661 341 690 363 6(
708 333 728 351 ‚r

134 377 201 398 ver.
221 370 270 399 26·
358 338 636 396 σολυμιτων
733 337 807 384 Ιδε
842 333 1089 402 παῤῥησίᾳ
1115 337 1269 393 λαλεῖ,
1296 336 1372 383 καὶ
1408 331 1542 383 οὐδὲν
1568 333 1694 402 αὐτῷ
1729 332 1945 397 λέγουσι·

358 422 386 443 “
411 415 593 479 μήποτε
619 415 711 482 ἄρα
737 415 954 481 ἔγνωσαν
980 418 1022 465 οἱ
1054 414 1277 482 ἄρχοντες
1312 416 1503 479 ἀληθῶς
1537 414 1608 465 ὅτι
1644 414 1782 468 αὐτός
1819 416 1951 465 ἐστιν

138 488 238 519 1Cor.
249 488 294 519 iii.

360 503 387 525 cc
423 498 432 511 ‘
656 497 666 511 '
730 498 754 513 ‘⁹
825 498 834 512 '
909 496 919 512 ’
956 503 983 526 <c
1013 498 1023 511 ‘
1250 494 1260 510 '
1505 494 1517 511 ⁸
1726 495 1739 511 Χ
1819 497 1828 511 ’
1928 504 1949 513 Α

138 540 187 572 19·
414 519 438 547 ο
478 501 724 563 Χριστος;
809 503 908 547 αλλ
1005 519 1029 547 ο
1070 500 1402 563 δρασσομενος
1440 519 1546 549 τους
1585 500 1769 565 σοφους
1806 519 1854 546 εν
1891 518 1950 563 τῃ

359 585 386 608 “
411 580 676 648 πανουργίᾳ
714 579 908 641 αῦτῶν,”
943 577 1251 645 ἀχρειοτάτην
1290 577 1374 639 μὲν
1411 583 1508 631 τοῖς
1548 579 1697 628 ἐκεῖνα
1735 581 1949 642 διεσκεμ-

355 661 510 723 με’νοις
537 662 790 729 ἀποφαίνει
822 659 909 724 τὴν
934 660 1135 723 τόλμαν,
1162 664 1354 721 βεβαιοῖ
1384 659 1432 710 δὲ
1468 665 1564 712 τοῖς
1600 658 1762 727 ὄχλοις
1795 659 1850 710 τὸ
1887 662 1949 714 ὡς

357 743 406 792 ἐν
432 742 604 811 σκέψει
630 745 706 793 καὶ
732 746 1033 809 στοχασμοῖς
1060 741 1210 807 ἠρέμα
1242 741 1658 807 διαθρυλούμενον.
1714 740 1949 807 εἴργονται

318 824 449 892 ογάρ
475 826 681 894 ἐνεργείᾳ
715 829 965 892 θεοπρεπεῖ
993 823 1192 892 χαλινὸν
1216 825 1373 878 αὐτοῖς
1409 823 1668 892 ἐπιτιθείσῃ
1702 829 1799 878 τοῖς
1832 825 1946 874 ἀνο-

357 907 699 974 σιουργήμασι,
745 909 820 957 καὶ
870 906 1008 974 μέχρι
1054 905 1211 970 μόνων
1262 904 1612 973 ἐγχειρημάτων
1663 906 1950 956 ἐκτείνεσθαι

355 989 682 1058 συγχωρούσῃ
709 987 768 1040 τὰ
794 989 1060 1053 σκεῖιιματα.
1102 987 1188 1052 τὴν
1216 987 1263 1039 δὲ
1290 989 1441 1038 αἰτίαν
1467 993 1550 1038 τοῦ
1573 986 1638 1052 μὴ
1666 989 1949 1051 δεδυνῆσθαι

356 1070 588 1141 διεξάγειν
638 1075 701 1126 εἶς
750 1071 897 1137 πέρας
949 1068 1117 1124 αὐτοὺς
1168 1069 1250 1121 τὸν
1299 1069 1587 1136 προτεθέντα
1637 1069 1823 1121 σκοπὸν
1874 1072 1949 1121 ἐπὶ

355 1155 506 1224 τούτῳ
557 1155 804 1222 χρησίμως
851 1152 1102 1219 ἐπήνεγκεν
1149 1154 1173 1204 ὁ
1226 1152 1512 1220 σοφώτατος
1561 1151 1946 1218 Εὐαγγελιστής·

356 1236 474 1287 οὔπω
518 1235 613 1301 γὰρ
653 1234 848 1296 ἐληλύθει
897 1237 1050 1303 φησὶν
1089 1238 1110 1296 ἡ
1153 1233 1242 1303 ὥρα
1287 1237 1435 1286 αὐτοῦ·
1508 1233 1634 1301 ὥραν
1678 1236 1726 1285 ἐν
1768 1235 1949 1289 τούτοις

354 1317 608 1385 διαῤῥήδην
645 1318 787 1369 εἰπὼν
824 1316 907 1368 τὸν
942 1315 1118 1384 καιρὸν,
1155 1319 1303 1380 δῆλον
1337 1315 1386 1367 δὲ
1424 1316 1494 1367 ὅτι
1533 1322 1616 1367 τοῦ
1653 1316 1835 1370 πάθους
1873 1319 1949 1368 καὶ

354 1399 437 1450 τὸν
463 1406 547 1451 τοῦ
571 1399 723 1464 τιμίου
750 1405 978 1466 σταυροῦ.
1035 1397 1131 1450 εἶτα
1157 1399 1247 1450 τίνι
1275 1397 1446 1449 λοιπὸν
1471 1399 1554 1449 οῦκ
1581 1396 1639 1449 ἂν
1667 1397 1846 1464 γένοιτο
1872 1400 1948 1450 καὶ

355 1481 431 1532 διὰ
462 1482 630 1534 τούτου
657 1481 938 1550 καταφανὲς,
966 1483 1028 1536 ὡς
1063 1483 1145 1532 οὐκ
1181 1481 1238 1532 ἂν
1265 1480 1389 1534 ὅλως
1423 1480 1656 1532 πέπονθεν
1683 1480 1708 1530 ὀ
1734 1480 1948 1547 Χριστὸς

131 1581 218 1615 452
233 1580 282 1615 A.
315 1563 408 1615 arb
459 1569 627 1616 παθεῖν
677 1563 855 1616 ἐθέλειν
899 1564 1256 1633 ἐξωθούμενος;
1322 1564 1375 1614 οὐ
1426 1561 1519 1629 γὰρ
1571 1564 1620 1613 ἐκ
1670 1562 1949 1631 πλεονεξίας

354 1647 626 1712 Ἰουδαϊκῆς,
668 1648 778 1697 ἀλλ’
825 1645 1075 1710 ἐθελοντὴς
1128 1647 1201 1697 ἐπὶ
1253 1644 1336 1696 τὸν
1383 1644 1497 1711 ὑπὲρ
1547 1645 1680 1708 ἡμῶν
1723 1645 1802 1695 δι”
1827 1645 1948 1709 ἡμᾶς

354 1731 500 1795 ἀνέβη
556 1727 782 1796 σταυρόν.
864 1729 940 1778 διά
991 1751 1064 1779 τοι
1115 1734 1255 1779 τοῦτο
1304 1729 1379 1778 καὶ
1431 1726 1571 1792 λέγει,
1623 1726 1709 1791 τὴν
1757 1729 1807 1779 ἐκ
1864 1733 1948 1778 τοῦ

132 1823 226 1897 ξὲἱτα
242 1835 273 1854 x.
354 1815 506 1863 δοκεῖν
534 1813 765 1874 ἀτονῆσαι
793 1812 1034 1877 λοιδορίαν
1061 1809 1435 1876 ἀποτριβόμενος
1462 1817 1487 1839 “
1511 1810 1680 1862 Οὐδεὶς
1714 1809 1830 1875 α’ίρει
1861 1808 1948 1874 τὴν

178 1891 184 1897 “
354 1902 381 1924 “
408 1893 574 1962 ψυχήν
619 1917 710 1957 μου
761 1894 840 1945 ἀπ’
889 1895 1016 1956 ἐμοῦ,
1059 1891 1152 1958 ἐγὼ
1204 1894 1362 1956 τίθημι
1416 1888 1562 1954 αὐτὴν
1606 1890 1685 1943 ἀπ’
1725 1893 1942 1956 ἐμαυτοῦ·

356 1984 382 2006 “
407 1976 631 2045 ἐξουσίαν
686 1975 778 2043 ε”χω
836 1979 982 2026 θεῖναι
1033 1973 1193 2038 αὐτὴν,
1247 1976 1321 2024 καὶ
1381 1972 1531 2025 πάλιν
1581 1972 1804 2042 ἐξουσίαν
1855 1974 1947 2042 ε”χω

709 2057 720 2072 Ι
772 2056 798 2072 ’9
856 2060 867 2073 e

355 2066 382 2088 ‘⁶
410 2064 577 2120 λαβεῖν
605 2059 767 2121 αὐτην.
840 2081 902 2111 ως
930 2056 1024 2123 γὰρ
1052 2055 1142 2120 ἤδη
1176 2054 1531 2121 προειρήκαμεν,
1559 2057 1642 2106 οὐκ
1677 2055 1948 2120 ἀβούλητον

356 2140 471 2207 ὑπὲρ
498 2141 629 2204 ἡμῶν
657 2140 866 2203 ὑπέμεινε
893 2137 977 2190 τὸν
1003 2137 1227 2204 σταυρόν.
1270 2136 1408 2191 αὐτὸς
1435 2136 1528 2203 γὰρ
1553 2135 1717 2189 ἑαυτὸν
1737 2137 1948 2203 καθάπερ

311 2220 490 2288 Βᾶγιον
533 2226 657 2286 θῦμα
702 2220 1049 2288 προσκεκόμικε
1091 2223 1158 2289 τῷ
1197 2223 1306 2289 Θεῷ
1351 2220 1426 2270 καὶ
1469 2221 1638 2285 Πατρῖ,
1678 2220 1838 2284 αἵματι
1881 2223 1947 2290 τῷ

355 2306 454 2374 ἰδίῳ
507 2303 595 2368 τὴν
646 2303 869 2356 ἁπάντων
921 2303 1162 2369 σωτηρίαν
1213 2301 1546 2371 ἐξωνούμενος.
1629 2299 1700 2352 διὸ
1757 2300 1813 2362 δὴ
1870 2303 1947 2352 καὶ

355 2386 566 2455 ἔφασκεν
610 2387 659 2437 ἐν
700 2387 1019 2452 εῦαγγελικοῖς
1063 2382 1365 2450 κηρύγμασιν
1410 2390 1435 2413 “
1463 2382 1614 2449 εΥπὲρ
1657 2384 1812 2434 αὐτῶν
1854 2382 1946 2450 ἐγὼ

354 2476 381 2498 “
409 2468 584 2535 ἁγιάζω
623 2467 866 2531 ἐμαυτόν.”
920 2466 974 2517 τὸ
1014 2466 1069 2516 δέ
1099 2464 1306 2531 Ἀγιάζω
1348 2467 1500 2533 φησὶν
1535 2466 1584 2515 ἐν
1618 2466 1811 2529 τούτοις,
1843 2467 1947 2517 ἀντὶ

352 2556 436 2602 τοῦ
473 2550 709 2617 προσάγω
749 2552 824 2600 καὶ
863 2549 1129 2612 ἀνατίθημι·
1185 2546 1321 2612 ἅγιον
1354 2545 1449 2614 γὰρ
1487 2545 1542 2598 τὸ
1579 2547 1947 2614 προσαγόμενον

133 2383 225 2432 luffa

131 2436 208 2457 xvu.
227 2435 275 2468 19.

403 2684 432 2708 1.
459 2675 517 2708 τὸν
534 2680 759 2718 assumptum
777 2685 818 2707 ex
836 2684 867 2707 a.
1026 2683 1058 2706 2.
1084 2669 1152 2717 ἴδε]
1179 2675 1213 2711 4-
1235 2670 1271 2704 ἐν
1290 2669 1357 2704 Ed.
1376 2670 1496 2704 invitis
1517 2670 1592 2705 B.a.
1752 2682 1785 2716 3.
1810 2671 1946 2715 ἀληθῶς

352 2720 404 2754 ὅτι
422 2721 521 2755 αὐτός
540 2721 635 2755 ἐστιν
651 2720 719 2754 hoc
737 2719 858 2754 ordine
877 2719 920 2753 B.
937 2718 1071 2762 ἀληθῶς
1088 2724 1169 2763 post
1186 2717 1282 2751 ἐστιν
1299 2723 1343 2751 tr.
1362 2716 1431 2750 Ed.
1450 2729 1519 2751 om.
1540 2729 1569 2751 a.
1676 2730 1709 2760 4.
1735 2717 1946 2762 δρασόμενος

355 2767 396 2800 Β.
419 2768 536 2801 Holst.
555 2767 706 2801 correxit
724 2766 819 2801 Aub.
925 2766 958 2800 8.
986 2766 1099 2800 αὐτοῖς
1116 2770 1338 2808 assumptum
1359 2775 1399 2797 ex
1421 2763 1462 2797 Β.
1530 2764 1657 2798 Statim
1676 2765 1883 2808 ἐπιτιθείσης
1902 2764 1944 2799 Β.

358 2825 408 2848 10.
436 2813 686 2859 συγχωρούσης
706 2813 748 2848 Β,
814 2813 857 2856 μὴ
877 2812 1080 2856 δεδυνῆσθαι
1101 2811 1175 2845 B.a.
1192 2811 1275 2855 μηδὲ
1295 2809 1508 2854 δυνήσασθαι
1528 2810 1592 2844 Ht.
1611 2810 1677 2845 Ed.
1782 2822 1834 2845 11.
1859 2825 1943 2855 προ-

352 2860 489 2894 τεθέντα
507 2873 538 2895 a.
558 2861 693 2906 Migne.
711 2859 922 2905 προτηθέντα
940 2859 982 2893 Β.
1000 2857 1204 2903 προτιθέντιι
1224 2858 1286 2891 Ht.
1308 2856 1374 2892 Ed.
1505 2867 1558 2902 15.
1584 2858 1708 2892 λοιπὸν
1723 2856 1787 2891 τίνι
1803 2857 1944 2892 inverso

353 2906 474 2941 ordine
492 2919 555 2941 a.c.
576 2907 681 2941 Cord.
841 2905 893 2940 16.
921 2906 975 2940 διὰ
994 2907 1094 2940 τοῦτο
1112 2916 1141 2939 c.
1161 2903 1266 2938 Cord.
1429 2915 1483 2938 21.
1510 2918 1576 2948 μου
1593 2910 1818 2949 assumptum
1837 2915 1879 2938 ex
1900 2903 1942 2938 B.

354 2963 408 2998 29.
436 2956 495 2986 τοῦ
513 2957 737 2998 assumptum
756 2964 797 2986 ex
820 2952 860 2986 B.

1969 594 1991 633 5

1971 1008 2067 1043 10:

1967 1836 2018 1861 20
