<?xml version="1.0" encoding="UTF-8"?>
<!DOCTYPE html PUBLIC "-//W3C//DTD XHTML 1.0 Transitional//EN"
    "http://www.w3.org/TR/xhtml1/DTD/xhtml1-transitional.dtd">
<html xmlns="http://www.w3.org/1999/xhtml" xml:lang="en" lang="en">
 <head>
  <title>
</title>
<meta http-equiv="Content-Type" content="text/html;charset=utf-8" />
  <meta name='ocr-system' content='tesseract 3.04.00' />
  <meta name='ocr-capabilities' content='ocr_page ocr_carea ocr_par ocr_line ocrx_word'/>
</head>
<body>
  <div class='ocr_page' id='page_1' title='image "./operacyrilli03cyriuoft/operacyrilli03cyriuoft_0751.png"; bbox 0 0 2084 3317; ppageno 0'>
   <div class='ocr_carea' id='block_1_1' title="bbox 120 148 1928 261">
    <p class='ocr_par' dir='ltr' id='par_1_1' title="bbox 120 148 1928 261">
     <span class='ocr_line' id='line_1_1' title="bbox 120 148 1706 203; baseline -0.001 -15"><span class='ocrx_word' id='word_1_1' title='bbox 120 148 191 188; x_wconf 88' lang='lat' dir='ltr'><strong>vii.</strong></span> <span class='ocrx_word' id='word_1_2' title='bbox 214 149 280 199; x_wconf 82' lang='lat'>28,</span> <span class='ocrx_word' id='word_1_3' title='bbox 300 163 365 203; x_wconf 83' lang='lat'>29.</span> <span class='ocrx_word' id='word_1_4' title='bbox 515 150 588 190; x_wconf 92' lang='lat' dir='ltr'>IN</span> <span class='ocrx_word' id='word_1_5' title='bbox 631 150 673 190; x_wconf 89' lang='lat' dir='ltr'>S.</span> <span class='ocrx_word' id='word_1_6' title='bbox 709 149 1045 190; x_wconf 80' lang='lat' dir='ltr'><strong>JOANNEM.</strong></span> <span class='ocrx_word' id='word_1_7' title='bbox 1108 148 1231 188; x_wconf 90' lang='lat' dir='ltr'><strong>LIB.</strong></span> <span class='ocrx_word' id='word_1_8' title='bbox 1256 149 1307 188; x_wconf 88' lang='lat' dir='ltr'>V.</span> <span class='ocrx_word' id='word_1_9' title='bbox 1623 150 1706 188; x_wconf 76' lang='lat'>659</span> 
     </span>
     <span class='ocr_line' id='line_1_2' title="bbox 1723 227 1928 261; baseline -0.005 -1"><span class='ocrx_word' id='word_1_10' title='bbox 1723 236 1744 260; x_wconf 88' lang='lat' dir='ltr'><strong>a</strong></span> <span class='ocrx_word' id='word_1_11' title='bbox 1771 227 1860 261; x_wconf 82' lang='lat'>450</span> <span class='ocrx_word' id='word_1_12' title='bbox 1876 227 1928 260; x_wconf 90' lang='lat' dir='ltr'>A.</span> 
     </span>
    </p>
   </div>
   <div class='ocr_carea' id='block_1_2' title="bbox 168 288 1774 429">
    <p class='ocr_par' dir='ltr' id='par_1_2' title="bbox 168 288 1774 429">
     <span class='ocr_line' id='line_1_3' title="bbox 168 288 1774 349; baseline -0.002 -15"><span class='ocrx_word' id='word_1_13' title='bbox 168 292 248 335; x_wconf 80' lang='lat' dir='ltr'>‘&#39;Ov</span> <span class='ocrx_word' id='word_1_14' title='bbox 287 290 405 343; x_wconf 69' lang='grc' dir='ltr'>ὑμεῖς</span> <span class='ocrx_word' id='word_1_15' title='bbox 441 294 517 336; x_wconf 83' lang='grc' dir='ltr'>οὐκ</span> <span class='ocrx_word' id='word_1_16' title='bbox 555 291 716 346; x_wconf 72' lang='grc' dir='ltr'>οἴδατε,</span> <span class='ocrx_word' id='word_1_17' title='bbox 752 293 838 341; x_wconf 82' lang='grc' dir='ltr'>ὲΓὼ</span> <span class='ocrx_word' id='word_1_18' title='bbox 875 292 921 334; x_wconf 70' lang='grc' dir='ltr'>δὲ</span> <span class='ocrx_word' id='word_1_19' title='bbox 959 288 1056 334; x_wconf 70' lang='grc' dir='ltr'>οἶδα</span> <span class='ocrx_word' id='word_1_20' title='bbox 1095 292 1239 344; x_wconf 79' lang='grc' dir='ltr'>αὑτὸν,</span> <span class='ocrx_word' id='word_1_21' title='bbox 1275 294 1341 335; x_wconf 78' lang='grc' dir='ltr'>ὅτι</span> <span class='ocrx_word' id='word_1_22' title='bbox 1378 292 1471 349; x_wconf 69' lang='lat' dir='ltr'>nup‘</span> <span class='ocrx_word' id='word_1_23' title='bbox 1516 293 1646 334; x_wconf 81' lang='grc' dir='ltr'>αὐτοῦ</span> <span class='ocrx_word' id='word_1_24' title='bbox 1726 305 1774 341; x_wconf 88' lang='lat'>29</span> 
     </span>
     <span class='ocr_line' id='line_1_4' title="bbox 549 374 1277 429; baseline -0.003 -11"><span class='ocrx_word' id='word_1_25' title='bbox 549 375 646 429; x_wconf 82' lang='grc' dir='ltr'>εἰμι,</span> <span class='ocrx_word' id='word_1_26' title='bbox 686 374 882 418; x_wconf 70' lang='grc' dir='ltr'>κάκεῖνός</span> <span class='ocrx_word' id='word_1_27' title='bbox 919 391 970 425; x_wconf 83' lang='grc' dir='ltr'>με</span> <span class='ocrx_word' id='word_1_28' title='bbox 1007 376 1277 417; x_wconf 75' lang='grc' dir='ltr'>ἀπέστειλεν.</span> 
     </span>
    </p>
   </div>
   <div class='ocr_carea' id='block_1_3' title="bbox 1769 480 1905 562">
    <p class='ocr_par' dir='ltr' id='par_1_3' title="bbox 1769 480 1905 562">
     <span class='ocr_line' id='line_1_5' title="bbox 1769 480 1874 519; baseline -0.01 -9"><span class='ocrx_word' id='word_1_29' title='bbox 1769 480 1874 519; x_wconf 83' lang='lat' dir='ltr'>Supra</span> 
     </span>
     <span class='ocr_line' id='line_1_6' title="bbox 1769 530 1905 562; baseline 0.015 -10"><span class='ocrx_word' id='word_1_30' title='bbox 1769 533 1835 553; x_wconf 79' lang='lat' dir='ltr'><strong>ver.</strong></span> <span class='ocrx_word' id='word_1_31' title='bbox 1856 533 1869 552; x_wconf 89' lang='lat'><strong>2</strong></span> <span class='ocrx_word' id='word_1_32' title='bbox 1878 530 1905 562; x_wconf 89' lang='lat'>7.</span> 
     </span>
    </p>
   </div>
   <div class='ocr_carea' id='block_1_4' title="bbox 50 481 1750 1702">
    <p class='ocr_par' dir='ltr' id='par_1_4' title="bbox 50 481 1750 1702">
     <span class='ocr_line' id='line_1_7' title="bbox 191 481 1707 553; baseline 0.001 -18"><span class='ocrx_word' id='word_1_33' title='bbox 191 485 425 550; x_wconf 79' lang='grc' dir='ltr'>Ἐλέγετε,</span> <span class='ocrx_word' id='word_1_34' title='bbox 465 488 630 553; x_wconf 71' lang='grc' dir='ltr'>φησὶν,</span> <span class='ocrx_word' id='word_1_35' title='bbox 671 486 841 551; x_wconf 81' lang='grc' dir='ltr'>ἀρτίως</span> <span class='ocrx_word' id='word_1_36' title='bbox 877 486 940 535; x_wconf 87' lang='grc' dir='ltr'>Ὁ</span> <span class='ocrx_word' id='word_1_37' title='bbox 977 482 1191 551; x_wconf 76' lang='grc' dir='ltr'>Χριστὸς</span> <span class='ocrx_word' id='word_1_38' title='bbox 1234 483 1348 534; x_wconf 76' lang='grc' dir='ltr'>ὅταν</span> <span class='ocrx_word' id='word_1_39' title='bbox 1388 481 1520 550; x_wconf 64' lang='grc' dir='ltr'>ἔλθῃ,</span> <span class='ocrx_word' id='word_1_40' title='bbox 1560 483 1707 536; x_wconf 75' lang='grc' dir='ltr'>οὐδεὶς</span> 
     </span>
     <span class='ocr_line' id='line_1_8' title="bbox 117 563 1707 633; baseline -0.001 -17"><span class='ocrx_word' id='word_1_41' title='bbox 117 563 210 617; x_wconf 73' lang='grc' dir='ltr'>οἶδε</span> <span class='ocrx_word' id='word_1_42' title='bbox 260 566 407 618; x_wconf 87' lang='grc' dir='ltr'>πόθεν</span> <span class='ocrx_word' id='word_1_43' title='bbox 450 569 595 618; x_wconf 88' lang='grc' dir='ltr'>ἐστίν.</span> <span class='ocrx_word' id='word_1_44' title='bbox 671 568 782 618; x_wconf 87' lang='grc' dir='ltr'>ἀλλ’</span> <span class='ocrx_word' id='word_1_45' title='bbox 831 567 1019 633; x_wconf 87' lang='grc' dir='ltr'>ἐπείπερ</span> <span class='ocrx_word' id='word_1_46' title='bbox 1065 568 1171 629; x_wconf 82' lang='grc' dir='ltr'>ὑμῖν</span> <span class='ocrx_word' id='word_1_47' title='bbox 1215 571 1352 616; x_wconf 84' lang='grc' dir='ltr'>τοῦτο</span> <span class='ocrx_word' id='word_1_48' title='bbox 1396 564 1542 633; x_wconf 74' lang='grc' dir='ltr'>δόξαν</span> <span class='ocrx_word' id='word_1_49' title='bbox 1586 564 1707 632; x_wconf 71' lang='grc' dir='ltr'>ε”χειν</span> 
     </span>
     <span class='ocr_line' id='line_1_9' title="bbox 76 647 1705 715; baseline -0.001 -17"><span class='ocrx_word' id='word_1_50' title='bbox 76 662 98 698; x_wconf 90' lang='grc'>5</span> <span class='ocrx_word' id='word_1_51' title='bbox 118 648 282 714; x_wconf 78' lang='grc' dir='ltr'>ὀρθῶς,</span> <span class='ocrx_word' id='word_1_52' title='bbox 314 651 376 702; x_wconf 88' lang='grc' dir='ltr'>ὡς</span> <span class='ocrx_word' id='word_1_53' title='bbox 415 649 588 714; x_wconf 77' lang='grc' dir='ltr'>ἀληθὲς</span> <span class='ocrx_word' id='word_1_54' title='bbox 627 647 890 715; x_wconf 85' lang='grc' dir='ltr'>κρατύνετε,</span> <span class='ocrx_word' id='word_1_55' title='bbox 918 652 1126 699; x_wconf 82' lang='grc' dir='ltr'>συναινῶ</span> <span class='ocrx_word' id='word_1_56' title='bbox 1167 653 1263 701; x_wconf 80' lang='grc' dir='ltr'>τοῖς</span> <span class='ocrx_word' id='word_1_57' title='bbox 1300 648 1411 714; x_wconf 84' lang='grc' dir='ltr'>παρ’</span> <span class='ocrx_word' id='word_1_58' title='bbox 1439 649 1568 710; x_wconf 82' lang='grc' dir='ltr'>ὑμῶν</span> <span class='ocrx_word' id='word_1_59' title='bbox 1599 647 1705 712; x_wconf 82' lang='grc' dir='ltr'>περὶ</span> 
     </span>
     <span class='ocr_line' id='line_1_10' title="bbox 116 727 1701 799; baseline 0 -19"><span class='ocrx_word' id='word_1_60' title='bbox 116 730 283 781; x_wconf 85' lang='grc' dir='ltr'>τούτου</span> <span class='ocrx_word' id='word_1_61' title='bbox 323 730 499 797; x_wconf 79' lang='grc' dir='ltr'>λόγοις.</span> <span class='ocrx_word' id='word_1_62' title='bbox 572 729 796 795; x_wconf 82' lang='grc' dir='ltr'>ἀληθινὸς</span> <span class='ocrx_word' id='word_1_63' title='bbox 833 729 918 793; x_wconf 76' lang='grc' dir='ltr'>μὲν</span> <span class='ocrx_word' id='word_1_64' title='bbox 958 729 1051 797; x_wconf 79' lang='grc' dir='ltr'>γὰρ</span> <span class='ocrx_word' id='word_1_65' title='bbox 1097 730 1154 799; x_wconf 76' lang='grc' dir='ltr'>ἐξ</span> <span class='ocrx_word' id='word_1_66' title='bbox 1199 730 1341 796; x_wconf 76' lang='grc' dir='ltr'>οὗπέρ</span> <span class='ocrx_word' id='word_1_67' title='bbox 1380 734 1470 792; x_wconf 79' lang='grc' dir='ltr'>εἶμι</span> <span class='ocrx_word' id='word_1_68' title='bbox 1511 727 1701 795; x_wconf 81' lang='grc' dir='ltr'>Πατὴρ,</span> 
     </span>
     <span class='ocr_line' id='line_1_11' title="bbox 117 810 1706 880; baseline 0 -19"><span class='ocrx_word' id='word_1_69' title='bbox 117 812 229 862; x_wconf 77' lang='grc' dir='ltr'>ἀλλ’</span> <span class='ocrx_word' id='word_1_70' title='bbox 258 814 345 880; x_wconf 83' lang='grc' dir='ltr'>οὐχ</span> <span class='ocrx_word' id='word_1_71' title='bbox 376 814 483 875; x_wconf 79' lang='grc' dir='ltr'>ὑμῖν</span> <span class='ocrx_word' id='word_1_72' title='bbox 507 811 817 879; x_wconf 76' lang='grc' dir='ltr'>ἐγνωσμένος.</span> <span class='ocrx_word' id='word_1_73' title='bbox 873 811 986 863; x_wconf 77' lang='grc' dir='ltr'>ὅταν</span> <span class='ocrx_word' id='word_1_74' title='bbox 1011 813 1182 874; x_wconf 84' lang='grc' dir='ltr'>τοίνυν,</span> <span class='ocrx_word' id='word_1_75' title='bbox 1210 814 1374 880; x_wconf 76' lang='grc' dir='ltr'>φησὶν,</span> <span class='ocrx_word' id='word_1_76' title='bbox 1402 810 1706 872; x_wconf 78' lang='grc' dir='ltr'>ἀβουλότατα</span> 
     </span>
     <span class='ocr_line' id='line_1_12' title="bbox 116 892 1706 962; baseline -0.001 -19"><span class='ocrx_word' id='word_1_77' title='bbox 116 892 214 957; x_wconf 80' lang='grc' dir='ltr'>μὲν,</span> <span class='ocrx_word' id='word_1_78' title='bbox 245 894 375 958; x_wconf 87' lang='grc' dir='ltr'>πλὴν</span> <span class='ocrx_word' id='word_1_79' title='bbox 414 897 591 949; x_wconf 80' lang='grc' dir='ltr'>ἑαυτοῖς</span> <span class='ocrx_word' id='word_1_80' title='bbox 631 893 928 962; x_wconf 81' lang='grc' dir='ltr'>ἀρεσκόντως</span> <span class='ocrx_word' id='word_1_81' title='bbox 967 894 1318 958; x_wconf 76' lang='grc' dir='ltr'>διασκέπτησθε</span> <span class='ocrx_word' id='word_1_82' title='bbox 1357 893 1410 944; x_wconf 80' lang='grc' dir='ltr'>τὸ</span> <span class='ocrx_word' id='word_1_83' title='bbox 1451 894 1555 958; x_wconf 82' lang='grc' dir='ltr'>περὶ</span> <span class='ocrx_word' id='word_1_84' title='bbox 1593 894 1706 956; x_wconf 82' lang='grc' dir='ltr'>ἐμοῦ</span> 
     </span>
     <span class='ocr_line' id='line_1_13' title="bbox 115 973 1706 1043; baseline -0.001 -17"><span class='ocrx_word' id='word_1_85' title='bbox 115 975 391 1043; x_wconf 87' lang='grc' dir='ltr'>μυστήριον,</span> <span class='ocrx_word' id='word_1_86' title='bbox 434 975 531 1028; x_wconf 76' lang='grc' dir='ltr'>εἶτα</span> <span class='ocrx_word' id='word_1_87' title='bbox 574 976 889 1042; x_wconf 82' lang='grc' dir='ltr'>γινώσκοντες</span> <span class='ocrx_word' id='word_1_88' title='bbox 934 976 1003 1030; x_wconf 89' lang='grc' dir='ltr'>τίς</span> <span class='ocrx_word' id='word_1_89' title='bbox 1046 978 1121 1026; x_wconf 74' lang='grc' dir='ltr'>καὶ</span> <span class='ocrx_word' id='word_1_90' title='bbox 1166 974 1312 1027; x_wconf 86' lang='grc' dir='ltr'>πόθεν</span> <span class='ocrx_word' id='word_1_91' title='bbox 1353 977 1441 1039; x_wconf 82' lang='grc' dir='ltr'>εἰμὶ</span> <span class='ocrx_word' id='word_1_92' title='bbox 1487 973 1541 1026; x_wconf 81' lang='grc' dir='ltr'>τὸ</span> <span class='ocrx_word' id='word_1_93' title='bbox 1587 973 1706 1025; x_wconf 79' lang='grc' dir='ltr'>κατὰ</span> 
     </span>
     <span class='ocr_line' id='line_1_14' title="bbox 51 1055 1750 1126; baseline -0.001 -19"><span class='ocrx_word' id='word_1_94' title='bbox 51 1076 98 1100; x_wconf 91' lang='lat'>10</span> <span class='ocrx_word' id='word_1_95' title='bbox 117 1056 288 1123; x_wconf 79' lang='grc' dir='ltr'>σάρκα,</span> <span class='ocrx_word' id='word_1_96' title='bbox 334 1057 387 1109; x_wconf 79' lang='grc' dir='ltr'>τὸ</span> <span class='ocrx_word' id='word_1_97' title='bbox 437 1061 607 1126; x_wconf 85' lang='grc' dir='ltr'>χρῆναι</span> <span class='ocrx_word' id='word_1_98' title='bbox 652 1056 890 1109; x_wconf 87' lang='grc' dir='ltr'>πιστεύειν</span> <span class='ocrx_word' id='word_1_99' title='bbox 934 1057 1211 1122; x_wconf 77' lang='grc' dir='ltr'>ἐκπέμπητε,</span> <span class='ocrx_word' id='word_1_100' title='bbox 1258 1056 1334 1108; x_wconf 78' lang='grc' dir='ltr'>διὰ</span> <span class='ocrx_word' id='word_1_101' title='bbox 1378 1062 1516 1108; x_wconf 84' lang='grc' dir='ltr'>τοῦτο</span> <span class='ocrx_word' id='word_1_102' title='bbox 1560 1055 1750 1119; x_wconf 60' lang='grc' dir='ltr'>μόνονῐ)</span> 
     </span>
     <span class='ocr_line' id='line_1_15' title="bbox 115 1139 1705 1210; baseline 0.003 -21"><span class='ocrx_word' id='word_1_103' title='bbox 115 1141 451 1210; x_wconf 74' lang='grc' dir='ltr'>παραδέξασθε</span> <span class='ocrx_word' id='word_1_104' title='bbox 498 1139 584 1204; x_wconf 89' lang='grc' dir='ltr'>τὴν</span> <span class='ocrx_word' id='word_1_105' title='bbox 634 1141 812 1202; x_wconf 90' lang='grc' dir='ltr'>πίστιν,</span> <span class='ocrx_word' id='word_1_106' title='bbox 867 1139 980 1190; x_wconf 81' lang='grc' dir='ltr'>ὅταν</span> <span class='ocrx_word' id='word_1_107' title='bbox 1029 1140 1314 1205; x_wconf 86' lang='grc' dir='ltr'>εὑρίσκησθε</span> <span class='ocrx_word' id='word_1_108' title='bbox 1369 1139 1434 1204; x_wconf 85' lang='grc' dir='ltr'>μὴ</span> <span class='ocrx_word' id='word_1_109' title='bbox 1493 1145 1705 1193; x_wconf 82' lang='grc' dir='ltr'>νοοῦντες</span> 
     </span>
     <span class='ocr_line' id='line_1_16' title="bbox 114 1220 1708 1290; baseline 0 -18"><span class='ocrx_word' id='word_1_110' title='bbox 114 1220 260 1273; x_wconf 86' lang='grc' dir='ltr'>πόθεν</span> <span class='ocrx_word' id='word_1_111' title='bbox 289 1223 395 1286; x_wconf 81' lang='grc' dir='ltr'>εἶμί·</span> <span class='ocrx_word' id='word_1_112' title='bbox 446 1226 536 1286; x_wconf 74' lang='grc' dir='ltr'>εἰμὶ</span> <span class='ocrx_word' id='word_1_113' title='bbox 576 1222 623 1273; x_wconf 77' lang='grc' dir='ltr'>δὲ</span> <span class='ocrx_word' id='word_1_114' title='bbox 663 1225 711 1273; x_wconf 88' lang='grc' dir='ltr'>ἐκ</span> <span class='ocrx_word' id='word_1_115' title='bbox 748 1221 954 1289; x_wconf 79' lang='grc' dir='ltr'>Πατρὸς,</span> <span class='ocrx_word' id='word_1_116' title='bbox 986 1224 1027 1274; x_wconf 72' lang='grc' dir='ltr'>’ἒν</span> <span class='ocrx_word' id='word_1_117' title='bbox 1062 1225 1184 1290; x_wconf 70' lang='grc' dir='ltr'>ὑμεῖς</span> <span class='ocrx_word' id='word_1_118' title='bbox 1227 1226 1302 1273; x_wconf 75' lang='grc' dir='ltr'>οὐκ</span> <span class='ocrx_word' id='word_1_119' title='bbox 1345 1220 1505 1285; x_wconf 52' lang='grc' dir='ltr'>οἴδατε,</span> <span class='ocrx_word' id='word_1_120' title='bbox 1536 1221 1619 1273; x_wconf 81' lang='grc' dir='ltr'>τὸν</span> <span class='ocrx_word' id='word_1_121' title='bbox 1651 1221 1708 1290; x_wconf 72' lang='grc' dir='ltr'>ἐξ</span> 
     </span>
     <span class='ocr_line' id='line_1_17' title="bbox 115 1303 1704 1374; baseline 0 -21"><span class='ocrx_word' id='word_1_122' title='bbox 115 1305 259 1355; x_wconf 83' lang='grc' dir='ltr'>αὐτοῦ</span> <span class='ocrx_word' id='word_1_123' title='bbox 296 1304 361 1369; x_wconf 87' lang='grc' dir='ltr'>μὴ</span> <span class='ocrx_word' id='word_1_124' title='bbox 400 1305 583 1368; x_wconf 78' lang='grc' dir='ltr'>εἰδότες,</span> <span class='ocrx_word' id='word_1_125' title='bbox 610 1306 658 1355; x_wconf 84' lang='grc' dir='ltr'>ἐν</span> <span class='ocrx_word' id='word_1_126' title='bbox 692 1303 729 1374; x_wconf 74' lang='grc' dir='ltr'><em>ᾧ</em></span> <span class='ocrx_word' id='word_1_127' title='bbox 772 1307 845 1354; x_wconf 79' lang='grc' dir='ltr'>καὶ</span> <span class='ocrx_word' id='word_1_128' title='bbox 885 1303 1012 1373; x_wconf 82' lang='grc' dir='ltr'>μόνῳ</span> <span class='ocrx_word' id='word_1_129' title='bbox 1049 1303 1211 1358; x_wconf 80' lang='grc' dir='ltr'>θεατὸς</span> <span class='ocrx_word' id='word_1_130' title='bbox 1247 1305 1271 1355; x_wconf 86' lang='grc' dir='ltr'>ὁ</span> <span class='ocrx_word' id='word_1_131' title='bbox 1310 1303 1495 1370; x_wconf 87' lang='grc' dir='ltr'>Πατήρ.</span> <span class='ocrx_word' id='word_1_132' title='bbox 1552 1304 1576 1354; x_wconf 84' lang='grc' dir='ltr'>ὁ</span> <span class='ocrx_word' id='word_1_133' title='bbox 1610 1303 1704 1370; x_wconf 79' lang='grc' dir='ltr'>γὰρ</span> 
     </span>
     <span class='ocr_line' id='line_1_18' title="bbox 115 1385 1704 1452; baseline 0 -16"><span class='ocrx_word' id='word_1_134' title='bbox 115 1385 329 1449; x_wconf 78' lang='grc' dir='ltr'>ἑωρακὼς</span> <span class='ocrx_word' id='word_1_135' title='bbox 363 1386 446 1438; x_wconf 82' lang='grc' dir='ltr'>τὸν</span> <span class='ocrx_word' id='word_1_136' title='bbox 472 1386 589 1437; x_wconf 80' lang='grc' dir='ltr'>Υὶὸν</span> <span class='ocrx_word' id='word_1_137' title='bbox 621 1386 795 1452; x_wconf 81' lang='grc' dir='ltr'>ἑώρακε</span> <span class='ocrx_word' id='word_1_138' title='bbox 827 1386 909 1437; x_wconf 84' lang='grc' dir='ltr'>τὸν</span> <span class='ocrx_word' id='word_1_139' title='bbox 938 1386 1145 1452; x_wconf 63' lang='grc' dir='ltr'>Πατέρα,</span> <span class='ocrx_word' id='word_1_140' title='bbox 1174 1388 1248 1437; x_wconf 78' lang='grc' dir='ltr'>καὶ</span> <span class='ocrx_word' id='word_1_141' title='bbox 1285 1388 1309 1437; x_wconf 86' lang='grc' dir='ltr'><strong>ὁ</strong></span> <span class='ocrx_word' id='word_1_142' title='bbox 1346 1386 1596 1452; x_wconf 79' lang='grc' dir='ltr'>γινώσκων</span> <span class='ocrx_word' id='word_1_143' title='bbox 1621 1385 1704 1436; x_wconf 79' lang='grc' dir='ltr'>τὸν</span> 
     </span>
     <span class='ocr_line' id='line_1_19' title="bbox 50 1467 1705 1535; baseline -0.001 -15"><span class='ocrx_word' id='word_1_144' title='bbox 50 1482 96 1520; x_wconf 87' lang='grc' dir='ltr'>Ι5</span> <span class='ocrx_word' id='word_1_145' title='bbox 115 1467 233 1519; x_wconf 81' lang='grc' dir='ltr'>Υὶὸν</span> <span class='ocrx_word' id='word_1_146' title='bbox 273 1470 355 1520; x_wconf 83' lang='grc' dir='ltr'>οὐκ</span> <span class='ocrx_word' id='word_1_147' title='bbox 391 1467 599 1535; x_wconf 84' lang='grc' dir='ltr'>ἠγνόησε</span> <span class='ocrx_word' id='word_1_148' title='bbox 635 1469 718 1520; x_wconf 81' lang='grc' dir='ltr'>τὸν</span> <span class='ocrx_word' id='word_1_149' title='bbox 755 1467 1066 1534; x_wconf 84' lang='grc' dir='ltr'>γεννήσαντα.</span> <span class='ocrx_word' id='word_1_150' title='bbox 1120 1469 1287 1519; x_wconf 82' lang='grc' dir='ltr'>οὐκοῦν</span> <span class='ocrx_word' id='word_1_151' title='bbox 1318 1467 1510 1531; x_wconf 77' lang='grc' dir='ltr'>ἁπάσης</span> <span class='ocrx_word' id='word_1_152' title='bbox 1550 1470 1705 1522; x_wconf 81' lang='grc' dir='ltr'>αὐτοῖς</span> 
     </span>
     <span class='ocr_line' id='line_1_20' title="bbox 116 1550 1705 1619; baseline -0.001 -18"><span class='ocrx_word' id='word_1_153' title='bbox 116 1552 441 1617; x_wconf 85' lang='grc' dir='ltr'>εὑρεσιλογίας</span> <span class='ocrx_word' id='word_1_154' title='bbox 486 1554 562 1602; x_wconf 76' lang='grc' dir='ltr'>καὶ</span> <span class='ocrx_word' id='word_1_155' title='bbox 608 1550 682 1602; x_wconf 81' lang='grc' dir='ltr'>διὰ</span> <span class='ocrx_word' id='word_1_156' title='bbox 735 1556 872 1602; x_wconf 80' lang='grc' dir='ltr'>τοῦτο</span> <span class='ocrx_word' id='word_1_157' title='bbox 925 1550 1225 1619; x_wconf 79' lang='grc' dir='ltr'>ἐξῃρημένης,</span> <span class='ocrx_word' id='word_1_158' title='bbox 1269 1550 1513 1604; x_wconf 81' lang='grc' dir='ltr'>κακονοίας</span> <span class='ocrx_word' id='word_1_159' title='bbox 1556 1550 1705 1601; x_wconf 81' lang='grc' dir='ltr'>πάλιν</span> 
     </span>
     <span class='ocr_line' id='line_1_21' title="bbox 115 1632 1700 1702; baseline -0.001 -19"><span class='ocrx_word' id='word_1_160' title='bbox 115 1632 244 1687; x_wconf 79' lang='grc' dir='ltr'>ὅντες</span> <span class='ocrx_word' id='word_1_161' title='bbox 289 1634 580 1696; x_wconf 84' lang='grc' dir='ltr'>ἁλώσονται,</span> <span class='ocrx_word' id='word_1_162' title='bbox 621 1633 872 1702; x_wconf 83' lang='grc' dir='ltr'>πρόφασιν</span> <span class='ocrx_word' id='word_1_163' title='bbox 913 1633 997 1695; x_wconf 78' lang='grc' dir='ltr'>μὲν</span> <span class='ocrx_word' id='word_1_164' title='bbox 1037 1633 1271 1686; x_wconf 80' lang='grc' dir='ltr'>ἀπειθείας</span> <span class='ocrx_word' id='word_1_165' title='bbox 1319 1634 1537 1695; x_wconf 78' lang='grc' dir='ltr'>οὐδεμίαν</span> <span class='ocrx_word' id='word_1_166' title='bbox 1576 1633 1700 1698; x_wconf 86' lang='grc' dir='ltr'>εὑρί-</span> 
     </span>
    </p>
   </div>
   <div class='ocr_carea' id='block_1_5' title="bbox 115 1715 1704 1781">
    <p class='ocr_par' dir='ltr' id='par_1_5' title="bbox 115 1715 1704 1781">
     <span class='ocr_line' id='line_1_22' title="bbox 115 1715 1704 1781; baseline 0.001 -17"><span class='ocrx_word' id='word_1_167' title='bbox 115 1736 311 1769; x_wconf 87' lang='grc' dir='ltr'>σκοντες</span> <span class='ocrx_word' id='word_1_168' title='bbox 346 1716 425 1778; x_wconf 76' lang='grc' dir='ltr'>ἔτι,</span> <span class='ocrx_word' id='word_1_169' title='bbox 453 1715 616 1779; x_wconf 85' lang='grc' dir='ltr'>μόναις</span> <span class='ocrx_word' id='word_1_170' title='bbox 651 1715 699 1766; x_wconf 78' lang='grc' dir='ltr'>δὲ</span> <span class='ocrx_word' id='word_1_171' title='bbox 733 1721 833 1769; x_wconf 83' lang='grc' dir='ltr'>ταῖς</span> <span class='ocrx_word' id='word_1_172' title='bbox 868 1717 1044 1766; x_wconf 83' lang='grc' dir='ltr'>ἑαυτῶν</span> <span class='ocrx_word' id='word_1_173' title='bbox 1071 1716 1378 1781; x_wconf 82' lang='grc' dir='ltr'>δυστροπίαις</span> <span class='ocrx_word' id='word_1_174' title='bbox 1412 1715 1497 1779; x_wconf 78' lang='grc' dir='ltr'>τὴν</span> <span class='ocrx_word' id='word_1_175' title='bbox 1522 1720 1704 1780; x_wconf 80' lang='grc' dir='ltr'>γνῶσιν</span> 
     </span>
    </p>
   </div>
   <div class='ocr_carea' id='block_1_6' title="bbox 1766 1798 1909 1874">
    <p class='ocr_par' dir='ltr' id='par_1_6' title="bbox 1766 1798 1909 1874">
     <span class='ocr_line' id='line_1_23' title="bbox 1766 1798 1909 1831; baseline -0.007 -1"><span class='ocrx_word' id='word_1_176' title='bbox 1766 1799 1821 1831; x_wconf 82' lang='lat' dir='ltr'><strong>Es.</strong></span> <span class='ocrx_word' id='word_1_177' title='bbox 1839 1798 1909 1830; x_wconf 79' lang='lat' dir='ltr'><strong>xlii.</strong></span> 
     </span>
     <span class='ocr_line' id='line_1_24' title="bbox 1768 1852 1819 1874; baseline 0.02 -1"><span class='ocrx_word' id='word_1_178' title='bbox 1768 1852 1819 1874; x_wconf 90' lang='lat'>20.</span> 
     </span>
    </p>
   </div>
   <div class='ocr_carea' id='block_1_7' title="bbox 47 1796 1743 1947">
    <p class='ocr_par' dir='ltr' id='par_1_7' title="bbox 47 1796 1743 1947">
     <span class='ocr_line' id='line_1_25' title="bbox 115 1796 1696 1866; baseline -0.001 -18"><span class='ocrx_word' id='word_1_179' title='bbox 115 1797 439 1866; x_wconf 74' lang='grc' dir='ltr'>ἐξωθούμενοι,</span> <span class='ocrx_word' id='word_1_180' title='bbox 467 1798 542 1848; x_wconf 84' lang='grc' dir='ltr'>ἵνα</span> <span class='ocrx_word' id='word_1_181' title='bbox 574 1799 796 1866; x_wconf 80' lang='grc' dir='ltr'>φαίνηται</span> <span class='ocrx_word' id='word_1_182' title='bbox 829 1800 904 1847; x_wconf 72' lang='grc' dir='ltr'>καὶ</span> <span class='ocrx_word' id='word_1_183' title='bbox 931 1796 985 1848; x_wconf 81' lang='grc' dir='ltr'>τὸ</span> <span class='ocrx_word' id='word_1_184' title='bbox 1010 1797 1337 1863; x_wconf 78' lang='grc' dir='ltr'>γεγραμμένον</span> <span class='ocrx_word' id='word_1_185' title='bbox 1363 1797 1536 1861; x_wconf 72' lang='grc' dir='ltr'>ἀληθές</span> <span class='ocrx_word' id='word_1_186' title='bbox 1562 1805 1588 1825; x_wconf 87' lang='grc'>“</span> <span class='ocrx_word' id='word_1_187' title='bbox 1613 1796 1696 1847; x_wconf 87' lang='grc' dir='ltr'>Ε’ί-</span> 
     </span>
     <span class='ocr_line' id='line_1_26' title="bbox 47 1877 1743 1947; baseline -0.001 -17"><span class='ocrx_word' id='word_1_188' title='bbox 47 1897 96 1922; x_wconf 90' lang='lat'>20</span> <span class='ocrx_word' id='word_1_189' title='bbox 117 1887 143 1909; x_wconf 77' lang='lat'>‘⁶</span> <span class='ocrx_word' id='word_1_190' title='bbox 170 1882 269 1930; x_wconf 88' lang='grc' dir='ltr'>δετε</span> <span class='ocrx_word' id='word_1_191' title='bbox 304 1879 567 1941; x_wconf 80' lang='grc' dir='ltr'>πλεονάκις,</span> <span class='ocrx_word' id='word_1_192' title='bbox 602 1882 677 1930; x_wconf 81' lang='grc' dir='ltr'>καὶ</span> <span class='ocrx_word' id='word_1_193' title='bbox 714 1880 796 1930; x_wconf 81' lang='grc' dir='ltr'>οὐκ</span> <span class='ocrx_word' id='word_1_194' title='bbox 832 1877 1160 1947; x_wconf 74' lang='grc' dir='ltr'>ἐφυλάξασθε·</span> <span class='ocrx_word' id='word_1_195' title='bbox 1204 1880 1456 1945; x_wconf 79' lang='grc' dir='ltr'>ἠνοιγμένα</span> <span class='ocrx_word' id='word_1_196' title='bbox 1487 1878 1547 1930; x_wconf 76' lang='grc' dir='ltr'>τὰ</span> <span class='ocrx_word' id='word_1_197' title='bbox 1581 1877 1698 1943; x_wconf 70' lang='grc' dir='ltr'>ὦτα,</span> <span class='ocrx_word' id='word_1_198' title='bbox 1721 1900 1743 1927; x_wconf 85' lang='lat' dir='ltr'>c</span> 
     </span>
    </p>
   </div>
   <div class='ocr_carea' id='block_1_8' title="bbox 115 1960 1703 2028">
    <p class='ocr_par' dir='ltr' id='par_1_8' title="bbox 115 1960 1703 2028">
     <span class='ocr_line' id='line_1_27' title="bbox 115 1960 1703 2028; baseline 0 -16"><span class='ocrx_word' id='word_1_199' title='bbox 115 1968 143 1990; x_wconf 89' lang='lat'>“</span> <span class='ocrx_word' id='word_1_200' title='bbox 167 1966 241 2012; x_wconf 84' lang='grc' dir='ltr'>καὶ</span> <span class='ocrx_word' id='word_1_201' title='bbox 280 1963 363 2013; x_wconf 85' lang='grc' dir='ltr'>οὐκ</span> <span class='ocrx_word' id='word_1_202' title='bbox 401 1960 679 2026; x_wconf 82' lang='grc' dir='ltr'>ἠκούσατε.”</span> <span class='ocrx_word' id='word_1_203' title='bbox 722 1960 877 2025; x_wconf 83' lang='grc' dir='ltr'>ἐπειδὴ</span> <span class='ocrx_word' id='word_1_204' title='bbox 918 1962 967 2011; x_wconf 78' lang='grc' dir='ltr'>δὲ</span> <span class='ocrx_word' id='word_1_205' title='bbox 1004 1966 1101 2015; x_wconf 82' lang='grc' dir='ltr'>τοῖς</span> <span class='ocrx_word' id='word_1_206' title='bbox 1138 1966 1232 2012; x_wconf 83' lang='grc' dir='ltr'>τῶν</span> <span class='ocrx_word' id='word_1_207' title='bbox 1257 1962 1496 2013; x_wconf 82' lang='grc' dir='ltr'>Ἰουδαίων</span> <span class='ocrx_word' id='word_1_208' title='bbox 1526 1961 1703 2028; x_wconf 80' lang='grc' dir='ltr'>προσέ-</span> 
     </span>
    </p>
   </div>
   <div class='ocr_carea' id='block_1_9' title="bbox 587 2042 1873 2113">
    <p class='ocr_par' dir='ltr' id='par_1_9' title="bbox 587 2042 1873 2113">
     <span class='ocr_line' id='line_1_28' title="bbox 587 2042 1873 2113; baseline -0.007 -12"><span class='ocrx_word' id='word_1_209' title='bbox 587 2051 612 2072; x_wconf 85' lang='grc'><strong>“</strong></span> <span class='ocrx_word' id='word_1_210' title='bbox 635 2045 782 2098; x_wconf 70' lang='grc' dir='ltr'>Οὐδεὶς</span> <span class='ocrx_word' id='word_1_211' title='bbox 820 2043 1042 2109; x_wconf 80' lang='grc' dir='ltr'>γινώσκει</span> <span class='ocrx_word' id='word_1_212' title='bbox 1080 2042 1226 2095; x_wconf 87' lang='grc' dir='ltr'>πόθεν</span> <span class='ocrx_word' id='word_1_213' title='bbox 1265 2046 1396 2095; x_wconf 76' lang='grc' dir='ltr'>ἐστὶν</span> <span class='ocrx_word' id='word_1_214' title='bbox 1435 2044 1548 2095; x_wconf 81' lang='grc' dir='ltr'>ὅταν</span> <span class='ocrx_word' id='word_1_215' title='bbox 1586 2043 1703 2113; x_wconf 69' lang='grc' dir='ltr'>ἔλθῃ</span> <span class='ocrx_word' id='word_1_216' title='bbox 1765 2046 1873 2086; x_wconf 71' lang='lat' dir='ltr'><strong>Supra</strong></span> 
     </span>
    </p>
   </div>
   <div class='ocr_carea' id='block_1_10' title="bbox 115 2044 1902 2129">
    <p class='ocr_par' dir='ltr' id='par_1_10' title="bbox 115 2044 1902 2129">
     <span class='ocr_line' id='line_1_29' title="bbox 115 2044 1902 2129; baseline 0.016 -36"><span class='ocrx_word' id='word_1_217' title='bbox 115 2066 236 2094; x_wconf 82' lang='grc' dir='ltr'>κειτο</span> <span class='ocrx_word' id='word_1_218' title='bbox 276 2044 452 2109; x_wconf 80' lang='grc' dir='ltr'>λόγοις,</span> <span class='ocrx_word' id='word_1_219' title='bbox 490 2046 551 2097; x_wconf 85' lang='grc' dir='ltr'>ὡς</span> <span class='ocrx_word' id='word_1_220' title='bbox 1765 2100 1832 2120; x_wconf 78' lang='lat' dir='ltr'><strong>ver.</strong></span> <span class='ocrx_word' id='word_1_221' title='bbox 1852 2096 1902 2129; x_wconf 89' lang='lat'>27.</span> 
     </span>
    </p>
   </div>
   <div class='ocr_carea' id='block_1_11' title="bbox 48 2123 1749 2911">
    <p class='ocr_par' dir='ltr' id='par_1_11' title="bbox 48 2123 1749 2904">
     <span class='ocr_line' id='line_1_30' title="bbox 115 2123 1703 2195; baseline 0.001 -19"><span class='ocrx_word' id='word_1_222' title='bbox 115 2133 142 2156; x_wconf 73' lang='lat'>‘⁶</span> <span class='ocrx_word' id='word_1_223' title='bbox 169 2125 425 2192; x_wconf 84' lang='grc' dir='ltr'>Χριστὸς,”</span> <span class='ocrx_word' id='word_1_224' title='bbox 446 2125 712 2191; x_wconf 85' lang='grc' dir='ltr'>ἀναγκαίως</span> <span class='ocrx_word' id='word_1_225' title='bbox 739 2125 904 2176; x_wconf 81' lang='grc' dir='ltr'>ἑαυτὸν</span> <span class='ocrx_word' id='word_1_226' title='bbox 932 2123 1224 2195; x_wconf 73' lang='grc' dir='ltr'>ὑφεξέλκων,</span> <span class='ocrx_word' id='word_1_227' title='bbox 1251 2129 1312 2180; x_wconf 83' lang='grc' dir='ltr'>ὡς</span> <span class='ocrx_word' id='word_1_228' title='bbox 1341 2125 1475 2189; x_wconf 79' lang='grc' dir='ltr'>Θεὸς,</span> <span class='ocrx_word' id='word_1_229' title='bbox 1501 2130 1584 2190; x_wconf 77' lang='grc' dir='ltr'>τῆς</span> <span class='ocrx_word' id='word_1_230' title='bbox 1609 2132 1703 2178; x_wconf 78' lang='grc' dir='ltr'>τῶν</span> 
     </span>
     <span class='ocr_line' id='line_1_31' title="bbox 114 2206 1703 2274; baseline 0.001 -16"><span class='ocrx_word' id='word_1_231' title='bbox 114 2213 323 2274; x_wconf 79' lang='grc' dir='ltr'>γενητῶν</span> <span class='ocrx_word' id='word_1_232' title='bbox 366 2208 595 2271; x_wconf 81' lang='grc' dir='ltr'>πληθύος,</span> <span class='ocrx_word' id='word_1_233' title='bbox 641 2212 715 2257; x_wconf 78' lang='grc' dir='ltr'>καὶ</span> <span class='ocrx_word' id='word_1_234' title='bbox 761 2211 855 2257; x_wconf 82' lang='grc' dir='ltr'>τῶν</span> <span class='ocrx_word' id='word_1_235' title='bbox 901 2207 1070 2257; x_wconf 78' lang='grc' dir='ltr'>ἄλλων</span> <span class='ocrx_word' id='word_1_236' title='bbox 1116 2206 1339 2259; x_wconf 78' lang='grc' dir='ltr'>ἁπάντων</span> <span class='ocrx_word' id='word_1_237' title='bbox 1390 2210 1496 2259; x_wconf 79' lang='grc' dir='ltr'>καθ’</span> <span class='ocrx_word' id='word_1_238' title='bbox 1546 2208 1599 2259; x_wconf 71' lang='grc' dir='ltr'>ὃν</span> <span class='ocrx_word' id='word_1_239' title='bbox 1646 2209 1703 2259; x_wconf 80' lang='grc' dir='ltr'>ἂν</span> 
     </span>
     <span class='ocr_line' id='line_1_32' title="bbox 48 2288 1699 2359; baseline 0 -18"><span class='ocrx_word' id='word_1_240' title='bbox 48 2302 95 2341; x_wconf 88' lang='grc'>25</span> <span class='ocrx_word' id='word_1_241' title='bbox 116 2289 301 2343; x_wconf 79' lang='grc' dir='ltr'>εἰκότως</span> <span class='ocrx_word' id='word_1_242' title='bbox 336 2290 519 2357; x_wconf 75' lang='grc' dir='ltr'>ε”ρχοιτο</span> <span class='ocrx_word' id='word_1_243' title='bbox 554 2289 608 2339; x_wconf 87' lang='grc' dir='ltr'>τό</span> <span class='ocrx_word' id='word_1_244' title='bbox 635 2290 818 2351; x_wconf 70' lang='grc' dir='ltr'>Οὐδεὶς,</span> <span class='ocrx_word' id='word_1_245' title='bbox 846 2289 1000 2354; x_wconf 78' lang='grc' dir='ltr'>ἕτερον</span> <span class='ocrx_word' id='word_1_246' title='bbox 1032 2288 1145 2339; x_wconf 77' lang='grc' dir='ltr'>ὄντα</span> <span class='ocrx_word' id='word_1_247' title='bbox 1178 2294 1235 2357; x_wconf 83' lang='grc' dir='ltr'>τῇ</span> <span class='ocrx_word' id='word_1_248' title='bbox 1276 2290 1421 2359; x_wconf 84' lang='grc' dir='ltr'>φύσει</span> <span class='ocrx_word' id='word_1_249' title='bbox 1460 2290 1699 2354; x_wconf 85' lang='grc' dir='ltr'>δεικνύων,</span> 
     </span>
     <span class='ocr_line' id='line_1_33' title="bbox 116 2370 1699 2441; baseline 0.001 -19"><span class='ocrx_word' id='word_1_250' title='bbox 116 2373 179 2425; x_wconf 86' lang='grc' dir='ltr'>ὡς</span> <span class='ocrx_word' id='word_1_251' title='bbox 220 2372 273 2421; x_wconf 81' lang='grc' dir='ltr'>οὐ</span> <span class='ocrx_word' id='word_1_252' title='bbox 313 2372 412 2435; x_wconf 82' lang='grc' dir='ltr'>μετ’</span> <span class='ocrx_word' id='word_1_253' title='bbox 454 2371 638 2421; x_wconf 88' lang='grc' dir='ltr'>ἐκείνων</span> <span class='ocrx_word' id='word_1_254' title='bbox 680 2372 844 2436; x_wconf 80' lang='grc' dir='ltr'>ἀγνοεῖ</span> <span class='ocrx_word' id='word_1_255' title='bbox 881 2370 964 2421; x_wconf 80' lang='grc' dir='ltr'>τὸν</span> <span class='ocrx_word' id='word_1_256' title='bbox 1005 2372 1170 2422; x_wconf 82' lang='grc' dir='ltr'>ἑαυτοῦ</span> <span class='ocrx_word' id='word_1_257' title='bbox 1217 2371 1487 2438; x_wconf 87' lang='grc' dir='ltr'>γεννήτορα,</span> <span class='ocrx_word' id='word_1_258' title='bbox 1527 2375 1699 2441; x_wconf 80' lang='grc' dir='ltr'>φησὶν,</span> 
     </span>
     <span class='ocr_line' id='line_1_34' title="bbox 116 2451 1704 2519; baseline 0.001 -17"><span class='ocrx_word' id='word_1_259' title='bbox 116 2454 226 2503; x_wconf 86' lang='grc' dir='ltr'>ἀλλ’</span> <span class='ocrx_word' id='word_1_260' title='bbox 278 2452 443 2504; x_wconf 80' lang='grc' dir='ltr'>εἰδέναι</span> <span class='ocrx_word' id='word_1_261' title='bbox 501 2451 621 2502; x_wconf 76' lang='grc' dir='ltr'>κατὰ</span> <span class='ocrx_word' id='word_1_262' title='bbox 675 2457 839 2504; x_wconf 82' lang='grc' dir='ltr'>πᾶσαν</span> <span class='ocrx_word' id='word_1_263' title='bbox 891 2452 1132 2519; x_wconf 79' lang='grc' dir='ltr'>ἀκρίβειαν</span> <span class='ocrx_word' id='word_1_264' title='bbox 1181 2451 1345 2504; x_wconf 80' lang='grc' dir='ltr'>ἑαυτόν</span> <span class='ocrx_word' id='word_1_265' title='bbox 1395 2476 1443 2504; x_wconf 90' lang='grc' dir='ltr'>τε</span> <span class='ocrx_word' id='word_1_266' title='bbox 1493 2456 1704 2505; x_wconf 83' lang='grc' dir='ltr'>κάκεῖνον</span> 
     </span>
     <span class='ocr_line' id='line_1_35' title="bbox 116 2532 1749 2604; baseline 0.002 -19"><span class='ocrx_word' id='word_1_267' title='bbox 116 2535 463 2602; x_wconf 87' lang='grc' dir='ltr'>διισχυρίσατο.</span> <span class='ocrx_word' id='word_1_268' title='bbox 519 2534 621 2584; x_wconf 70' lang='grc' dir='ltr'>ε”στι</span> <span class='ocrx_word' id='word_1_269' title='bbox 657 2532 750 2600; x_wconf 76' lang='grc' dir='ltr'>γὰρ</span> <span class='ocrx_word' id='word_1_270' title='bbox 786 2534 907 2588; x_wconf 84' lang='grc' dir='ltr'>Θεὸς</span> <span class='ocrx_word' id='word_1_271' title='bbox 946 2537 996 2585; x_wconf 89' lang='grc' dir='ltr'>ἐκ</span> <span class='ocrx_word' id='word_1_272' title='bbox 1032 2537 1158 2585; x_wconf 86' lang='grc' dir='ltr'>Θεοῦ</span> <span class='ocrx_word' id='word_1_273' title='bbox 1195 2534 1399 2600; x_wconf 79' lang='grc' dir='ltr'>Πατρὸς,</span> <span class='ocrx_word' id='word_1_274' title='bbox 1430 2534 1749 2604; x_wconf 74' lang='grc' dir='ltr'>παράδοξόνά</span> 
     </span>
     <span class='ocr_line' id='line_1_36' title="bbox 162 2673 1703 2753; baseline 0 -45"><span class='ocrx_word' id='word_1_275' title='bbox 162 2684 196 2720; x_wconf 84' lang='grc'>5.</span> <span class='ocrx_word' id='word_1_276' title='bbox 222 2677 367 2709; x_wconf 86' lang='grc' dir='ltr'>συναινῶ</span> <span class='ocrx_word' id='word_1_277' title='bbox 392 2673 590 2753; x_wconf 58' lang='grc' dir='ltr'>Εωθῐιᾶεὸνίῒ</span> <span class='ocrx_word' id='word_1_278' title='bbox 609 2674 716 2713; x_wconf 72' lang='grc' dir='ltr'>Αιὼ.,</span> <span class='ocrx_word' id='word_1_279' title='bbox 735 2673 873 2708; x_wconf 82' lang='lat' dir='ltr'><strong>favente</strong></span> <span class='ocrx_word' id='word_1_280' title='bbox 899 2680 932 2708; x_wconf 82' lang='lat' dir='ltr'>et</span> <span class='ocrx_word' id='word_1_281' title='bbox 958 2686 988 2707; x_wconf 87' lang='lat' dir='ltr'>a.</span> <span class='ocrx_word' id='word_1_282' title='bbox 1017 2677 1164 2707; x_wconf 80' lang='grc' dir='ltr'>συνενῶν</span> <span class='ocrx_word' id='word_1_283' title='bbox 1188 2674 1242 2715; x_wconf 88' lang='lat'>(=</span> <span class='ocrx_word' id='word_1_284' title='bbox 1262 2675 1442 2717; x_wconf 84' lang='grc' dir='ltr'>συναινῶν)</span> <span class='ocrx_word' id='word_1_285' title='bbox 1469 2673 1512 2708; x_wconf 91' lang='grc' dir='ltr'>Β.</span> <span class='ocrx_word' id='word_1_286' title='bbox 1539 2675 1640 2708; x_wconf 80' lang='grc' dir='ltr'>συνὲν</span> <span class='ocrx_word' id='word_1_287' title='bbox 1665 2674 1703 2708; x_wconf 84' lang='grc' dir='ltr'>ὃν</span> 
     </span>
     <span class='ocr_line' id='line_1_37' title="bbox 117 2719 1700 2765; baseline -0.001 -10"><span class='ocrx_word' id='word_1_288' title='bbox 117 2721 267 2756; x_wconf 85' lang='lat' dir='ltr'>correxit</span> <span class='ocrx_word' id='word_1_289' title='bbox 287 2721 405 2755; x_wconf 85' lang='lat' dir='ltr'><strong>Holst.</strong></span> <span class='ocrx_word' id='word_1_290' title='bbox 525 2719 557 2754; x_wconf 89' lang='lat'>6.</span> <span class='ocrx_word' id='word_1_291' title='bbox 584 2719 639 2765; x_wconf 83' lang='grc' dir='ltr'>ἐξ]</span> <span class='ocrx_word' id='word_1_292' title='bbox 660 2722 677 2754; x_wconf 97' lang='lat'><strong>6</strong></span> <span class='ocrx_word' id='word_1_293' title='bbox 696 2721 733 2763; x_wconf 78' lang='grc' dir='ltr'>ἐξ</span> <span class='ocrx_word' id='word_1_294' title='bbox 750 2732 780 2754; x_wconf 87' lang='lat' dir='ltr'>a.</span> <span class='ocrx_word' id='word_1_295' title='bbox 903 2731 933 2765; x_wconf 90' lang='lat'>7.</span> <span class='ocrx_word' id='word_1_296' title='bbox 960 2720 1051 2762; x_wconf 81' lang='grc' dir='ltr'>ὑμῶν</span> <span class='ocrx_word' id='word_1_297' title='bbox 1070 2720 1110 2753; x_wconf 89' lang='grc' dir='ltr'>Β.</span> <span class='ocrx_word' id='word_1_298' title='bbox 1130 2720 1277 2754; x_wconf 82' lang='lat' dir='ltr'>correxit</span> <span class='ocrx_word' id='word_1_299' title='bbox 1300 2721 1362 2754; x_wconf 91' lang='lat' dir='ltr'>Ht.</span> <span class='ocrx_word' id='word_1_300' title='bbox 1481 2731 1533 2764; x_wconf 82' lang='lat'>13.</span> <span class='ocrx_word' id='word_1_301' title='bbox 1560 2722 1604 2764; x_wconf 87' lang='grc' dir='ltr'>μὴ</span> <span class='ocrx_word' id='word_1_302' title='bbox 1626 2721 1666 2756; x_wconf 89' lang='grc' dir='ltr'>Β.</span> <span class='ocrx_word' id='word_1_303' title='bbox 1671 2734 1700 2755; x_wconf 87' lang='lat' dir='ltr'><strong>a.</strong></span> 
     </span>
     <span class='ocr_line' id='line_1_38' title="bbox 116 2766 1703 2812; baseline 0 -10"><span class='ocrx_word' id='word_1_304' title='bbox 116 2769 175 2802; x_wconf 81' lang='grc' dir='ltr'>οὐκ</span> <span class='ocrx_word' id='word_1_305' title='bbox 196 2768 258 2802; x_wconf 81' lang='lat' dir='ltr'>Ht.</span> <span class='ocrx_word' id='word_1_306' title='bbox 278 2767 344 2802; x_wconf 85' lang='lat' dir='ltr'>Ed.</span> <span class='ocrx_word' id='word_1_307' title='bbox 513 2778 565 2809; x_wconf 86' lang='lat'><strong>14.</strong></span> <span class='ocrx_word' id='word_1_308' title='bbox 593 2768 820 2811; x_wconf 77' lang='lat' dir='ltr'>Assumpta</span> <span class='ocrx_word' id='word_1_309' title='bbox 805 2769 928 2811; x_wconf 85' lang='grc' dir='ltr'>εώρακε</span> <span class='ocrx_word' id='word_1_310' title='bbox 947 2769 1004 2801; x_wconf 82' lang='grc' dir='ltr'>τὸν</span> <span class='ocrx_word' id='word_1_311' title='bbox 1022 2766 1159 2811; x_wconf 79' lang='grc' dir='ltr'>Πατέρα</span> <span class='ocrx_word' id='word_1_312' title='bbox 1177 2778 1219 2800; x_wconf 81' lang='lat' dir='ltr'>ex</span> <span class='ocrx_word' id='word_1_313' title='bbox 1239 2766 1281 2800; x_wconf 84' lang='lat' dir='ltr'>B.</span> <span class='ocrx_word' id='word_1_314' title='bbox 1285 2779 1326 2808; x_wconf 89' lang='grc'>8.,</span> <span class='ocrx_word' id='word_1_315' title='bbox 1345 2781 1398 2800; x_wconf 82' lang='grc' dir='ltr'>και</span> <span class='ocrx_word' id='word_1_316' title='bbox 1416 2769 1434 2800; x_wconf 92' lang='grc' dir='ltr'>ὁ</span> <span class='ocrx_word' id='word_1_317' title='bbox 1451 2769 1626 2812; x_wconf 76' lang='grc' dir='ltr'>γινώσκων</span> <span class='ocrx_word' id='word_1_318' title='bbox 1643 2769 1703 2803; x_wconf 82' lang='grc' dir='ltr'>τὸν</span> 
     </span>
     <span class='ocr_line' id='line_1_39' title="bbox 115 2812 1703 2859; baseline 0.001 -11"><span class='ocrx_word' id='word_1_319' title='bbox 115 2816 195 2849; x_wconf 83' lang='grc' dir='ltr'>Υἶὸν</span> <span class='ocrx_word' id='word_1_320' title='bbox 212 2827 253 2848; x_wconf 84' lang='lat' dir='ltr'>ex</span> <span class='ocrx_word' id='word_1_321' title='bbox 274 2814 314 2848; x_wconf 89' lang='lat' dir='ltr'>B.</span> <span class='ocrx_word' id='word_1_322' title='bbox 461 2812 514 2847; x_wconf 87' lang='lat'><strong>16.</strong></span> <span class='ocrx_word' id='word_1_323' title='bbox 541 2813 594 2846; x_wconf 85' lang='grc' dir='ltr'>καὶ</span> <span class='ocrx_word' id='word_1_324' title='bbox 612 2813 666 2847; x_wconf 85' lang='grc' dir='ltr'>διὰ</span> <span class='ocrx_word' id='word_1_325' title='bbox 683 2828 782 2847; x_wconf 85' lang='grc' dir='ltr'>τουτο</span> <span class='ocrx_word' id='word_1_326' title='bbox 803 2812 939 2859; x_wconf 84' lang='grc' dir='ltr'>[τοῦτον</span> <span class='ocrx_word' id='word_1_327' title='bbox 959 2813 1047 2847; x_wconf 87' lang='lat' dir='ltr'><strong>Cod.</strong></span> <span class='ocrx_word' id='word_1_328' title='bbox 1052 2812 1067 2859; x_wconf 87' lang='lat'>]</span> <span class='ocrx_word' id='word_1_329' title='bbox 1088 2819 1268 2858; x_wconf 81' lang='lat' dir='ltr'>assumpta</span> <span class='ocrx_word' id='word_1_330' title='bbox 1286 2826 1328 2847; x_wconf 84' lang='lat' dir='ltr'>ex</span> <span class='ocrx_word' id='word_1_331' title='bbox 1347 2813 1389 2847; x_wconf 91' lang='grc' dir='ltr'>Β.</span> <span class='ocrx_word' id='word_1_332' title='bbox 1529 2823 1581 2858; x_wconf 81' lang='lat'><strong>17.</strong></span> <span class='ocrx_word' id='word_1_333' title='bbox 1609 2813 1703 2850; x_wconf 80' lang='grc' dir='ltr'>ὄντες</span> 
     </span>
     <span class='ocr_line' id='line_1_40' title="bbox 118 2857 1701 2911; baseline -0.002 -15"><span class='ocrx_word' id='word_1_334' title='bbox 118 2862 160 2896; x_wconf 91' lang='grc' dir='ltr'>Β.</span> <span class='ocrx_word' id='word_1_335' title='bbox 181 2862 244 2895; x_wconf 84' lang='lat' dir='ltr'>Ht.</span> <span class='ocrx_word' id='word_1_336' title='bbox 304 2859 497 2893; x_wconf 83' lang='lat' dir='ltr'>Adnotat&#39;&#39;</span> <span class='ocrx_word' id='word_1_337' title='bbox 478 2874 582 2894; x_wconf 75' lang='grc' dir='ltr'>ουτως</span> <span class='ocrx_word' id='word_1_338' title='bbox 600 2871 636 2893; x_wconf 81' lang='lat' dir='ltr'>se</span> <span class='ocrx_word' id='word_1_339' title='bbox 653 2860 894 2894; x_wconf 77' lang='lat' dir='ltr'>emendavisse</span> <span class='ocrx_word' id='word_1_340' title='bbox 912 2860 1005 2894; x_wconf 83' lang='lat' dir='ltr'><strong>Aub.</strong></span> <span class='ocrx_word' id='word_1_341' title='bbox 1245 2870 1300 2893; x_wconf 86' lang='lat'>22.</span> <span class='ocrx_word' id='word_1_342' title='bbox 1324 2857 1426 2911; x_wconf 74' lang='grc' dir='ltr'>ἔλθῃ]</span> <span class='ocrx_word' id='word_1_343' title='bbox 1451 2863 1488 2900; x_wconf 60' lang='grc' dir='ltr'>-ἑ-</span> <span class='ocrx_word' id='word_1_344' title='bbox 1510 2861 1527 2893; x_wconf 92' lang='grc' dir='ltr'><em>ὁ</em></span> <span class='ocrx_word' id='word_1_345' title='bbox 1550 2861 1612 2894; x_wconf 83' lang='lat' dir='ltr'>Ht.</span> <span class='ocrx_word' id='word_1_346' title='bbox 1634 2861 1701 2894; x_wconf 88' lang='lat' dir='ltr'>Ed.</span> 
     </span>
    </p>
   </div>
   <div class='ocr_carea' id='block_1_12' title="bbox 118 2905 1701 2999">
    <p class='ocr_par' dir='ltr' id='par_1_12' title="bbox 118 2905 1701 2999">
     <span class='ocr_line' id='line_1_41' title="bbox 118 2905 1701 2953; baseline -0.001 -11"><span class='ocrx_word' id='word_1_347' title='bbox 118 2919 173 2953; x_wconf 86' lang='lat'>²3·</span> <span class='ocrx_word' id='word_1_348' title='bbox 198 2906 397 2952; x_wconf 80' lang='grc' dir='ltr'>ὑφεξέλκων</span> <span class='ocrx_word' id='word_1_349' title='bbox 418 2906 458 2939; x_wconf 91' lang='grc' dir='ltr'>Β.</span> <span class='ocrx_word' id='word_1_350' title='bbox 477 2905 635 2950; x_wconf 81' lang='grc' dir='ltr'>ὑφέλκων</span> <span class='ocrx_word' id='word_1_351' title='bbox 656 2906 716 2940; x_wconf 86' lang='lat' dir='ltr'>Ht.</span> <span class='ocrx_word' id='word_1_352' title='bbox 737 2906 803 2940; x_wconf 85' lang='lat' dir='ltr'>Ed.</span> <span class='ocrx_word' id='word_1_353' title='bbox 1044 2917 1098 2947; x_wconf 77' lang='lat'>24.</span> <span class='ocrx_word' id='word_1_354' title='bbox 1124 2909 1270 2950; x_wconf 85' lang='grc' dir='ltr'>γενητῶν</span> <span class='ocrx_word' id='word_1_355' title='bbox 1288 2918 1431 2940; x_wconf 75' lang='lat' dir='ltr'><strong>coxrexl.</strong></span> <span class='ocrx_word' id='word_1_356' title='bbox 1451 2910 1617 2950; x_wconf 83' lang='grc' dir='ltr'>γεννητῶν</span> <span class='ocrx_word' id='word_1_357' title='bbox 1636 2907 1701 2941; x_wconf 89' lang='lat' dir='ltr'>Ed.</span> 
     </span>
     <span class='ocr_line' id='line_1_42' title="bbox 119 2952 600 2999; baseline -0.008 -11"><span class='ocrx_word' id='word_1_358' title='bbox 119 2964 173 2999; x_wconf 83' lang='lat'>25.</span> <span class='ocrx_word' id='word_1_359' title='bbox 200 2956 238 2988; x_wconf 79' lang='grc' dir='ltr'>τό</span> <span class='ocrx_word' id='word_1_360' title='bbox 257 2959 478 2996; x_wconf 80' lang='lat' dir='ltr'><strong>assumptum</strong></span> <span class='ocrx_word' id='word_1_361' title='bbox 497 2964 537 2985; x_wconf 86' lang='lat' dir='ltr'>ex</span> <span class='ocrx_word' id='word_1_362' title='bbox 559 2952 600 2985; x_wconf 88' lang='lat' dir='ltr'>B.</span> 
     </span>
    </p>
   </div>
   <div class='ocr_carea' id='block_1_13' title="bbox 848 3019 963 3057">
    <p class='ocr_par' dir='ltr' id='par_1_13' title="bbox 848 3019 963 3057">
     <span class='ocr_line' id='line_1_43' title="bbox 848 3019 963 3057; baseline 0.017 -13"><span class='ocrx_word' id='word_1_363' title='bbox 848 3019 963 3057; x_wconf 75' lang='lat'>41›2</span> 
     </span>
    </p>
   </div>
  </div>
 </body>
</html>
