2084 3317
119 164 144 207 i.
169 177 231 209 12.
364 165 438 206 IN
479 164 522 206 S.
555 163 892 205 JOANNEM.
955 163 1080 205 LIB.
1114 163 1148 205 I.
1211 163 1346 205 CAP.
1379 164 1459 206 IX.
1625 166 1706 207 133

117 280 146 304 “
171 274 302 329 ἔθνος
327 272 626 342 ἁμαρτωλὸν,
645 272 763 328 λαὸς
786 274 976 341 πλήρης
1001 274 1257 342 ἁμαρτιῶν,
1273 274 1466 342 σπέρμα
1484 273 1706 342 πονηρὸν,

117 362 144 386 “
169 358 256 407 υἱοὶ
280 355 458 421 ἄνομοι·
490 357 821 422 ἐγκατελίπετε
846 354 930 407 τὸν
951 355 1131 423 Κύριον
1155 357 1232 407 καὶ
1257 356 1598 423 παρωργίσατε
1623 355 1707 408 τὸν

115 444 144 468 “
169 436 302 504 ἅγιον
326 443 409 489 τοῦ
433 436 677 505 Ἰσραήλ·”
717 439 813 504 ἐρεῖ
834 437 890 488 δέ
909 460 978 492 τις
1002 436 1122 505 πρὸς
1147 436 1208 489 τὰ
1234 437 1344 502 ε”θνη
1370 442 1466 489 τῶν
1484 441 1707 504 Χριστοῦ

114 524 338 585 μαθητῶν
369 526 397 551 “
419 521 578 584 (Υμεῖς
616 518 665 571 δὲ
703 519 837 586 γε’νος
876 518 1113 583 ἐκλεκτὸν,
1147 519 1397 581 βασίλειον
1433 520 1700 586 ἱεράτευμα,
1766 531 1788 598 1¹1
1798 523 1918 608 {Pet-

72 612 94 650 5
115 609 143 632 ‘⁶
167 601 297 656 ἔθνος
323 601 472 668 ἅγιον,
499 600 617 655 λαὸς
643 605 705 656 εἰς
730 601 1046 668 περιποίησιν,
1073 601 1149 653 ἵνα
1175 600 1259 656 τὰς
1284 600 1452 669 ἀρετὰς
1482 601 1700 671 ἐξαγγεί-
1722 624 1745 649 a
1793 592 1857 649 ¹91
1874 614 1929 649 A.

116 690 143 715 “
167 690 282 748 λητε
322 689 406 735 τοῦ
444 684 494 734 ἐκ
533 682 737 737 σκότους
774 684 893 746 ὑμᾶς
931 688 1192 738 καλοῦντος
1229 687 1292 737 εἷς
1330 682 1386 734 τὸ
1425 683 1705 747 θαυμαστὸν

116 772 143 796 “
169 766 311 817 αὐτοῦ
338 766 487 834 φῶς·”
527 763 686 829 ἐπειδὴ
713 763 806 831 γὰρ
831 764 1153 833 παρεδέξαντο
1179 763 1256 815 διὰ
1280 768 1363 829 τῆς
1389 765 1596 820 πίστεως
1621 765 1706 816 τὸν

115 847 248 906 Υἱὸν,
285 847 496 916 δέχονται
535 845 621 910 τὴν
661 846 858 916 ἐξουσίαν
895 851 979 897 τοῦ
1017 848 1066 897 ἐν
1105 845 1271 900 τέκνοις
1309 845 1532 915 τετάχθαι
1572 850 1701 900 Θεσῧ·

114 930 279 981 δίδωσι
319 928 468 995 γεμὴν
506 929 532 980 ὁ
571 926 687 982 Υἱὸς
731 926 786 979 τὸ
829 926 959 998 μόνῳ
1000 930 1077 980 καὶ
1125 928 1249 983 ἰδίως
1294 930 1420 998 αὐτῷ
1465 932 1540 980 καὶ
1586 929 1706 981 κατὰ

46 1031 93 1057 ¹0
114 1010 264 1079 φύσιν
290 1009 503 1079 ὑπάρχον
529 1010 914 1080 ἐξουσιαστικῶς,
941 1014 1003 1065 εἷς
1030 1009 1277 1075 κοινότητα
1302 1015 1512 1078 προθεὶς,
1540 1010 1706 1078 ὥσπερ

113 1091 267 1144 εἰκόνα
313 1093 675 1162 φιλανθρωπίας
720 1095 803 1156 τῆς
847 1092 1045 1156 ἐνούσης
1091 1093 1217 1162 αὐτῷ
1268 1095 1344 1144 καὶ
1389 1097 1473 1158 τῆς
1517 1098 1579 1148 εἷς
1622 1094 1707 1147 τὸν

113 1173 296 1239 κόσμον
326 1173 513 1240 ἀγάπης
550 1173 604 1225 τὸ
643 1178 843 1241 πρᾶγμα
882 1174 1175 1238 ποιούμενος.
1231 1176 1285 1226 οὐ
1322 1174 1416 1242 γὰρ
1450 1175 1509 1241 ἦν
1540 1176 1706 1243 ἑτέρως

113 1258 360 1326 διαφυγεῖν
397 1255 483 1321 τὴν
521 1255 722 1326 φθορὰν,
761 1255 848 1321 τὴν
886 1256 1041 1308 εἰκόνα
1081 1262 1165 1309 τοῦ
1204 1263 1366 1326 χοϊκοῦ
1405 1257 1514 1313 τοὺς
1554 1259 1701 1328 φορέ-
1770 1264 1927 1297 xcor.xv.

114 1361 307 1402 σαντας,
335 1342 372 1390 εἱ
397 1338 463 1404 μὴ
489 1341 571 1403 τῆς
597 1337 770 1392 εἰκόνος
795 1343 879 1390 τοῦ
905 1339 1197 1406 ἐπουρανίου,
1224 1339 1300 1391 διὰ
1326 1346 1410 1392 τοῦ
1443 1343 1704 1406 κεκλῆσθαι
1723 1351 1750 1393 b
1766 1319 1819 1350 49·

46 1437 93 1476 15
113 1420 233 1487 πρὸς
271 1421 521 1483 υἱοθεσίαν,
559 1418 614 1472 τὸ
653 1420 833 1475 κάλλος
872 1421 982 1485 ἡμῖν
1013 1420 1326 1487 ἐνεσημάνθη.
1381 1423 1572 1491 με’τοχοι
1610 1422 1705 1490 γὰρ

113 1504 257 1554 αὐτοῦ
290 1501 537 1569 γεγονότες
573 1501 648 1554 διὰ
682 1508 765 1554 τοῦ
802 1502 1095 1567 Πνεύματος,
1125 1504 1615 1573 κατεσφραγίσθημεν
1641 1509 1704 1559 εἱς

112 1584 366 1650 ὁμοιότητα
390 1584 476 1650 τὴν
500 1583 618 1652 πρὸς
650 1583 807 1644 αὐτὸν,
836 1587 912 1636 καὶ
946 1588 1009 1640 εἷς
1040 1585 1094 1637 τὸ
1126 1586 1394 1654 ἀρχέτυπον
1418 1590 1501 1651 τῆς
1528 1586 1704 1642 εἰκόνος

109 1668 427 1731 ἀναβαίνομεν
451 1669 631 1735 σχῆμα,
656 1667 764 1718 καθ’
791 1667 938 1734 ἥνπερ
969 1667 1090 1731 ἡμᾶς
1123 1670 1200 1719 καὶ
1233 1669 1527 1733 πεποιῆσθαί
1549 1673 1704 1737 φησιν

109 1749 138 1813 ἡ
181 1749 282 1800 θεία
320 1748 502 1818 γραφή.
572 1748 709 1814 μόγις
754 1747 849 1815 γὰρ
891 1749 1013 1800 οὕτω
1052 1748 1108 1801 τὸ
1148 1751 1346 1818 ἀρχαῖον
1383 1753 1467 1815 τῆς
1510 1751 1703 1820 φύσεως

43 1853 92 1878 20
109 1830 506 1895 ἀνακομισάμενοι
537 1830 732 1893 κάλλος,
758 1832 834 1883 καὶ
868 1829 987 1897 πρὸς
1019 1830 1106 1896 τὴν
1131 1832 1260 1883 θείαν
1285 1832 1460 1898 ἐκείνην
1487 1834 1697 1900 ἀναμορ-

109 1913 344 1983 φωθέντες
394 1913 560 1983 φύσιν,
605 1913 840 1980 κρείττους
889 1912 1097 1974 ἐσόμεθα
1139 1917 1235 1965 τῶν
1278 1915 1330 1965 ἐκ
1379 1914 1703 1982 παραβάσεως

107 1995 219 2060 ἡμῖν
244 1995 622 2060 συμβεβηκότων
647 1999 816 2047 κακῶν.
871 1995 1038 2046 οὐκοῦν
1063 1995 1379 2060 ἀναβαίνομεν
1405 2000 1468 2051 εὶς
1499 1995 1554 2048 τὸ
1586 1997 1701 2065 ὑπὲρ
1719 2024 1741 2051 c

107 2078 260 2148 φύσιν
292 2078 482 2148 ἀξίωμα
517 2076 594 2130 διὰ
630 2075 861 2145 Χριστὸν,
893 2076 1006 2128 ἀλλ’
1045 2078 1100 2129 οὐ
1134 2078 1234 2129 κατ’
1270 2080 1443 2131 ἐκεῖνον
1478 2081 1698 2147 ἀπαραλ-

108 2158 294 2214 λάκτως
326 2159 533 2224 ἐσόμεθα
568 2161 644 2211 καὶ
677 2159 806 2224 ἡμεῖς
842 2161 928 2211 υἱοὶ
959 2163 1100 2223 Θεοῦ,
1133 2161 1245 2211 ἀλλ’
1280 2162 1342 2215 ὡς
1376 2160 1496 2228 πρὸς
1528 2163 1701 2213 ἐκεῖνον

42 2257 90 2296 25
109 2241 185 2293 διὰ
222 2245 305 2307 τῆς
343 2241 462 2294 κατὰ
499 2243 702 2308 μίμησιν
738 2241 945 2309 χάριτος·
1007 2242 1033 2293 ὁ
1071 2240 1156 2305 μὲν
1194 2241 1288 2309 γάρ
1326 2245 1459 2295 ἐστιν
1489 2243 1604 2298 Υἱὸς
1650 2245 1702 2295 ἐκ

112 2324 304 2391 Πατρὸς
348 2324 573 2393 ὑπάρχων
613 2324 850 2389 ἀληθινὸς,
889 2326 1013 2376 θετοὶ
1057 2323 1107 2376 δὲ
1151 2325 1281 2390 ἡμεῖς
1328 2328 1390 2380 ὡς
1433 2327 1483 2377 ἐκ
1528 2332 1701 2395 φιλαν-

109 2408 331 2473 θρωπίας,
358 2408 420 2461 ὡς
450 2408 499 2458 ἐν
524 2406 715 2474 χάριτος
748 2407 889 2476 μοίρᾳ
921 2406 1249 2469 λαμβάνοντες
1284 2407 1340 2459 τό
1374 2415 1400 2438 “
1426 2408 1556 2475 Ἐγὼ
1593 2406 1700 2460 εἶπα
1760 2418 1854 2493 ΞΒ·Χὶ
1882 2461 1903 2493 6

110 2494 138 2518 “
159 2488 277 2540 Θεοί
295 2490 403 2540 ε’στε
429 2491 505 2540 καὶ
532 2491 619 2541 υἱοὶ
645 2489 856 2557 ὑψίστου
880 2488 1094 2543 πάντες.”
1136 2490 1163 2554 ἡ
1189 2488 1277 2554 μὲν
1296 2489 1389 2557 γὰρ
1415 2489 1699 2556 πεποιημένη
1797 2473 1818 2493 x
1857 2486 1864 2493 ⁸
1905 2485 1913 2494 ’

109 2571 185 2621 καὶ
229 2569 377 2634 δούλη
422 2571 575 2625 κτίσις
625 2576 836 2622 καλεῖται
880 2570 1000 2637 πρὸς
1049 2569 1109 2623 τὰ
1155 2569 1271 2638 ὑπὲρ
1313 2572 1465 2637 φύσιν
1509 2572 1700 2635 νεύματι

42 2673 92 2708 30
109 2654 272 2721 γυμνῷ
309 2652 384 2702 καὶ
423 2651 618 2717 θελήσει
654 2658 738 2705 τοῦ
778 2651 988 2720 Πατρός·
1042 2653 1068 2704 ὁ
1106 2652 1155 2704 δὲ
1194 2652 1310 2707 Υἱὸς
1348 2655 1424 2704 καὶ
1464 2652 1587 2708 Θεὸς
1623 2656 1747 2710 καὶᾱ

159 2840 191 2864 2.
217 2829 643 2877 ἐγκατελίπετε-Ἰσραήλ
663 2844 733 2867 om.
753 2833 795 2868 B.
972 2844 1005 2878 3.
1031 2831 1134 2878 πρὸς]
1154 2832 1201 2868 εἷς
1219 2832 1262 2867 Β.
1445 2842 1498 2874 14.
1525 2833 1585 2867 τοῦ
1601 2832 1700 2878 prius

111 2876 203 2912 D.E.
224 2878 283 2920 τῆς
301 2877 367 2912 Ed·
525 2879 579 2914 16.
605 2879 706 2914 αὐτοῦ
723 2881 901 2925 γεγονότες
918 2879 985 2914 hoc
1003 2879 1127 2914 Ordine
1146 2879 1188 2913 Β.
1345 2878 1397 2913 18.
1417 2878 1638 2924 ἀναβαίνομεν
1657 2880 1700 2915 Β.

111 2948 121 2957 .
143 2949 151 2957 .
171 2949 179 2958 .
198 2949 207 2958 .
227 2950 235 2958 .
255 2938 353 2966 νομεν
371 2924 452 2960 D.E
456 2950 606 2961 ......
625 2940 726 2968 νομον
744 2926 810 2961 Ed.
829 2930 852 2945 “
867 2926 1165 2961 conscendimus'’
1183 2926 1370 2959 translator
1386 2931 1544 2971 uterque.
1632 2927 1699 2973 γὰρ

111 2981 174 3014 pro
190 2984 254 3015 περ
274 2970 316 3006 Β.
463 2982 516 3016 19.
540 2972 639 3017 μόγις
659 2972 700 3008 Β.
717 2974 817 3017 μόλις
834 2972 901 3008 Ed.
1047 2973 1102 3007 26.
1128 2972 1172 3008 ὡς
1189 2978 1412 3017 assumptum
1431 2984 1472 3007 ex
1495 2972 1535 3007 B.
