2084 3317
131 1677 185 1709 Ps.
201 1678 243 1709 iv.
263 1684 290 1717 7.

351 152 436 189 444
754 150 803 192 B.
837 149 1109 191 CYRILLI
1151 147 1528 189 ALEXANDR.
1795 147 1851 188 vi.
1870 156 1937 198 27.

355 276 545 343 Πατέρα
583 275 648 340 μὴ
683 274 797 327 εἶναι
834 275 1023 329 πάντως
1061 277 1109 326 ἐν
1148 275 1253 325 ε’ίδει
1293 278 1551 340 θεοπρεπεῖ,
1591 272 1706 339 ὅπερ
1747 274 1879 322 ἐστὶν
1916 272 1942 321 ὁ

351 356 465 411 Υἱὸς
507 358 535 422 ἡ
576 356 739 425 μορφὴ
779 364 862 409 τοῦ
903 356 1117 411 τεκόντος
1160 356 1317 419 αὐτὸν,
1353 355 1405 406 ὃν
1445 355 1572 422 ε’ίπερ
1610 378 1680 409 τις
1719 353 1943 406 θεάσαιτο

352 444 541 504 νοητῶς,
578 438 721 491 αὐτὸν
760 442 907 504 δῆλον
947 439 1019 490 ὅτι
1058 438 1320 507 κατόψεται
1358 437 1440 489 τὸν
1474 437 1681 503 Πατέρα.
1738 435 1813 487 διὰ
1851 436 1945 502 γάρ

352 544 423 572 τοι
461 527 600 572 τοῦτο
640 523 714 572 καὶ
753 521 917 572 ἑαυτὸν
944 518 1062 571 εἶναί
1097 525 1249 590 φησιν
1279 521 1327 571 ἐν
1362 521 1488 589 αὐτῷ
1524 523 1752 589 φυσικῶς,
1779 517 1866 569 κᾶν
1892 518 1946 587 ἐξ

353 605 496 655 αὐτοῦ
528 607 687 667 νοῆται
724 602 843 654 κατὰ
869 602 924 653 τὸ
951 602 1302 665 ἱδιοσύστατον,
1331 604 1579 668 ὡσπεροῦν
1605 604 1679 652 καὶ
1705 601 1760 652 τὸ
1786 600 1936 652 ἀπαύ·
1964 614 1986 653 5

309 695 522 750 Βγασμα
557 684 700 752 τυχὸν
727 686 775 735 ἐν
804 689 870 754 τῷ
905 683 1222 750 ἀπαυγάζοντι
1259 685 1335 734 καὶ
1370 685 1420 734 ἐκ
1458 688 1542 734 τοῦ
1581 681 1944 749 ἀπαυγάζοντος,

353 769 429 818 καὶ
464 766 620 833 ἕτερόν
645 790 688 817 τι
723 766 842 817 κατά
880 790 933 832 γε
972 766 1054 817 τὸν
1090 768 1138 817 ἐν
1176 764 1336 830 νοήσει
1375 764 1536 831 λόγον,
1565 767 1639 815 καὶ
1677 764 1825 815 πάλιν
1859 764 1946 831 οὐχ

351 850 521 915 ἕτερον,
549 852 612 902 ὡς
650 847 768 915 πρὸς
807 848 921 899 αὐτὸ
961 849 1293 914 θεωρούμενον,
1327 846 1402 898 διὰ
1441 846 1494 898 τὸ
1533 847 1590 916 ἐξ
1625 847 1767 897 αὑτοῦ
1806 844 1943 911 λε’γε-

351 935 481 994 σθαι,
513 933 588 981 καὶ
622 933 669 982 ἐν
703 932 829 1000 αὐτῷ
866 929 1015 982 πάλιν
1054 930 1293 997 ὑπάρχειν.
1348 933 1422 982 καὶ
1461 930 1514 980 οὐ
1553 928 1705 993 δήπου
1739 926 1858 979 κατὰ
1891 926 1946 978 τὸ

350 1014 399 1063 ἐν
444 1016 664 1082 μερισμῴ
708 1014 782 1063 καὶ
826 1015 1046 1079 ἀποκοπῇ
1091 1016 1149 1080 τῇ
1193 1010 1415 1074 καθόλου,
1444 1013 1519 1062 καὶ
1555 1012 1653 1061 κατ’
1682 1011 1850 1062 οὐσίαν
1887 1008 1947 1060 τὰ
1970 1033 2017 1058 10

350 1101 542 1146 τοιαῦτα
581 1093 892 1158 λαμβάνεται·
934 1093 1237 1162 ἐμπεφυκότα
1277 1093 1369 1160 γὰρ
1406 1093 1524 1144 κατὰ
1563 1091 1650 1156 τὴν
1684 1090 1948 1156 ταυτότητα

351 1179 434 1240 τῆς
461 1177 625 1230 οὐσίας
656 1181 752 1230 τοῖς
785 1178 866 1244 ἀφ’
896 1174 962 1226 ὧν
989 1181 1095 1238 εἱσι,
1123 1179 1197 1226 καὶ
1225 1176 1281 1244 ἐξ
1310 1178 1464 1226 αὐτῶν
1491 1173 1603 1225 εἶναι
1630 1173 1947 1235 πιστεύονται,

351 1257 685 1324 προκόπτοντα
719 1258 803 1321 μέν
835 1281 935 1311 πως
971 1257 1091 1308 κατὰ
1125 1257 1211 1321 τὴν
1238 1258 1470 1325 ε”κφανσιν
1497 1256 1582 1320 τὴν
1608 1259 1670 1309 ὡς
1706 1257 1754 1306 ἐν
1788 1254 1948 1320 νοήσει

314 1339 472 1406 οπρὸς
511 1339 666 1406 ἕτερόν
704 1363 749 1390 τι
788 1341 862 1390 καὶ
903 1343 1070 1402 ἱδικῶς,
1102 1338 1232 1404 πλὴν
1270 1340 1323 1390 οὐ
1361 1338 1723 1405 μεμερισμένως.
1779 1343 1943 1405 σφρα-

354 1422 525 1489 γίζεται
552 1421 708 1473 τοίνυν
734 1420 865 1483 παρὰ
891 1427 974 1472 τοῦ
1004 1420 1211 1488 Πατρὸς,
1239 1423 1292 1472 οὐ
1329 1420 1503 1487 γυμνὸς
1535 1420 1563 1486 ἦ
1592 1421 1802 1487 ἄσαρκος
1837 1421 1862 1470 ὁ
1899 1421 1948 1470 ἐκ
1970 1438 2017 1477 15

353 1507 435 1568 τῆς
475 1505 639 1558 οὐσίας
679 1504 822 1554 αὐτοῦ
851 1503 1022 1569 Λόγος,
1057 1503 1190 1554 ἀλλὰ
1227 1509 1419 1566 μᾶλλον
1457 1505 1511 1554 δι’
1554 1505 1695 1554 αὑτοῦ
1733 1501 1792 1553 τὰ
1829 1500 1949 1568 πρὸς

355 1587 582 1649 ὁμοίωσιν
608 1585 876 1652 ἀναγόμενα
902 1585 987 1650 τὴν
1015 1588 1077 1639 ὡς
1107 1585 1225 1652 πρὸς
1253 1585 1378 1637 Θεὸν
1405 1584 1524 1636 κατὰ
1551 1584 1605 1636 τὸ
1631 1583 1946 1652 ἐνδεχόμενον,

353 1666 519 1735 ὥσπερ
558 1670 639 1720 οῦν
673 1669 722 1719 ἐν
756 1668 913 1737 ἐκείνῳ
954 1674 1163 1731 νοοῦμεν,
1192 1670 1239 1719 ἐν
1274 1672 1341 1737 τῷ
1378 1691 1508 1722 τινας
1548 1668 1703 1733 λέγειν
1738 1675 1765 1696 “
1790 1668 1942 1731 Ἐση-

353 1757 382 1779 “
407 1750 584 1815 μειώθη
629 1751 702 1818 ἐφ’
749 1750 870 1814 ἡμᾶς
914 1749 968 1800 τὸ
1016 1754 1119 1818 φῶς
1164 1755 1248 1801 τοῦ
1294 1750 1559 1817 προσώπου
1603 1772 1709 1812 σου,
1751 1748 1945 1815 Κύριε.”

353 1831 615 1899 πρόσωπον
657 1832 742 1896 μὲν
785 1830 878 1898 γὰρ
919 1837 1002 1882 τοῦ
1038 1835 1164 1883 Θεοῦ
1205 1834 1281 1883 καὶ
1323 1831 1514 1898 Πατρὸς
1556 1831 1639 1883 τὸν
1677 1831 1795 1883 Υὶὸν
1835 1829 1952 1882 εἶναι’
1970 1856 2019 1881 20

355 1920 520 1982 φησιν,
555 1913 671 1980 ὅπερ
707 1916 809 1964 ἐστὶ
844 1913 992 1965 πάλιν
1024 1915 1048 1964 ὁ
1083 1914 1342 1981 χαρακτήρ·
1398 1918 1500 1983 φῶς
1536 1913 1584 1966 δὲ
1619 1912 1672 1964 τὸ
1707 1913 1764 1982 ἐξ
1791 1913 1948 1976 αὐτοῦ,

311 1995 441 2060 ἆτὴν
475 1995 550 2047 διὰ
584 2001 667 2047 τοῦ
695 1994 971 2059 Πνεύματος
1011 1997 1085 2046 ἐπὶ
1123 1995 1209 2059 τὴν
1245 1997 1400 2046 κτίσιν
1428 1994 1684 2060 διήκουσαν
1711 1994 1861 2063 χάριν,
1890 1996 1945 2045 δι’

355 2078 409 2142 ἧς
435 2080 497 2132 ὡς
522 2076 640 2144 πρὸς
667 2076 792 2128 Θεὸν
819 2077 1219 2141 ἀναπλαττόμεθα
1245 2077 1319 2128 διὰ
1351 2079 1570 2139 πίστεως,
1598 2079 1736 2128 οἱονεὶ
1762 2077 1948 2142 σημάν-

354 2183 451 2229 τρῳ
478 2162 566 2210 τινὶ
592 2159 677 2224 τὴν
702 2158 821 2226 πρὸς
853 2158 935 2210 τὸν
961 2158 1079 2210 Υὶὸν
1105 2159 1416 2228 συμμορφίαν
1442 2158 1862 2223 ἀναλαμβάνοντες
1888 2160 1945 2211 δι’

355 2243 510 2305 αὐτοῦ,
547 2240 597 2295 ὅς
637 2243 767 2292 ἐστιν
806 2241 939 2292 εἰκὼν
980 2247 1063 2292 τοῦ
1099 2241 1304 2308 Πατρὸς,
1331 2242 1406 2292 ἵνα
1445 2241 1653 2308 σώζηται
1697 2246 1856 2296 καλῶς
1899 2244 1948 2294 ἐν
1969 2261 2018 2300 25

355 2323 465 2386 ἡμῖν
490 2323 545 2374 τὸ
571 2325 678 2375 καθ’
707 2324 934 2387 ὁμοίωσιν
958 2326 1034 2374 καὶ
1069 2322 1223 2374 εἰκόνα
1251 2326 1539 2389 γεγενῆσθαι
1565 2329 1648 2375 τοῦ
1676 2324 1942 2379 κτίσαντος.

356 2404 512 2469 ἐπειδὴ
559 2406 607 2456 δὲ
658 2404 1050 2471 ὁμολογουμένως
1099 2403 1364 2472 πρόσωπόν
1413 2407 1517 2456 ἐστι
1566 2412 1649 2457 τοῦ
1695 2409 1821 2457 Θεοῦ
1871 2407 1948 2457 καὶ

359 2486 550 2554 Πατρός
576 2489 601 2538 ὁ
628 2486 756 2549 Υἱὸς,
784 2487 851 2552 εἴη
879 2486 1030 2551 δήπου
1056 2485 1244 2541 πάντως
1270 2486 1328 2538 ἂν
1354 2487 1494 2542 αὐτὸς
1529 2489 1602 2539 καὶ
1642 2489 1666 2538 ὁ
1704 2487 1948 2556 χαρακτὴρ

358 2569 406 2619 ἐν
432 2567 469 2638 ᾧ
495 2569 748 2638 σφραγίζει
775 2568 911 2622 Θεός.

431 2651 595 2702 Ἀλλὰ
630 2654 716 2714 ναὶ,
744 2653 895 2719 φησὶν
931 2652 955 2702 ὁ
991 2652 1044 2702 δι’
1075 2652 1296 2713 ἐναντίας,
1331 2651 1401 2703 ὅτι
1439 2651 1525 2716 μὲν
1561 2652 1635 2704 διὰ
1676 2658 1758 2704 τοῦ
1787 2652 1943 2704 Πνεύ-
1967 2672 2019 2709 3ο

321 2749 505 2796 θματος
549 2732 921 2800 κατασφραγίζει
961 2732 1081 2788 Θεὸς
1121 2733 1227 2788 τοὺς
1272 2734 1432 2801 ἁγίους
1478 2734 1776 2799 πιστεύομεν,
1817 2734 1948 2799 πλὴν

405 2870 437 2905 5.
465 2862 547 2895 κατὰ
568 2861 608 2895 Β.
628 2862 682 2895 διὰ
702 2861 767 2896 Εᾶ.
868 2871 898 2905 7.
925 2860 1007 2895 κατά
1023 2876 1060 2907 γε
1080 2861 1154 2907 τὸν]
1175 2861 1242 2896 κατ’
1262 2861 1365 2896 αὐτὸν
1380 2862 1420 2897 Β.
1519 2874 1630 2897 20-22
1649 2868 1682 2897 et
1702 2872 1825 2908 27-29.
1853 2862 1947 2898 Citat

358 2906 495 2987 {eccffls
515 2908 636 2987 Ιξῖμίςῑ.
654 2909 699 2943 iv.
808 2918 862 2953 27.
889 2911 1124 2954 ὁμολογοῦμεν
1142 2909 1185 2944 ὡς
1203 2909 1285 2952 (sic)
1307 2909 1346 2944 Β.
1458 2911 1514 2944 28.
1541 2908 1581 2944 ἂν
1599 2916 1822 2955 assumptum
1841 2921 1882 2944 ex
1902 2910 1944 2945 Β.

384 2965 438 2987 ees
472 2966 507 2987 m
560 2966 653 2989 ecco.
