2084 3317
140 138 194 180 vi.
213 148 280 193 57.
363 139 436 180 IN
478 139 520 180 S.
554 139 887 180 JOANNEM.
951 139 1075 180 LIB.
1109 139 1187 180 IV.
1250 139 1384 180 CAP.
1419 139 1505 181 ΙΙΙ.
1642 142 1725 181 539

141 256 166 278 “
194 250 380 303 αὐτός.”
432 248 686 304 ἀποδιδοὺς
724 250 881 301 τοίνυν
915 252 974 318 τῇ
1013 249 1255 318 οἰκονομίᾳ
1291 253 1349 316 τῇ
1388 248 1506 312 μετὰ
1544 248 1765 315 σαρκὸςο

138 330 193 383 τὸ
218 331 413 398 πρέπον,
441 332 691 396 ἀνατίθησι
717 336 785 401 τῷ
811 335 920 401 Θεῷ
949 334 1024 383 καὶ
1053 334 1210 398 Πατρὶ
1236 330 1296 382 τὰ
1323 331 1438 397 ὑπὲρ
1471 331 1725 396 ἀνθρώπου

139 413 352 478 δύναμιν.
418 412 471 464 τὸ
512 412 606 481 γὰρ
646 415 805 465 κτίσαι
846 413 960 466 ναὸν
999 416 1047 466 ἐν
1086 413 1304 484 παρθένῳ
1348 412 1434 478 τὴν
1474 413 1725 480 ἀνθρώπου

137 495 334 560 δύναμιν
371 496 639 565 ἐξάλλεται.

96 591 118 629 5
211 579 354 629 Ἀλλ’
381 581 478 645 ἐρεῖ
505 578 625 646 πρὸς
659 586 808 632 ταῦτα
843 579 993 632 πάλιν
1021 581 1046 631 ὁ
1078 580 1132 631 δι’
1161 579 1373 633 ἐναντίας
1401 580 1496 629 Καὶ
1530 582 1631 632 πῶς
1668 576 1726 629 ἂν

137 660 304 727 ἑτέρως
341 659 396 712 τὸ
434 662 484 713 τί
517 661 638 713 κατὰ
677 662 827 731 φύσιν
858 664 990 713 ἐστὶν
1020 661 1315 731 ἐξεκάλυψεν
1346 662 1371 712 ὁ
1403 658 1586 724 Υἱὸς,ἢ
1625 664 1726 714 πῶς

139 741 198 794 ἂν
229 742 372 813 ἔδειξε
410 748 583 812 σαφῶς
622 745 692 796 ὅτι
730 745 898 811 μείζων
928 747 1060 796 ἐστὶν
1087 746 1112 795 ὁ
1146 743 1331 811 Πατὴρ,
1358 747 1395 794 εἰ
1430 743 1496 807 μὴ
1531 743 1608 793 διὰ
1642 748 1726 793 τοῦ

138 826 295 891 λέγειν
333 826 403 878 ὅτι
450 827 512 897 ζῶ
556 824 633 879 διέι
677 828 744 879 τὶν
784 827 1004 895 Ποιτέραις
1064 832 1101 878 εὶ
1145 826 1237 893 γὰρ
1281 825 1487 894 χορηγός
1531 827 1663 876 ἐστιν
1700 827 1725 877 ὀ

140 907 311 974 Πατὴρ
356 912 422 978 τῷ
473 913 574 978 Υἱῷ
619 913 702 973 τῆς
753 908 885 975 ζωῆς,
930 910 1000 963 τίς
1049 913 1111 964 εἰς
1162 909 1403 974 τοσαύτην
1444 909 1727 974 ἀβελτερίαν

71 1006 118 1038 ιό
138 990 302 1041 ἐλάσει
337 990 521 1053 λοιπὸν,
548 993 611 1044 ὡς
648 989 714 1055 μὴ
752 990 941 1046 πάντως
975 992 1147 1043 ἐννοεῖν
1178 991 1249 1042 ὅτι
1284 990 1338 1042 τὸ
1373 991 1576 1058 μέτοχον
1609 990 1725 1056 ζωῆς
1745 999 1771 1039 d

138 1073 192 1123 οὐ
236 1072 407 1124 ταύτὸν
447 1073 582 1125 ἔσται
627 1072 747 1124 κατὰ
793 1074 943 1143 φύσιν
983 1077 1043 1142 τῇ
1089 1074 1195 1142 ζωῇ,
1233 1073 1335 1138 ἤτοι
1377 1075 1444 1144 τῷ
1488 1074 1727 1140 ζωοποιεῖν

138 1155 382 1223 ἱσχύοντι;

216 1238 348 1306 Πρὸς
375 1238 432 1304 δὴ
459 1239 518 1291 τὰ
544 1246 749 1303 τοιαῦτα,
778 1242 853 1292 καὶ
879 1241 1010 1305 ἡμεῖς
1042 1240 1125 1293 τὸν
1150 1244 1233 1306 τῆς
1268 1242 1491 1307 ἀληθείας
1527 1239 1722 1309 ἀντεξά-

1790 1320 1844 1349 Es.

1790 1363 1891 1393 xxxii.
1911 1362 1940 1393 6.

138 1344 304 1387 γοντες
331 1322 494 1388 λόγον,
521 1324 715 1389 ἐροῦμεν
741 1324 963 1390 εὐκαίρως
990 1331 1017 1353 “
1038 1324 1101 1375 Ὁ
1127 1323 1285 1391 μωρὸς
1317 1323 1455 1391 μωρὰ
1493 1323 1722 1387 λαλήσει,

72 1411 166 1460 15“
194 1406 269 1456 καὶ
306 1405 333 1470 ἡ
369 1406 536 1472 καρδία
571 1407 713 1457 αὐτοῦ
747 1405 925 1470 μάταια
960 1405 1136 1471 νοήσει,
1171 1412 1256 1458 τοῦ
1289 1411 1536 1457 συντελεῖν
1572 1406 1728 1469 ἄνομα

139 1493 167 1517 “
192 1489 268 1538 καὶ
307 1493 475 1539 λαλεῖν
512 1487 632 1555 πρὸς
674 1487 852 1556 Κύριον
889 1488 1176 1554 πλάνησιν.”
1229 1489 1278 1540 τί
1315 1487 1409 1555 γὰρ
1451 1488 1508 1539 ἂν
1547 1487 1728 1554 γένοιτο

138 1573 222 1634 τῆς
248 1571 464 1635 τοιαύτης
489 1575 586 1622 τῶν
610 1575 853 1638 αἱρετικῶν
878 1573 1055 1626 ἐννοίας
1080 1570 1135 1623 τὸ
1162 1571 1586 1638 παρανομώτερονς
1627 1574 1728 1624 πῶς

139 1652 189 1704 δὲ
233 1653 317 1704 οὐκ
361 1653 544 1722 ἐσχάτη
587 1653 831 1718 πλάνησις
877 1659 1093 1705 λαλεῖται
1137 1655 1246 1721 παρ’
1286 1654 1442 1705 αὐτῶν
1480 1652 1600 1704 κατὰ
1644 1657 1728 1704 τοῦ

138 1735 296 1786 ποῖντα
331 1735 673 1803 ζωογονοῦντος
699 1740 930 1803 Χριστοῦ,
958 1736 1035 1787 ὅτε
1069 1735 1226 1802 λέγειν
1256 1737 1340 1787 οὐκ
1373 1737 1651 1802 ἐρυθριῶσιν
1684 1738 1726 1786 οἱ
1744 1757 1764 1783 e

70 1843 120 1867 20
139 1817 603 1886 παραφρονέστατοι,
629 1818 716 1885 ζῆν
746 1817 889 1869 αὐτὸν
915 1821 998 1882 τῆς
1031 1817 1142 1884 παρ’
1172 1818 1329 1885 ἑτέρου
1363 1818 1564 1886 μέτοχον
1590 1818 1725 1885 ζωῆς,

139 1899 352 1967 καθάπερ
387 1900 447 1952 τὰ
482 1902 537 1952 δι’
566 1901 710 1952 αὐτοῦ
746 1900 1012 1967 γεγονότας
1058 1898 1128 1966 ἆρ’
1159 1901 1241 1952 οὖν
1276 1901 1413 1951 ἔσται
1447 1899 1620 1952 λοιπὸν
1653 1903 1729 1951 καὶ

138 1983 256 2053 ζῷον
282 1983 392 2047 ἡμῖν
424 1984 449 2034 ὁ
483 1983 611 2047 Υἱὸς,
639 1983 721 2035 ἅτε
760 1983 816 2048 δὴ
857 1986 931 2035 καὶ
969 1982 1086 2049 ζωῆς
1126 1983 1341 2052 ὑπάρχον
1374 1983 1588 2051 μέτοχος,
1615 1984 1726 2034 ἀλλ’

139 2067 222 2118 οὐκ
260 2064 375 2117 αὐτὸ
414 2065 534 2117 κατὰ
572 2066 723 2135 φύσιν
763 2066 886 2133 ζωή,
928 2066 983 2117 τὸ
1022 2065 1117 2132 γὰρ
1156 2064 1274 2137 ζῷον
1312 2066 1470 2133 ἕτερον
1509 2064 1623 2117 εἶναι
1662 2069 1736 2117 δεῖ

138 2148 328 2203 πάντως
370 2148 501 2216 παρὰ
540 2148 627 2213 τὴν
667 2150 818 2200 οὖσαν
858 2151 907 2200 ἐν
948 2151 1074 2218 αὐτῷ
1117 2149 1251 2216 ζωήν.
1317 2152 1354 2200 εἰ
1399 2148 1447 2200 δὲ
1487 2148 1729 2214 νομίζουσι

71 2253 119 2290 25
138 2231 311 2282 ταύτὸν
349 2229 464 2282 εἶναι
503 2232 749 2294 δύνασθαι,
786 2232 1004 2298 λεγέσθω
1042 2236 1139 2283 πᾶν
1177 2233 1296 2301 ζῷον
1334 2230 1442 2298 ζωή
1492 2232 1602 2281 ἀλλ’
1645 2231 1729 2281 οὐκ

138 2312 197 2364 ἂν
236 2311 368 2377 οἶμαί
404 2336 474 2367 τις
514 2314 636 2365 οὕτω
677 2313 875 2378 ποιήσαι
916 2318 1198 2383 σωφρονῶν·
1253 2315 1420 2365 οὐκοῦν
1459 2311 1564 2364 οὐδὲ
1610 2312 1729 2381 ζῷον

139 2396 249 2460 ἡμῖν
281 2397 306 2447 ὁ
339 2395 632 2462 Μονογενὴς,
660 2395 791 2447 ἀλλὰ
826 2396 917 2463 ζωὴ
953 2395 1074 2448 κατὰ
1109 2395 1260 2464 φύσιν
1287 2394 1584 2460 νοηθήσεται.
1627 2399 1729 2449 πῶς

139 2478 234 2545 γὰρ
259 2477 317 2530 ἂν
343 2480 419 2529 καὶ
445 2478 708 2544 ἀληθεύσαι
735 2480 890 2546 λέγων
916 2487 943 2509 “
969 2479 1101 2545 Ἐγώ
1132 2482 1222 2543 εἶμι
1249 2479 1276 2543 ἡ
1304 2477 1571 2531 ἀνάστασις
1598 2479 1673 2527 καὶ
1700 2477 1766 2541 via
1796 2495 1882 2528 368
1898 2495 1951 2550 ᾼ.

139 2568 168 2591 “
195 2561 286 2628 ζωή
305 2561 348 2623 ;'’
389 2559 481 2626 ζωὴ
517 2560 611 2628 γάρ
645 2563 748 2612 ἐστι
775 2561 829 2613 τὸ
857 2561 1134 2628 ζωογονοῦν,
1164 2561 1218 2612 οὐ
1244 2559 1298 2612 τὸ
1324 2562 1407 2623 τῆς
1432 2560 1544 2626 παρ’
1570 2559 1728 2625 ἑτέρου
1789 2544 1881 2626 ἔξω
1898 2555 1940 2574 Μ’

69 2669 120 2706 30
139 2644 257 2712 ζωῆς
307 2642 495 2707 ἐπιδεὲς,
542 2642 705 2710 ὥσπερ
761 2644 843 2695 οὖν
892 2643 1058 2708 ἀμέλει
1113 2645 1189 2695 καὶ
1242 2643 1398 2711 σοφία
1451 2646 1622 2693 νοεῖται
1673 2640 1728 2693 τὸ

189 2820 219 2844 1.
244 2807 362 2854 αὐτός]
383 2808 485 2842 αὐτοῦ
505 2807 560 2850 Β.,
579 2806 639 2842 sed
658 2807 701 2842 cf.
721 2819 829 2852 supra
848 2808 914 2853 238
931 2819 960 2841 c.
980 2808 1016 2841 in
1034 2806 1081 2840 xii
1100 2806 1230 2850 Proph.
1250 2805 1317 2851 687
1331 2817 1360 2840 c.
1566 2814 1599 2848 5.
1625 2805 1730 2839 πάλιν

139 2868 210 2891 om.
232 2856 274 2890 B.
423 2866 476 2890 10.
503 2855 541 2889 τὸ
559 2853 723 2900 μέτοχον]
743 2856 781 2888 τὸ
798 2855 944 2899 μετέχον
963 2854 1007 2887 D.
1027 2853 1178 2897 μετέχων
1198 2853 1241 2887 Β,
1398 2862 1451 2901 {10
1478 2851 1576 2886 ἔσται
1593 2863 1664 2886 om.
1686 2852 1727 2886 Β.

143 2912 196 2948 15.
224 2901 301 2948 τοῦ]
321 2902 359 2936 τὸ
379 2901 422 2936 Β.
566 2911 621 2936 20.
647 2901 794 2947 μέτοχον
813 2901 855 2936 Β,
872 2901 1059 2946 μετέχοντα
1078 2899 1144 2934 Ed.
1302 2909 1357 2944 23.
1382 2901 1466 2934 εἰναι
1484 2898 1551 2944 δεῖ]
1571 2899 1667 2934 ἔστιν
1685 2898 1727 2934 Β.

141 2960 196 2996 ²5·
221 2948 360 2995 ταύτὸν]
380 2950 500 2983 τοῦτον
520 2947 562 2982 Β.

876 3015 987 3057 322
