2084 3317
141 152 196 194 iv.
217 153 254 195 6.
381 152 454 193 IN
496 152 538 194 S.
572 150 909 193 JOANNEM.
971 150 1096 191 LIB.
1130 151 1191 191 II.
1254 151 1388 192 CAP.
1423 151 1501 192 IV.
1649 152 1730 191 265

139 260 271 311 ἀλλὰ
308 260 456 313 πάλιν
494 262 648 312 αὐτῶν
684 259 924 329 ἀνθέξεται
964 259 1194 326 Χριστὸς,
1233 262 1310 311 καὶ
1347 259 1729 311 ἐπαναπαύσεται

139 344 215 393 καὶ
248 342 506 394 καταλύσει
539 342 687 394 πάλιν
721 343 782 396 ὡς
818 343 867 392 ἐν
893 342 1056 407 ἁγίοις,
1083 340 1353 408 ἀμάραντον
1379 342 1533 396 αὐτοῖς
1571 339 1657 403 τὴν
1683 342 1732 391 ἐν

138 425 304 491 ἀρχαῖς
342 424 605 491 ἀποσώζων
643 422 797 491 χάριν.
865 425 1189 492 ἐμφιλοχωρεῖ
1223 422 1271 474 δὲ
1309 427 1410 476 ταῖς
1449 427 1544 473 τῶν
1584 423 1731 487 ἁγίων

137 504 353 568 μνήμαις,
389 506 464 556 ἵνα
505 505 654 557 τύπον
692 506 802 569 ἡμῖν
840 503 1006 556 ἑαυτὸν
1045 506 1132 555 κάν
1169 503 1321 574 τούτῳ
1359 503 1618 571 παράσχοι,
1656 504 1733 553 καὶ

93 600 116 638 5
138 585 258 653 ἀρχὴ
285 589 359 638 καὶ
387 586 507 654 θύρα
534 590 616 650 τῆς
642 591 704 641 εἰς
730 585 837 640 τοὺς
863 585 1067 652 πατέρας
1090 585 1272 651 γένοιτο
1306 588 1456 649 τιμῆς.
1511 584 1732 635 καταλύει

137 668 186 719 δὲ
234 668 522 724 κεκοπιακὼς
569 669 619 719 ἐκ
664 667 738 728 τ’ἦς
789 665 1047 735 ὁδοιπορίας,
1094 670 1156 720 ὡς
1200 666 1479 733 γέγραπται,
1524 667 1600 717 ἵνα
1644 667 1732 716 κάν

136 749 287 819 τούτῳ
321 753 404 815 τῆς
441 754 535 801 τῶν
559 748 852 800 ἐλαυνόντων
879 749 1021 799 αὐτὸν
1052 749 1273 809 ἀσεβείας
1311 752 1572 817 κατηγορῇ.
1629 748 1732 800 δεόν

136 830 230 897 γὰρ
261 836 362 885 ταῖς
395 832 689 898 εὑγνώμοσιν
716 832 1013 881 ἀνακτᾶσθαι
1039 835 1205 894 τιμαῖς,
1235 833 1361 882 αἰδοῖ
1391 854 1441 882 τε
1478 833 1552 881 καὶ
1590 830 1731 900 φόβῳ

135 911 444 979 περιθάλπειν
482 915 543 967 ὡς
582 913 839 979 εὐεργέτην,
880 916 1038 978 ἱδρῶτι
1077 913 1151 962 καὶ
1190 911 1352 966 πόνοις
1390 913 1731 979 καταικίζονται

69 1013 117 1039 10
137 991 220 1044 τὸν
247 995 437 1061 Κύριον,
471 995 547 1045 ἵνα
586 997 661 1044 καὶ
700 993 921 1058 ἀληθεύοι
961 994 1117 1059 λέγων
1151 995 1257 1060 περὶ
1296 995 1450 1045 αὐτῶν
1485 995 1534 1044 ἐν
1567 995 1730 1064 βίβλῳ

135 1078 351 1144 ψαλμῶν
377 1084 404 1106 “
427 1079 520 1128 Καὶ
546 1076 925 1127 ἀνταπεδίδοσάν
950 1099 1030 1139 μοι
1057 1073 1241 1141 πονηρὰ
1268 1077 1371 1126 ἀντὶ
1398 1077 1638 1142 ἀγαθῶν.”

210 1159 447 1210 Ἰουδαίων
472 1157 558 1221 μὲν
584 1159 666 1209 οὖν
692 1160 740 1208 ἐν
766 1157 948 1211 τούτοις
973 1158 1137 1223 ὁρᾶται
1164 1155 1218 1208 τὸ
1246 1157 1442 1223 θράσος.
1495 1158 1544 1208 τί
1566 1157 1613 1208 δὲ
1641 1158 1732 1224 ἄρα

137 1240 354 1308 φήσουσι
383 1240 501 1308 πρὸς
532 1246 670 1292 τοῦτο
696 1239 843 1291 πάλιν
869 1240 977 1303 ἡμῖν
1003 1241 1078 1290 καὶ
1116 1242 1158 1289 οἱ
1191 1242 1273 1303 τῆς
1299 1240 1481 1291 ἐκείνων
1508 1241 1732 1294 ἀπονοίας

137 1321 339 1386 γείτονες
363 1323 610 1389 Ἀρειανοῖ,
643 1326 833 1385 μᾶλλον
869 1321 916 1372 δὲ
955 1321 1073 1386 πρὸς
1113 1321 1191 1375 οὓς
1231 1319 1289 1372 ἀν
1320 1321 1509 1387 λέγοιτο
1543 1323 1730 1375 δικαίως

69 1415 116 1455 15
137 1403 418 1469 Ἐδικαιώθη
448 1405 637 1468 Σόδομα
663 1405 712 1454 ἐκ
739 1409 830 1454 σοῦ
852 1426 864 1467 ;
910 1407 950 1454 οἱ
985 1404 1069 1466 μὲν
1094 1403 1188 1470 γὰρ
1225 1403 1344 1454 κατὰ
1381 1403 1541 1470 σάρκα
1575 1427 1724 1455 σταυ-

1750 282 1772 310 Θ

1750 854 1772 879 a
1810 847 1888 882 1¹78
1906 844 1958 880 A.

1794 1072 1850 1102 Ps.

1794 1115 1960 1147 xxxiv.12.

1793 1407 1957 1456 Cf3Ezek.

1793 1461 1859 1482 xv1.
1876 1461 1928 1490 52.

136 1491 275 1551 ροῦσι
313 1486 542 1553 Χριστὸν,
577 1489 618 1537 οἱ
659 1485 705 1536 δὲ
745 1489 807 1539 εἰς
847 1484 992 1550 αὐτὴν
1027 1487 1362 1551 ἐμπαροινοῦσι
1402 1485 1488 1550 τὴν
1528 1487 1776 1553 ἄῤῥητονὶ)

137 1572 220 1618 τοῦ
248 1567 410 1634 Λόγου
444 1567 607 1638 φύσιν.
663 1566 763 1618 ἰδοὺ
793 1570 1074 1619 neum-Iane!
1100 1568 1149 1619 ἐκ
1183 1567 1259 1626 τῆς
1297 1565 1556 1638 ὁδοιπορίας·
1600 1568 1669 1622 τίς
1707 1568 1731 1617 ὁ

135 1654 275 1700 τοῦτο
309 1650 507 1711 παθών;
554 1648 648 1715 ἆρα
688 1651 763 1699 καὶ
804 1648 970 1716 ἰσχύος
1008 1650 1118 1714 ἡμῖν
1153 1651 1311 1701 ἐπιδεᾶ
1346 1649 1429 1700 τὸν
1458 1655 1553 1700 τῶν
1589 1648 1729 1700 δυνά-

135 1753 259 1792 μεων
291 1733 520 1782 εἰσοίσετε
556 1730 746 1796 Κύριον,
780 1733 854 1782 καὶ
890 1732 1017 1801 αὐτῷ
1053 1736 1120 1800 τῷ
1156 1733 1205 1782 ἐκ
1242 1731 1432 1798 Πατρὸς
1470 1735 1739 1797 Μονογενεῖ

69 1834 118 1861 20
137 1812 219 1863 τὸν
257 1815 306 1864 ἐκ
342 1816 424 1877 τῆς
463 1814 728 1879 ὁδοιπορίας
769 1812 1030 1877 ἀναθήσετε
1075 1813 1237 1875 πόνον,
1276 1814 1352 1863 ἵνα
1397 1815 1472 1863 καὶ
1519 1811 1733 1877 παθητὸς

137 1897 299 1958 νοῆται
343 1893 514 1946 λοιπὸν
555 1897 580 1946 ὁ
620 1899 788 1946 παθεῖν
829 1896 912 1946 οὐκ
957 1894 1117 1957 εἰδώς;
1175 1893 1204 1960 ὴ
1250 1899 1442 1962 φρονεῖν
1483 1894 1568 1959 μὲν
1610 1895 1732 1945 οὕτω

136 1976 491 2044 παραιτήσεσθε
533 1983 773 2031 ποιοῦντες
817 1977 983 2043 ὀρθῶς,
1021 1976 1142 2044 μόνῃ
1185 1974 1232 2026 δὲ
1276 1980 1334 2045 τῇ
1380 1981 1464 2028 τοῦ
1509 1976 1732 2039 σώματος

137 2058 282 2126 φύσει
316 2058 595 2125 περιθήσετε
629 2058 688 2109 τὰ
723 2060 797 2110 ἐπὶ
833 2060 1013 2113 τούτοις
1049 2057 1347 2124 ἐγκλήματα,
1377 2063 1569 2121 μᾶλλον
1595 2058 1644 2109 δὲ
1670 2062 1729 2126 τῇ

137 2140 464 2207 ἀνθρωπότητι
497 2141 691 2207 πρέπειν
717 2142 858 2207 ἐρεῖτε
888 2140 971 2192 τὸν
1002 2139 1164 2202 πόνον,
1191 2140 1312 2207 ἤπερ
1349 2139 1447 2191 ὅντι
1479 2143 1554 2191 καὶ
1591 2163 1724 2191 νοου-

71 2238 120 2279 25
137 2221 260 2292 μένῳ
298 2227 462 2292 γυμνῷ
501 2225 575 2274 καὶ
611 2222 719 2274 καθ’
749 2222 913 2274 ἑαυτὸν
944 2226 1011 2292 τῷ
1038 2222 1216 2292 Λόγῳ;
1261 2223 1405 2289 ὅνπερ
1442 2223 1524 2273 οὖν
1555 2222 1732 2289 τρόπον

137 2305 186 2354 ἐν
230 2305 322 2373 ἰδίᾳ
368 2305 513 2374 φύσει
556 2304 611 2356 τὸ
657 2304 814 2356 πάντα
858 2305 1092 2356 δύνασθαι
1135 2304 1429 2369 κεκτημένος,
1469 2307 1545 2355 καὶ
1591 2304 1731 2358 αὐτὸς

139 2384 409 2453 ὑπάρχωνὴ
436 2385 627 2438 πάντων
657 2386 794 2455 ἰσχὺς
820 2387 1141 2438 κεκοπιακέναι
1171 2387 1375 2453 λέγεται’
1419 2386 1483 2451 μὴ
1511 2385 1604 2452 γάρ
1630 2409 1726 2449 μοι,

137 2465 203 2531 μὴ
247 2466 402 2536 διὲλῃς
447 2472 508 2522 εἰς
554 2473 664 2520 υἱῶν
703 2468 851 2521 δυάδα
895 2467 978 2520 τὸν
1025 2469 1104 2519 ἕνα
1151 2468 1383 2533 Χριστὸν,
1423 2467 1509 2519 κᾶν
1547 2466 1606 2518 τὰ
1647 2470 1730 2531 τῆς

139 2547 501 2614 ἀνθρωπότητος
551 2554 613 2604 εἰς
664 2549 829 2601 ἑαυτὸν
874 2554 1119 2601 οἰκειοῦται
1163 2550 1309 2614 πάθη·
1378 2550 1527 2600 καίτοι
1578 2547 1731 2612 με’νων

191 2692 220 2716 Ι.
250 2681 525 2726 ἐπαναπαύσηται
544 2683 591 2718 D.
609 2683 882 2719 ἐπαναπαὺσεται
907 2683 1038 2718 habent
1063 2695 1093 2717 a.
1119 2683 1225 2718 Cord.
1246 2682 1490 2717 ἐπαναπαύεται
1513 2688 1547 2717 et
1572 2682 1730 2717 καταλύει

141 2728 184 2764 Β.
210 2773 235 2799 'A
296 2774 303 2782 β
405 2741 439 2772 4.
464 2731 626 2776 παράσχῃ
645 2743 675 2766 a.
900 2731 933 2766 6.
960 2732 1013 2764 καὶ
1030 2733 1130 2765 τοῦτο
1149 2731 1229 2774 (Sic)
1250 2729 1356 2764 Cord.
1374 2730 1434 2763 κάν
1450 2729 1558 2775 τούτῳ
1575 2729 1680 2764 habet
1698 2741 1728 2763 a.

204 2784 216 2798 Ε
237 2784 321 2800 αυνον

142 2816 175 2853 7.
201 2808 407 2854 ἀγαπώντων
426 2808 467 2843 Β.
532 2810 732 2854 κατηγοροίη
751 2822 782 2846 a.
984 2822 1018 2856 9.
1044 2787 1242 2845 ἕπῗθάλπειν
1261 2809 1302 2843 Β.
1508 2819 1562 2843 10.
1588 2808 1728 2854 Κύριον]

141 2856 293 2900 Χριστὸν
312 2855 354 2889 Β.
419 2855 579 2898 ἀληθεὺοι
599 2856 689 2890 B.D.
708 2856 855 2901 ἀληθεύῃ
875 2857 941 2892 Ed.
1072 2868 1125 2891 31.
1151 2855 1224 2890 ἀντὶ
1243 2856 1284 2890 Β.
1304 2854 1372 2889 ἄντ’
1393 2853 1460 2889 Ed.
1592 2866 1648 2889 12.
1673 2855 1733 2890 οὖν

141 2913 213 2936 om.
233 2901 273 2936 B.
394 2911 447 2946 15.
473 2902 534 2945 μὲν
551 2901 609 2937 οὖν
625 2904 690 2947 γὰρ
711 2903 752 2938 Β.
868 2913 921 2949 17.
949 2904 1151 2938 κεκοπιακὼς
1170 2903 1212 2937 Β.
1276 2902 1343 2936 ἀπὸ
1362 2902 1405 2936 Β.
1470 2901 1632 2936 τοκτούτο
1651 2903 1733 2947 (Sic)

142 2960 206 2994 pro
223 2948 273 2984 τίς
290 2949 307 2981 ὁ
325 2950 425 2982 τοῦτο
445 2948 487 2983 Β.
630 2950 685 2983 28.
711 2950 756 2994 μὴ
775 2956 996 2995 assumptum
1015 2962 1056 2984 ex
1078 2950 1118 2984 Β.
1183 2949 1243 2983 κᾶν
1264 2948 1304 2983 B.
1323 2949 1376 2983 καὶ
1397 2947 1460 2983 Ed.

202 3016 293 3044 VOL.
319 3016 347 3043 Ι.
893 3017 923 3045 M
947 3019 989 3044 In

1748 2160 1769 2187 Ο
