<?xml version="1.0" encoding="UTF-8"?>
<!DOCTYPE html PUBLIC "-//W3C//DTD XHTML 1.0 Transitional//EN"
    "http://www.w3.org/TR/xhtml1/DTD/xhtml1-transitional.dtd">
<html xmlns="http://www.w3.org/1999/xhtml" xml:lang="en" lang="en">
 <head>
  <title>
</title>
<meta http-equiv="Content-Type" content="text/html;charset=utf-8" />
  <meta name='ocr-system' content='tesseract 3.04.00' />
  <meta name='ocr-capabilities' content='ocr_page ocr_carea ocr_par ocr_line ocrx_word'/>
</head>
<body>
  <div class='ocr_page' id='page_1' title='image "./operacyrilli03cyriuoft_0580.png"; bbox 0 0 2084 3317; ppageno 0'>
   <div class='ocr_carea' id='block_1_1' title="bbox 365 131 1955 213">
    <p class='ocr_par' dir='ltr' id='par_1_1' title="bbox 365 131 1955 213">
     <span class='ocr_line' id='line_1_1' title="bbox 365 131 1955 213; baseline 0.018 -42"><span class='ocrx_word' id='word_1_1' title='bbox 365 131 451 172; x_wconf 87' lang='lat'>496</span> <span class='ocrx_word' id='word_1_2' title='bbox 770 141 819 182; x_wconf 93' lang='lat' dir='ltr'>B.</span> <span class='ocrx_word' id='word_1_3' title='bbox 854 142 1131 186; x_wconf 86' lang='lat' dir='ltr'>CYRILLI</span> <span class='ocrx_word' id='word_1_4' title='bbox 1172 148 1553 192; x_wconf 84' lang='lat' dir='ltr'><strong>ALEXANDR.</strong></span> <span class='ocrx_word' id='word_1_5' title='bbox 1726 156 1781 197; x_wconf 88' lang='lat' dir='ltr'>vi.</span> <span class='ocrx_word' id='word_1_6' title='bbox 1800 157 1869 212; x_wconf 82' lang='lat'>38,</span> <span class='ocrx_word' id='word_1_7' title='bbox 1888 171 1955 213; x_wconf 86' lang='lat'>39.</span> 
     </span>
    </p>
   </div>
   <div class='ocr_carea' id='block_1_2' title="bbox 367 242 1958 328">
    <p class='ocr_par' dir='ltr' id='par_1_2' title="bbox 367 242 1958 328">
     <span class='ocr_line' id='line_1_2' title="bbox 367 242 1958 328; baseline 0.016 -37"><span class='ocrx_word' id='word_1_8' title='bbox 367 242 608 296; x_wconf 82' lang='grc' dir='ltr'>διδοῖσκων</span> <span class='ocrx_word' id='word_1_9' title='bbox 645 247 753 314; x_wconf 79' lang='grc' dir='ltr'>γὰρ,</span> <span class='ocrx_word' id='word_1_10' title='bbox 793 250 863 301; x_wconf 81' lang='grc' dir='ltr'>ὅτι</span> <span class='ocrx_word' id='word_1_11' title='bbox 903 250 956 302; x_wconf 86' lang='grc' dir='ltr'>τὸ</span> <span class='ocrx_word' id='word_1_12' title='bbox 996 253 1112 320; x_wconf 75' lang='grc' dir='ltr'>ὑπὲρ</span> <span class='ocrx_word' id='word_1_13' title='bbox 1149 254 1342 308; x_wconf 82' lang='grc' dir='ltr'>πάντων</span> <span class='ocrx_word' id='word_1_14' title='bbox 1379 260 1596 312; x_wconf 81' lang='grc' dir='ltr'>τεθνάναι</span> <span class='ocrx_word' id='word_1_15' title='bbox 1633 264 1836 328; x_wconf 83' lang='grc' dir='ltr'>θελητὸν</span> <span class='ocrx_word' id='word_1_16' title='bbox 1872 265 1958 328; x_wconf 77' lang='grc' dir='ltr'>μὲν</span> 
     </span>
    </p>
   </div>
   <div class='ocr_carea' id='block_1_3' title="bbox 143 322 1959 410">
    <p class='ocr_par' dir='ltr' id='par_1_3' title="bbox 143 322 1959 410">
     <span class='ocr_line' id='line_1_3' title="bbox 143 322 1959 410; baseline 0.015 -40"><span class='ocrx_word' id='word_1_17' title='bbox 143 331 228 366; x_wconf 83' lang='grc'>338</span> <span class='ocrx_word' id='word_1_18' title='bbox 241 331 293 367; x_wconf 83' lang='lat' dir='ltr'>A·</span> <span class='ocrx_word' id='word_1_19' title='bbox 328 322 460 391; x_wconf 64' lang='grc' dir='ltr'>ἃὲχει</span> <span class='ocrx_word' id='word_1_20' title='bbox 495 325 572 377; x_wconf 77' lang='grc' dir='ltr'>διὰ</span> <span class='ocrx_word' id='word_1_21' title='bbox 603 327 657 379; x_wconf 78' lang='grc' dir='ltr'>τὸ</span> <span class='ocrx_word' id='word_1_22' title='bbox 691 331 812 382; x_wconf 82' lang='grc' dir='ltr'>οὕτω</span> <span class='ocrx_word' id='word_1_23' title='bbox 847 338 1180 399; x_wconf 80' lang='grc' dir='ltr'>βεβουλῆσθαι</span> <span class='ocrx_word' id='word_1_24' title='bbox 1217 336 1303 402; x_wconf 83' lang='grc' dir='ltr'>τὴν</span> <span class='ocrx_word' id='word_1_25' title='bbox 1330 340 1458 391; x_wconf 85' lang='grc' dir='ltr'>θείαν</span> <span class='ocrx_word' id='word_1_26' title='bbox 1485 342 1649 410; x_wconf 83' lang='grc' dir='ltr'>φύσιν,</span> <span class='ocrx_word' id='word_1_27' title='bbox 1674 345 1959 410; x_wconf 76' lang='grc' dir='ltr'>ἀνεθέλητον</span> 
     </span>
    </p>
   </div>
   <div class='ocr_carea' id='block_1_4' title="bbox 124 2288 249 2372">
    <p class='ocr_par' dir='ltr' id='par_1_4' title="bbox 124 2288 249 2372">
     <span class='ocr_line' id='line_1_4' title="bbox 125 2288 240 2321; baseline 0.009 -1"><span class='ocrx_word' id='word_1_28' title='bbox 125 2288 180 2320; x_wconf 79' lang='lat' dir='ltr'>Ps.</span> <span class='ocrx_word' id='word_1_29' title='bbox 196 2288 240 2321; x_wconf 83' lang='lat' dir='ltr'>ix.</span> 
     </span>
     <span class='ocr_line' id='line_1_5' title="bbox 124 2340 249 2372; baseline 0.016 -10"><span class='ocrx_word' id='word_1_30' title='bbox 124 2341 178 2372; x_wconf 86' lang='lat'>30,</span> <span class='ocrx_word' id='word_1_31' title='bbox 198 2340 249 2372; x_wconf 83' lang='lat'>3¹·</span> 
     </span>
    </p>
   </div>
   <div class='ocr_carea' id='block_1_5' title="bbox 316 405 2024 2469">
    <p class='ocr_par' dir='ltr' id='par_1_5' title="bbox 360 405 2024 1064">
     <span class='ocr_line' id='line_1_6' title="bbox 366 405 1958 492; baseline 0.016 -36"><span class='ocrx_word' id='word_1_32' title='bbox 366 405 415 457; x_wconf 76' lang='grc' dir='ltr'>δὲ</span> <span class='ocrx_word' id='word_1_33' title='bbox 453 407 529 459; x_wconf 79' lang='grc' dir='ltr'>διὰ</span> <span class='ocrx_word' id='word_1_34' title='bbox 566 408 626 460; x_wconf 80' lang='grc' dir='ltr'>τὰ</span> <span class='ocrx_word' id='word_1_35' title='bbox 663 412 738 463; x_wconf 82' lang='grc' dir='ltr'>ἐπὶ</span> <span class='ocrx_word' id='word_1_36' title='bbox 773 417 840 482; x_wconf 91' lang='grc' dir='ltr'>τῷ</span> <span class='ocrx_word' id='word_1_37' title='bbox 877 421 1072 486; x_wconf 92' lang='grc' dir='ltr'>σταυρῷ</span> <span class='ocrx_word' id='word_1_38' title='bbox 1105 418 1250 483; x_wconf 85' lang='grc' dir='ltr'>πάθη,</span> <span class='ocrx_word' id='word_1_39' title='bbox 1283 424 1358 472; x_wconf 79' lang='grc' dir='ltr'>καὶ</span> <span class='ocrx_word' id='word_1_40' title='bbox 1394 422 1448 474; x_wconf 86' lang='grc' dir='ltr'>τὸ</span> <span class='ocrx_word' id='word_1_41' title='bbox 1484 423 1603 475; x_wconf 81' lang='grc' dir='ltr'>ὅσον</span> <span class='ocrx_word' id='word_1_42' title='bbox 1634 426 1744 490; x_wconf 80' lang='grc' dir='ltr'>ἧκεν</span> <span class='ocrx_word' id='word_1_43' title='bbox 1776 432 1838 481; x_wconf 80' lang='grc' dir='ltr'>εἷς</span> <span class='ocrx_word' id='word_1_44' title='bbox 1873 429 1958 492; x_wconf 88' lang='grc' dir='ltr'>τὴν</span> 
     </span>
     <span class='ocr_line' id='line_1_7' title="bbox 364 487 1957 576; baseline 0.016 -38"><span class='ocrx_word' id='word_1_45' title='bbox 364 487 525 555; x_wconf 79' lang='grc' dir='ltr'>σάρκα</span> <span class='ocrx_word' id='word_1_46' title='bbox 562 495 940 561; x_wconf 80' lang='grc' dir='ltr'>παραιτουμένην</span> <span class='ocrx_word' id='word_1_47' title='bbox 977 495 1061 549; x_wconf 73' lang='grc' dir='ltr'>τὸν</span> <span class='ocrx_word' id='word_1_48' title='bbox 1100 498 1319 564; x_wconf 78' lang='grc' dir='ltr'>θάνατον,</span> <span class='ocrx_word' id='word_1_49' title='bbox 1355 502 1414 554; x_wconf 80' lang='grc' dir='ltr'>τὰ</span> <span class='ocrx_word' id='word_1_50' title='bbox 1452 508 1645 557; x_wconf 84' lang='grc' dir='ltr'>τοιαῦτά</span> <span class='ocrx_word' id='word_1_51' title='bbox 1685 513 1825 576; x_wconf 89' lang='grc' dir='ltr'>φησι.</span> <span class='ocrx_word' id='word_1_52' title='bbox 1881 513 1957 562; x_wconf 83' lang='grc' dir='ltr'>καὶ</span> 
     </span>
     <span class='ocr_line' id='line_1_8' title="bbox 363 570 1999 651; baseline 0.017 -31"><span class='ocrx_word' id='word_1_53' title='bbox 363 570 542 638; x_wconf 79' lang='grc' dir='ltr'>μακρὸς</span> <span class='ocrx_word' id='word_1_54' title='bbox 565 571 649 636; x_wconf 76' lang='grc' dir='ltr'>μὲν</span> <span class='ocrx_word' id='word_1_55' title='bbox 676 575 787 639; x_wconf 83' lang='grc' dir='ltr'>ἡμῖν</span> <span class='ocrx_word' id='word_1_56' title='bbox 811 578 900 642; x_wconf 72' lang='grc' dir='ltr'>ἤδη</span> <span class='ocrx_word' id='word_1_57' title='bbox 926 581 1263 645; x_wconf 87' lang='grc' dir='ltr'>προανήλωται</span> <span class='ocrx_word' id='word_1_58' title='bbox 1289 584 1449 651; x_wconf 86' lang='grc' dir='ltr'>λόγος·</span> <span class='ocrx_word' id='word_1_59' title='bbox 1490 587 1562 639; x_wconf 77' lang='grc' dir='ltr'>ὅτι</span> <span class='ocrx_word' id='word_1_60' title='bbox 1598 589 1647 640; x_wconf 78' lang='grc' dir='ltr'>δὲ</span> <span class='ocrx_word' id='word_1_61' title='bbox 1681 593 1757 642; x_wconf 76' lang='grc' dir='ltr'>καὶ</span> <span class='ocrx_word' id='word_1_62' title='bbox 1793 593 1950 645; x_wconf 80' lang='grc' dir='ltr'>ἀνεθέ-</span> <span class='ocrx_word' id='word_1_63' title='bbox 1976 610 1999 648; x_wconf 92' lang='grc'><em>5</em></span> 
     </span>
     <span class='ocr_line' id='line_1_9' title="bbox 363 652 1950 741; baseline 0.014 -38"><span class='ocrx_word' id='word_1_64' title='bbox 363 652 511 716; x_wconf 89' lang='grc' dir='ltr'>λητόν</span> <span class='ocrx_word' id='word_1_65' title='bbox 535 678 636 709; x_wconf 91' lang='grc' dir='ltr'>πως</span> <span class='ocrx_word' id='word_1_66' title='bbox 670 658 835 724; x_wconf 82' lang='grc' dir='ltr'>ὁρᾶται</span> <span class='ocrx_word' id='word_1_67' title='bbox 870 665 936 730; x_wconf 90' lang='grc' dir='ltr'>τῷ</span> <span class='ocrx_word' id='word_1_68' title='bbox 972 665 1157 730; x_wconf 81' lang='grc' dir='ltr'>Σωτῆρι</span> <span class='ocrx_word' id='word_1_69' title='bbox 1194 669 1408 737; x_wconf 90' lang='grc' dir='ltr'>Χριστῷ,</span> <span class='ocrx_word' id='word_1_70' title='bbox 1436 668 1645 737; x_wconf 76' lang='grc' dir='ltr'>καθάπερ</span> <span class='ocrx_word' id='word_1_71' title='bbox 1682 671 1740 736; x_wconf 81' lang='grc' dir='ltr'>ἦν</span> <span class='ocrx_word' id='word_1_72' title='bbox 1766 674 1950 741; x_wconf 77' lang='grc' dir='ltr'>ἅνθρω-</span> 
     </span>
     <span class='ocr_line' id='line_1_10' title="bbox 362 735 1956 821; baseline 0.016 -37"><span class='ocrx_word' id='word_1_73' title='bbox 362 756 464 797; x_wconf 87' lang='grc' dir='ltr'>πος,</span> <span class='ocrx_word' id='word_1_74' title='bbox 491 735 545 786; x_wconf 82' lang='grc' dir='ltr'>τὸ</span> <span class='ocrx_word' id='word_1_75' title='bbox 577 738 651 789; x_wconf 80' lang='grc' dir='ltr'>ἐπὶ</span> <span class='ocrx_word' id='word_1_76' title='bbox 685 744 752 809; x_wconf 89' lang='grc' dir='ltr'>τῷ</span> <span class='ocrx_word' id='word_1_77' title='bbox 783 748 978 812; x_wconf 89' lang='grc' dir='ltr'>σταυρῷ</span> <span class='ocrx_word' id='word_1_78' title='bbox 1002 743 1167 810; x_wconf 82' lang='grc' dir='ltr'>πάθος,</span> <span class='ocrx_word' id='word_1_79' title='bbox 1194 751 1269 799; x_wconf 81' lang='grc' dir='ltr'>καὶ</span> <span class='ocrx_word' id='word_1_80' title='bbox 1295 749 1352 818; x_wconf 74' lang='grc' dir='ltr'>ἐξ</span> <span class='ocrx_word' id='word_1_81' title='bbox 1374 752 1517 815; x_wconf 85' lang='grc' dir='ltr'>αὐτῆς</span> <span class='ocrx_word' id='word_1_82' title='bbox 1543 754 1808 806; x_wconf 87' lang='grc' dir='ltr'>ἀκόλουθον</span> <span class='ocrx_word' id='word_1_83' title='bbox 1835 757 1956 821; x_wconf 80' lang='grc' dir='ltr'>ἡμᾶς</span> 
     </span>
     <span class='ocr_line' id='line_1_11' title="bbox 362 819 1955 904; baseline 0.016 -37"><span class='ocrx_word' id='word_1_84' title='bbox 362 819 445 881; x_wconf 87' lang='grc' dir='ltr'>τῆς</span> <span class='ocrx_word' id='word_1_85' title='bbox 483 823 578 870; x_wconf 82' lang='grc' dir='ltr'>τῶν</span> <span class='ocrx_word' id='word_1_86' title='bbox 611 823 908 888; x_wconf 80' lang='grc' dir='ltr'>πραγμάτων</span> <span class='ocrx_word' id='word_1_87' title='bbox 942 827 1133 894; x_wconf 86' lang='grc' dir='ltr'>φύσεως</span> <span class='ocrx_word' id='word_1_88' title='bbox 1173 834 1389 884; x_wconf 82' lang='grc' dir='ltr'>κατιδεῖν.</span> <span class='ocrx_word' id='word_1_89' title='bbox 1446 834 1602 901; x_wconf 78' lang='grc' dir='ltr'>φαμὲν</span> <span class='ocrx_word' id='word_1_90' title='bbox 1633 837 1729 900; x_wconf 78' lang='grc' dir='ltr'>οὖν,</span> <span class='ocrx_word' id='word_1_91' title='bbox 1763 837 1835 889; x_wconf 79' lang='grc' dir='ltr'>ὅτι</span> <span class='ocrx_word' id='word_1_92' title='bbox 1872 843 1955 904; x_wconf 87' lang='grc' dir='ltr'>τῆς</span> 
     </span>
     <span class='ocr_line' id='line_1_12' title="bbox 362 899 1954 979; baseline 0.014 -29"><span class='ocrx_word' id='word_1_93' title='bbox 362 899 619 966; x_wconf 77' lang='grc' dir='ltr'>Ἰουδαϊκῆς</span> <span class='ocrx_word' id='word_1_94' title='bbox 645 902 785 970; x_wconf 68' lang='grc' dir='ltr'>ἔργον</span> <span class='ocrx_word' id='word_1_95' title='bbox 811 905 868 970; x_wconf 80' lang='grc' dir='ltr'>ἧν</span> <span class='ocrx_word' id='word_1_96' title='bbox 894 908 1131 974; x_wconf 79' lang='grc' dir='ltr'>ἀπονοίας,</span> <span class='ocrx_word' id='word_1_97' title='bbox 1152 911 1205 963; x_wconf 81' lang='grc' dir='ltr'>τὸ</span> <span class='ocrx_word' id='word_1_98' title='bbox 1232 913 1388 979; x_wconf 77' lang='grc' dir='ltr'>πάντη</span> <span class='ocrx_word' id='word_1_99' title='bbox 1414 938 1462 966; x_wconf 90' lang='grc' dir='ltr'>τε</span> <span class='ocrx_word' id='word_1_100' title='bbox 1491 919 1567 967; x_wconf 84' lang='grc' dir='ltr'>καὶ</span> <span class='ocrx_word' id='word_1_101' title='bbox 1592 917 1781 974; x_wconf 77' lang='grc' dir='ltr'>πάντως</span> <span class='ocrx_word' id='word_1_102' title='bbox 1807 944 1954 972; x_wconf 91' lang='grc' dir='ltr'>σταυ-</span> 
     </span>
     <span class='ocr_line' id='line_1_13' title="bbox 360 981 2024 1064; baseline 0.014 -32"><span class='ocrx_word' id='word_1_103' title='bbox 360 981 670 1048; x_wconf 87' lang='grc' dir='ltr'>ρωθήσεσθαι</span> <span class='ocrx_word' id='word_1_104' title='bbox 707 987 791 1039; x_wconf 84' lang='grc' dir='ltr'>τὸν</span> <span class='ocrx_word' id='word_1_105' title='bbox 826 990 1057 1056; x_wconf 79' lang='grc' dir='ltr'>Χριστὸν,</span> <span class='ocrx_word' id='word_1_106' title='bbox 1097 996 1174 1045; x_wconf 77' lang='grc' dir='ltr'>καὶ</span> <span class='ocrx_word' id='word_1_107' title='bbox 1215 1002 1354 1047; x_wconf 87' lang='grc' dir='ltr'>τοῦτο</span> <span class='ocrx_word' id='word_1_108' title='bbox 1394 998 1715 1063; x_wconf 81' lang='grc' dir='ltr'>ἀνυπερθέτως</span> <span class='ocrx_word' id='word_1_109' title='bbox 1756 1001 1954 1064; x_wconf 56' lang='grc' dir='ltr'>ε’ᾗαελλεν</span> <span class='ocrx_word' id='word_1_110' title='bbox 1978 1027 2024 1050; x_wconf 93' lang='lat'>10</span> 
     </span>
    </p>

    <p class='ocr_par' dir='ltr' id='par_1_6' title="bbox 316 1063 2019 1724">
     <span class='ocr_line' id='line_1_14' title="bbox 316 1063 1954 1148; baseline 0.014 -35"><span class='ocrx_word' id='word_1_111' title='bbox 316 1063 559 1117; x_wconf 61' lang='grc' dir='ltr'>ὓὲσεσθαι</span> <span class='ocrx_word' id='word_1_112' title='bbox 595 1070 705 1134; x_wconf 86' lang='grc' dir='ltr'>παρ’</span> <span class='ocrx_word' id='word_1_113' title='bbox 747 1071 913 1135; x_wconf 81' lang='grc' dir='ltr'>αὐτῶν,</span> <span class='ocrx_word' id='word_1_114' title='bbox 953 1074 1036 1124; x_wconf 80' lang='grc' dir='ltr'>οὐκ</span> <span class='ocrx_word' id='word_1_115' title='bbox 1075 1077 1363 1142; x_wconf 76' lang='grc' dir='ltr'>ἀμελέτητον</span> <span class='ocrx_word' id='word_1_116' title='bbox 1401 1079 1607 1147; x_wconf 81' lang='grc' dir='ltr'>ἐχόντων</span> <span class='ocrx_word' id='word_1_117' title='bbox 1644 1082 1730 1147; x_wconf 82' lang='grc' dir='ltr'>τὴν</span> <span class='ocrx_word' id='word_1_118' title='bbox 1768 1083 1954 1148; x_wconf 87' lang='grc' dir='ltr'>τόλμαν</span> 
     </span>
     <span class='ocr_line' id='line_1_15' title="bbox 359 1144 1952 1232; baseline 0.016 -36"><span class='ocrx_word' id='word_1_119' title='bbox 359 1144 446 1210; x_wconf 86' lang='grc' dir='ltr'>τὴν</span> <span class='ocrx_word' id='word_1_120' title='bbox 471 1149 544 1199; x_wconf 80' lang='grc' dir='ltr'>ἐπὶ</span> <span class='ocrx_word' id='word_1_121' title='bbox 576 1150 769 1214; x_wconf 85' lang='grc' dir='ltr'>τούτοις,</span> <span class='ocrx_word' id='word_1_122' title='bbox 797 1153 882 1222; x_wconf 84' lang='grc' dir='ltr'>ἀφ’</span> <span class='ocrx_word' id='word_1_123' title='bbox 910 1153 975 1205; x_wconf 73' lang='grc' dir='ltr'>ὧν</span> <span class='ocrx_word' id='word_1_124' title='bbox 1003 1156 1090 1221; x_wconf 74' lang='grc' dir='ltr'>ἤδη</span> <span class='ocrx_word' id='word_1_125' title='bbox 1126 1158 1440 1227; x_wconf 85' lang='grc' dir='ltr'>πεπράχεσαν</span> <span class='ocrx_word' id='word_1_126' title='bbox 1465 1162 1529 1216; x_wconf 77' lang='grc' dir='ltr'>εἵς</span> <span class='ocrx_word' id='word_1_127' title='bbox 1563 1186 1613 1214; x_wconf 90' lang='grc' dir='ltr'>τε</span> <span class='ocrx_word' id='word_1_128' title='bbox 1646 1163 1755 1218; x_wconf 74' lang='grc' dir='ltr'>τοὺς</span> <span class='ocrx_word' id='word_1_129' title='bbox 1792 1167 1952 1232; x_wconf 81' lang='grc' dir='ltr'>ἁγίους</span> 
     </span>
     <span class='ocr_line' id='line_1_16' title="bbox 356 1229 1948 1314; baseline 0.014 -36"><span class='ocrx_word' id='word_1_130' title='bbox 356 1229 620 1297; x_wconf 85' lang='grc' dir='ltr'>προφήτας,</span> <span class='ocrx_word' id='word_1_131' title='bbox 648 1235 724 1284; x_wconf 81' lang='grc' dir='ltr'>καὶ</span> <span class='ocrx_word' id='word_1_132' title='bbox 759 1235 867 1289; x_wconf 80' lang='grc' dir='ltr'>τοῦς</span> <span class='ocrx_word' id='word_1_133' title='bbox 903 1238 1036 1304; x_wconf 82' lang='grc' dir='ltr'>οἵπερ</span> <span class='ocrx_word' id='word_1_134' title='bbox 1072 1237 1131 1289; x_wconf 74' lang='grc' dir='ltr'>ἂν</span> <span class='ocrx_word' id='word_1_135' title='bbox 1157 1239 1285 1305; x_wconf 78' lang='grc' dir='ltr'>ἦσαν</span> <span class='ocrx_word' id='word_1_136' title='bbox 1311 1244 1413 1293; x_wconf 87' lang='grc' dir='ltr'>κατ’</span> <span class='ocrx_word' id='word_1_137' title='bbox 1442 1245 1587 1296; x_wconf 84' lang='grc' dir='ltr'>ἐκεῖνο</span> <span class='ocrx_word' id='word_1_138' title='bbox 1620 1253 1783 1313; x_wconf 84' lang='grc' dir='ltr'>καιροῦ</span> <span class='ocrx_word' id='word_1_139' title='bbox 1809 1271 1948 1314; x_wconf 88' lang='grc' dir='ltr'>γεγο-</span> 
     </span>
     <span class='ocr_line' id='line_1_17' title="bbox 357 1308 1951 1391; baseline 0.016 -31"><span class='ocrx_word' id='word_1_140' title='bbox 357 1308 486 1365; x_wconf 86' lang='grc' dir='ltr'>νότες</span> <span class='ocrx_word' id='word_1_141' title='bbox 536 1311 674 1379; x_wconf 78' lang='grc' dir='ltr'>ἅγιοι.</span> <span class='ocrx_word' id='word_1_142' title='bbox 752 1317 907 1383; x_wconf 84' lang='grc' dir='ltr'>ἐπειδὴ</span> <span class='ocrx_word' id='word_1_143' title='bbox 954 1319 1003 1370; x_wconf 79' lang='grc' dir='ltr'>δὲ</span> <span class='ocrx_word' id='word_1_144' title='bbox 1049 1323 1137 1390; x_wconf 80' lang='grc' dir='ltr'>οὐχ</span> <span class='ocrx_word' id='word_1_145' title='bbox 1181 1324 1346 1389; x_wconf 78' lang='grc' dir='ltr'>ἑτέρως</span> <span class='ocrx_word' id='word_1_146' title='bbox 1395 1325 1453 1391; x_wconf 84' lang='grc' dir='ltr'>ἧν</span> <span class='ocrx_word' id='word_1_147' title='bbox 1496 1327 1550 1377; x_wconf 82' lang='grc' dir='ltr'>τὸ</span> <span class='ocrx_word' id='word_1_148' title='bbox 1595 1329 1840 1384; x_wconf 78' lang='grc' dir='ltr'>πεπτωκὸς</span> <span class='ocrx_word' id='word_1_149' title='bbox 1889 1336 1951 1386; x_wconf 86' lang='grc' dir='ltr'>εἷς</span> 
     </span>
     <span class='ocr_line' id='line_1_18' title="bbox 356 1391 2019 1478; baseline 0.014 -36"><span class='ocrx_word' id='word_1_150' title='bbox 356 1391 576 1459; x_wconf 79' lang='grc' dir='ltr'>θάνατον,</span> <span class='ocrx_word' id='word_1_151' title='bbox 615 1396 943 1466; x_wconf 76' lang='grc' dir='ltr'>ἐξαναστῆσαι</span> <span class='ocrx_word' id='word_1_152' title='bbox 981 1402 1130 1455; x_wconf 78' lang='grc' dir='ltr'>πάλιν</span> <span class='ocrx_word' id='word_1_153' title='bbox 1165 1409 1226 1459; x_wconf 82' lang='grc' dir='ltr'>εἰς</span> <span class='ocrx_word' id='word_1_154' title='bbox 1266 1405 1400 1472; x_wconf 72' lang='grc' dir='ltr'>ζωὴν,</span> <span class='ocrx_word' id='word_1_155' title='bbox 1440 1413 1478 1459; x_wconf 85' lang='grc' dir='ltr'>εὶ</span> <span class='ocrx_word' id='word_1_156' title='bbox 1520 1408 1584 1474; x_wconf 89' lang='grc' dir='ltr'>μὴ</span> <span class='ocrx_word' id='word_1_157' title='bbox 1629 1412 1822 1478; x_wconf 68' lang='grc' dir='ltr'>γε’γονεν</span> <span class='ocrx_word' id='word_1_158' title='bbox 1860 1414 1943 1464; x_wconf 76' lang='grc' dir='ltr'>(ἴν-</span> <span class='ocrx_word' id='word_1_159' title='bbox 1973 1433 2019 1471; x_wconf 88' lang='lat'>15</span> 
     </span>
     <span class='ocr_line' id='line_1_19' title="bbox 355 1477 1942 1561; baseline 0.014 -36"><span class='ocrx_word' id='word_1_160' title='bbox 355 1477 543 1541; x_wconf 88' lang='grc' dir='ltr'>θρωπος</span> <span class='ocrx_word' id='word_1_161' title='bbox 574 1479 599 1529; x_wconf 88' lang='grc' dir='ltr'>ὁ</span> <span class='ocrx_word' id='word_1_162' title='bbox 630 1480 908 1546; x_wconf 85' lang='grc' dir='ltr'>Μονογενὴς</span> <span class='ocrx_word' id='word_1_163' title='bbox 934 1490 1017 1535; x_wconf 89' lang='grc' dir='ltr'>τοῦ</span> <span class='ocrx_word' id='word_1_164' title='bbox 1045 1489 1170 1538; x_wconf 79' lang='grc' dir='ltr'>Θεοῦ</span> <span class='ocrx_word' id='word_1_165' title='bbox 1197 1488 1370 1554; x_wconf 88' lang='grc' dir='ltr'>Λόγος,</span> <span class='ocrx_word' id='word_1_166' title='bbox 1398 1491 1487 1542; x_wconf 73' lang='grc' dir='ltr'>ε”δει</span> <span class='ocrx_word' id='word_1_167' title='bbox 1513 1490 1562 1543; x_wconf 76' lang='grc' dir='ltr'>δὲ</span> <span class='ocrx_word' id='word_1_168' title='bbox 1588 1493 1776 1548; x_wconf 83' lang='grc' dir='ltr'>πάντως</span> <span class='ocrx_word' id='word_1_169' title='bbox 1801 1518 1942 1561; x_wconf 89' lang='grc' dir='ltr'>γεγο-</span> 
     </span>
     <span class='ocr_line' id='line_1_20' title="bbox 354 1556 1946 1638; baseline 0.014 -31"><span class='ocrx_word' id='word_1_170' title='bbox 354 1556 469 1609; x_wconf 86' lang='grc' dir='ltr'>νότα</span> <span class='ocrx_word' id='word_1_171' title='bbox 506 1564 691 1612; x_wconf 83' lang='grc' dir='ltr'>παθεῖν·</span> <span class='ocrx_word' id='word_1_172' title='bbox 742 1563 796 1614; x_wconf 81' lang='grc' dir='ltr'>τὸ</span> <span class='ocrx_word' id='word_1_173' title='bbox 836 1565 1122 1632; x_wconf 73' lang='grc' dir='ltr'>ἀνεθέλητον</span> <span class='ocrx_word' id='word_1_174' title='bbox 1156 1571 1414 1636; x_wconf 83' lang='grc' dir='ltr'>ἐποιήσατο</span> <span class='ocrx_word' id='word_1_175' title='bbox 1448 1573 1664 1638; x_wconf 82' lang='grc' dir='ltr'>θελητὸν,</span> <span class='ocrx_word' id='word_1_176' title='bbox 1700 1579 1775 1627; x_wconf 78' lang='grc' dir='ltr'>καὶ</span> <span class='ocrx_word' id='word_1_177' title='bbox 1809 1584 1946 1629; x_wconf 86' lang='grc' dir='ltr'>τοῦτο</span> 
     </span>
     <span class='ocr_line' id='line_1_21' title="bbox 353 1642 1888 1724; baseline 0.013 -33"><span class='ocrx_word' id='word_1_178' title='bbox 353 1642 436 1704; x_wconf 85' lang='grc' dir='ltr'>τῆς</span> <span class='ocrx_word' id='word_1_179' title='bbox 463 1643 588 1696; x_wconf 82' lang='grc' dir='ltr'>θείας</span> <span class='ocrx_word' id='word_1_180' title='bbox 614 1644 805 1712; x_wconf 85' lang='grc' dir='ltr'>φύσεως</span> <span class='ocrx_word' id='word_1_181' title='bbox 833 1646 908 1697; x_wconf 79' lang='grc' dir='ltr'>διὰ</span> <span class='ocrx_word' id='word_1_182' title='bbox 933 1647 1018 1713; x_wconf 83' lang='grc' dir='ltr'>τὴν</span> <span class='ocrx_word' id='word_1_183' title='bbox 1044 1655 1107 1705; x_wconf 80' lang='grc' dir='ltr'>εἷς</span> <span class='ocrx_word' id='word_1_184' title='bbox 1133 1651 1254 1716; x_wconf 81' lang='grc' dir='ltr'>ἡμᾶς</span> <span class='ocrx_word' id='word_1_185' title='bbox 1280 1656 1657 1724; x_wconf 75' lang='grc' dir='ltr'>καταδεξαμένης</span> <span class='ocrx_word' id='word_1_186' title='bbox 1683 1655 1888 1724; x_wconf 79' lang='grc' dir='ltr'>ἀγάπην.</span> 
     </span>
    </p>

    <p class='ocr_par' dir='ltr' id='par_1_7' title="bbox 316 1722 2016 2469">
     <span class='ocr_line' id='line_1_22' title="bbox 316 1722 1946 1803; baseline 0.013 -32"><span class='ocrx_word' id='word_1_187' title='bbox 316 1738 339 1765; x_wconf 83' lang='lat'><em>0</em></span> <span class='ocrx_word' id='word_1_188' title='bbox 427 1722 493 1774; x_wconf 77' lang='lat' dir='ltr'>‘H</span> <span class='ocrx_word' id='word_1_189' title='bbox 531 1723 625 1792; x_wconf 77' lang='grc' dir='ltr'>γὰρ</span> <span class='ocrx_word' id='word_1_190' title='bbox 663 1726 855 1778; x_wconf 77' lang='grc' dir='ltr'>πάντων</span> <span class='ocrx_word' id='word_1_191' title='bbox 887 1736 1087 1798; x_wconf 83' lang='grc' dir='ltr'>τεχνῖτις</span> <span class='ocrx_word' id='word_1_192' title='bbox 1121 1735 1289 1802; x_wconf 85' lang='grc' dir='ltr'>σοφία,</span> <span class='ocrx_word' id='word_1_193' title='bbox 1321 1739 1567 1790; x_wconf 77' lang='grc' dir='ltr'>τουτέστιν</span> <span class='ocrx_word' id='word_1_194' title='bbox 1596 1741 1620 1790; x_wconf 85' lang='grc' dir='ltr'>ὁ</span> <span class='ocrx_word' id='word_1_195' title='bbox 1653 1740 1781 1803; x_wconf 72' lang='grc' dir='ltr'>Υἱὸς,</span> <span class='ocrx_word' id='word_1_196' title='bbox 1806 1741 1860 1793; x_wconf 81' lang='grc' dir='ltr'>τὸ</span> <span class='ocrx_word' id='word_1_197' title='bbox 1896 1745 1946 1794; x_wconf 86' lang='grc' dir='ltr'>ἐκ</span> 
     </span>
     <span class='ocr_line' id='line_1_23' title="bbox 353 1807 2016 1888; baseline 0.014 -34"><span class='ocrx_word' id='word_1_198' title='bbox 353 1807 630 1871; x_wconf 87' lang='grc' dir='ltr'>διαβολικῆς</span> <span class='ocrx_word' id='word_1_199' title='bbox 683 1811 973 1876; x_wconf 87' lang='grc' dir='ltr'>δυστροπιάς</span> <span class='ocrx_word' id='word_1_200' title='bbox 1025 1817 1336 1884; x_wconf 79' lang='grc' dir='ltr'>σκευωρηθέν,</span> <span class='ocrx_word' id='word_1_201' title='bbox 1381 1822 1503 1888; x_wconf 79' lang='grc' dir='ltr'>φημὶ</span> <span class='ocrx_word' id='word_1_202' title='bbox 1550 1821 1598 1872; x_wconf 75' lang='grc' dir='ltr'>δὲ</span> <span class='ocrx_word' id='word_1_203' title='bbox 1650 1821 1733 1874; x_wconf 81' lang='grc' dir='ltr'>τὸν</span> <span class='ocrx_word' id='word_1_204' title='bbox 1780 1826 1944 1877; x_wconf 86' lang='grc' dir='ltr'>ἑαυτοῦ</span> <span class='ocrx_word' id='word_1_205' title='bbox 1967 1847 2016 1871; x_wconf 56' lang='lat'>2⁴0</span> 
     </span>
     <span class='ocr_line' id='line_1_24' title="bbox 353 1886 1944 1977; baseline 0.014 -41"><span class='ocrx_word' id='word_1_206' title='bbox 353 1886 473 1937; x_wconf 80' lang='grc' dir='ltr'>κατὰ</span> <span class='ocrx_word' id='word_1_207' title='bbox 499 1887 658 1955; x_wconf 78' lang='grc' dir='ltr'>σάρκα</span> <span class='ocrx_word' id='word_1_208' title='bbox 683 1891 901 1955; x_wconf 84' lang='grc' dir='ltr'>θάνατον,</span> <span class='ocrx_word' id='word_1_209' title='bbox 928 1895 1039 1947; x_wconf 78' lang='grc' dir='ltr'>ὁδὸν</span> <span class='ocrx_word' id='word_1_210' title='bbox 1066 1897 1176 1961; x_wconf 82' lang='grc' dir='ltr'>ἡμῖν</span> <span class='ocrx_word' id='word_1_211' title='bbox 1202 1901 1440 1967; x_wconf 87' lang='grc' dir='ltr'>σωτηρίας</span> <span class='ocrx_word' id='word_1_212' title='bbox 1467 1905 1542 1953; x_wconf 76' lang='grc' dir='ltr'>καὶ</span> <span class='ocrx_word' id='word_1_213' title='bbox 1570 1904 1716 1970; x_wconf 78' lang='grc' dir='ltr'>θύραν</span> <span class='ocrx_word' id='word_1_214' title='bbox 1742 1907 1944 1977; x_wconf 76' lang='grc' dir='ltr'>ἀνέδειξε</span> 
     </span>
     <span class='ocr_line' id='line_1_25' title="bbox 352 1967 1944 2052; baseline 0.015 -35"><span class='ocrx_word' id='word_1_215' title='bbox 352 1967 483 2034; x_wconf 73' lang='grc' dir='ltr'>ζωῆς,</span> <span class='ocrx_word' id='word_1_216' title='bbox 510 1972 585 2021; x_wconf 77' lang='grc' dir='ltr'>καὶ</span> <span class='ocrx_word' id='word_1_217' title='bbox 609 1972 960 2040; x_wconf 78' lang='grc' dir='ltr'>ἀντέστραπται</span> <span class='ocrx_word' id='word_1_218' title='bbox 987 1982 1053 2046; x_wconf 90' lang='grc' dir='ltr'>τῷ</span> <span class='ocrx_word' id='word_1_219' title='bbox 1079 1980 1292 2051; x_wconf 76' lang='grc' dir='ltr'>διαβόλῳ</span> <span class='ocrx_word' id='word_1_220' title='bbox 1318 1983 1378 2033; x_wconf 80' lang='grc' dir='ltr'>τὰ</span> <span class='ocrx_word' id='word_1_221' title='bbox 1408 1985 1456 2034; x_wconf 84' lang='grc' dir='ltr'>ἐν</span> <span class='ocrx_word' id='word_1_222' title='bbox 1482 1986 1664 2044; x_wconf 86' lang='grc' dir='ltr'>ἐλπίσι,</span> <span class='ocrx_word' id='word_1_223' title='bbox 1693 1989 1768 2038; x_wconf 79' lang='grc' dir='ltr'>καὶ</span> <span class='ocrx_word' id='word_1_224' title='bbox 1804 1989 1944 2052; x_wconf 88' lang='grc' dir='ltr'>μόλις</span> 
     </span>
     <span class='ocr_line' id='line_1_26' title="bbox 350 2049 1942 2134; baseline 0.014 -34"><span class='ocrx_word' id='word_1_225' title='bbox 350 2049 471 2115; x_wconf 74' lang='grc' dir='ltr'>ἔγνω</span> <span class='ocrx_word' id='word_1_226' title='bbox 498 2053 677 2115; x_wconf 80' lang='grc' dir='ltr'>παθὼν,</span> <span class='ocrx_word' id='word_1_227' title='bbox 703 2054 772 2106; x_wconf 78' lang='grc' dir='ltr'>ὅτι</span> <span class='ocrx_word' id='word_1_228' title='bbox 810 2057 1029 2125; x_wconf 78' lang='grc' dir='ltr'>σκληρὸν</span> <span class='ocrx_word' id='word_1_229' title='bbox 1055 2062 1180 2131; x_wconf 85' lang='grc' dir='ltr'>αὐτῷ</span> <span class='ocrx_word' id='word_1_230' title='bbox 1214 2062 1268 2113; x_wconf 77' lang='grc' dir='ltr'>τὸ</span> <span class='ocrx_word' id='word_1_231' title='bbox 1305 2069 1568 2134; x_wconf 85' lang='grc' dir='ltr'>θεομαχεῖν.</span> <span class='ocrx_word' id='word_1_232' title='bbox 1623 2071 1751 2120; x_wconf 91' lang='grc' dir='ltr'>δοκεῖ</span> <span class='ocrx_word' id='word_1_233' title='bbox 1779 2071 1836 2121; x_wconf 77' lang='grc' dir='ltr'>δέ</span> <span class='ocrx_word' id='word_1_234' title='bbox 1862 2095 1942 2134; x_wconf 90' lang='grc' dir='ltr'>μοι</span> 
     </span>
     <span class='ocr_line' id='line_1_27' title="bbox 350 2133 1942 2220; baseline 0.016 -39"><span class='ocrx_word' id='word_1_235' title='bbox 350 2133 426 2183; x_wconf 82' lang='grc' dir='ltr'>καὶ</span> <span class='ocrx_word' id='word_1_236' title='bbox 469 2134 494 2183; x_wconf 86' lang='grc' dir='ltr'>ὁ</span> <span class='ocrx_word' id='word_1_237' title='bbox 539 2136 794 2192; x_wconf 76' lang='grc' dir='ltr'>θεσπέσιος</span> <span class='ocrx_word' id='word_1_238' title='bbox 835 2140 1048 2209; x_wconf 76' lang='grc' dir='ltr'>μελῳδὸς</span> <span class='ocrx_word' id='word_1_239' title='bbox 1094 2149 1190 2198; x_wconf 88' lang='grc' dir='ltr'>τοῖς</span> <span class='ocrx_word' id='word_1_240' title='bbox 1236 2148 1341 2211; x_wconf 76' lang='grc' dir='ltr'>περὶ</span> <span class='ocrx_word' id='word_1_241' title='bbox 1387 2148 1566 2199; x_wconf 85' lang='grc' dir='ltr'>τούτων</span> <span class='ocrx_word' id='word_1_242' title='bbox 1606 2153 1942 2220; x_wconf 77' lang='grc' dir='ltr'>συμφέρεσθαι</span> 
     </span>
     <span class='ocr_line' id='line_1_28' title="bbox 348 2212 2011 2302; baseline 0.016 -39"><span class='ocrx_word' id='word_1_243' title='bbox 348 2212 526 2280; x_wconf 86' lang='grc' dir='ltr'>λόγοις,</span> <span class='ocrx_word' id='word_1_244' title='bbox 572 2217 654 2267; x_wconf 88' lang='grc' dir='ltr'>καί</span> <span class='ocrx_word' id='word_1_245' title='bbox 698 2242 741 2269; x_wconf 91' lang='grc' dir='ltr'>τι</span> <span class='ocrx_word' id='word_1_246' title='bbox 792 2226 1004 2273; x_wconf 86' lang='grc' dir='ltr'>τοιοῦτον</span> <span class='ocrx_word' id='word_1_247' title='bbox 1050 2225 1334 2291; x_wconf 84' lang='grc' dir='ltr'>ὑποδηλοῦν,</span> <span class='ocrx_word' id='word_1_248' title='bbox 1381 2228 1457 2280; x_wconf 80' lang='grc' dir='ltr'>ὅτε</span> <span class='ocrx_word' id='word_1_249' title='bbox 1510 2234 1676 2299; x_wconf 73' lang='grc' dir='ltr'>φησὶν,</span> <span class='ocrx_word' id='word_1_250' title='bbox 1723 2237 1784 2288; x_wconf 87' lang='grc' dir='ltr'>ὡς</span> <span class='ocrx_word' id='word_1_251' title='bbox 1835 2239 1940 2302; x_wconf 77' lang='grc' dir='ltr'>περὶ</span> <span class='ocrx_word' id='word_1_252' title='bbox 1963 2257 2011 2294; x_wconf 87' lang='lat'>25</span> 
     </span>
     <span class='ocr_line' id='line_1_29' title="bbox 349 2299 1940 2377; baseline 0.015 -31"><span class='ocrx_word' id='word_1_253' title='bbox 349 2299 566 2363; x_wconf 87' lang='grc' dir='ltr'>Χριστοῦ</span> <span class='ocrx_word' id='word_1_254' title='bbox 593 2301 668 2350; x_wconf 79' lang='grc' dir='ltr'>καὶ</span> <span class='ocrx_word' id='word_1_255' title='bbox 695 2307 777 2352; x_wconf 88' lang='grc' dir='ltr'>τοῦ</span> <span class='ocrx_word' id='word_1_256' title='bbox 805 2302 1035 2364; x_wconf 86' lang='grc' dir='ltr'>διαβόλου</span> <span class='ocrx_word' id='word_1_257' title='bbox 1063 2314 1089 2335; x_wconf 83' lang='grc'><strong>“</strong></span> <span class='ocrx_word' id='word_1_258' title='bbox 1106 2308 1194 2358; x_wconf 85' lang='grc' dir='ltr'>Ἐν</span> <span class='ocrx_word' id='word_1_259' title='bbox 1219 2311 1277 2377; x_wconf 82' lang='grc' dir='ltr'>τῇ</span> <span class='ocrx_word' id='word_1_260' title='bbox 1301 2312 1465 2377; x_wconf 86' lang='grc' dir='ltr'>παγίδι</span> <span class='ocrx_word' id='word_1_261' title='bbox 1491 2314 1634 2365; x_wconf 81' lang='grc' dir='ltr'>αὐτοῦ</span> <span class='ocrx_word' id='word_1_262' title='bbox 1660 2319 1940 2370; x_wconf 84' lang='grc' dir='ltr'>ταπεινώσει</span> 
     </span>
     <span class='ocr_line' id='line_1_30' title="bbox 347 2379 1940 2469; baseline 0.015 -41"><span class='ocrx_word' id='word_1_263' title='bbox 347 2384 375 2407; x_wconf 84' lang='grc'><strong>“</strong></span> <span class='ocrx_word' id='word_1_264' title='bbox 400 2379 587 2430; x_wconf 81' lang='grc' dir='ltr'>αὐτόν·”</span> <span class='ocrx_word' id='word_1_265' title='bbox 646 2385 827 2449; x_wconf 86' lang='grc' dir='ltr'>παγίδα</span> <span class='ocrx_word' id='word_1_266' title='bbox 876 2386 962 2447; x_wconf 74' lang='grc' dir='ltr'>μὲν</span> <span class='ocrx_word' id='word_1_267' title='bbox 1005 2387 1098 2454; x_wconf 77' lang='grc' dir='ltr'>γὰρ</span> <span class='ocrx_word' id='word_1_268' title='bbox 1143 2392 1449 2462; x_wconf 75' lang='grc' dir='ltr'>συνεπήξατο</span> <span class='ocrx_word' id='word_1_269' title='bbox 1493 2400 1560 2466; x_wconf 89' lang='grc' dir='ltr'>τῷ</span> <span class='ocrx_word' id='word_1_270' title='bbox 1605 2401 1806 2469; x_wconf 85' lang='grc' dir='ltr'>Χριστῷ</span> <span class='ocrx_word' id='word_1_271' title='bbox 1856 2400 1940 2452; x_wconf 82' lang='grc' dir='ltr'>τὸν</span> 
     </span>
    </p>
   </div>
   <div class='ocr_carea' id='block_1_6' title="bbox 390 2524 1937 2586">
    <p class='ocr_par' dir='ltr' id='par_1_8' title="bbox 390 2524 1937 2586">
     <span class='ocr_line' id='line_1_31' title="bbox 390 2524 1937 2586; baseline 0.015 -27"><span class='ocrx_word' id='word_1_272' title='bbox 390 2532 424 2567; x_wconf 90' lang='grc'>5.</span> <span class='ocrx_word' id='word_1_273' title='bbox 450 2524 527 2570; x_wconf 81' lang='grc' dir='ltr'>ἡμῖν</span> <span class='ocrx_word' id='word_1_274' title='bbox 546 2526 641 2562; x_wconf 85' lang='lat' dir='ltr'><strong>deest</strong></span> <span class='ocrx_word' id='word_1_275' title='bbox 661 2529 697 2563; x_wconf 89' lang='lat' dir='ltr'>in</span> <span class='ocrx_word' id='word_1_276' title='bbox 717 2529 956 2566; x_wconf 82' lang='lat' dir='ltr'>Conciliorum</span> <span class='ocrx_word' id='word_1_277' title='bbox 976 2532 1043 2573; x_wconf 73' lang='lat' dir='ltr'>ed.5</span> <span class='ocrx_word' id='word_1_278' title='bbox 1063 2534 1124 2568; x_wconf 85' lang='lat' dir='ltr'>sed</span> <span class='ocrx_word' id='word_1_279' title='bbox 1149 2535 1279 2570; x_wconf 84' lang='lat' dir='ltr'>habent</span> <span class='ocrx_word' id='word_1_280' title='bbox 1299 2538 1408 2573; x_wconf 83' lang='lat' dir='ltr'><strong>Cone.</strong></span> <span class='ocrx_word' id='word_1_281' title='bbox 1427 2552 1499 2586; x_wconf 86' lang='lat' dir='ltr'>mg.</span> <span class='ocrx_word' id='word_1_282' title='bbox 1520 2541 1610 2577; x_wconf 88' lang='lat' dir='ltr'>Cod.</span> <span class='ocrx_word' id='word_1_283' title='bbox 1630 2544 1757 2579; x_wconf 81' lang='lat' dir='ltr'><strong>Vienn.</strong></span> <span class='ocrx_word' id='word_1_284' title='bbox 1811 2546 1937 2582; x_wconf 86' lang='lat' dir='ltr'>Statim</span> 
     </span>
    </p>
   </div>
   <div class='ocr_carea' id='block_1_7' title="bbox 338 2570 1937 3012">
    <p class='ocr_par' dir='ltr' id='par_1_9' title="bbox 338 2570 1937 3012">
     <span class='ocr_line' id='line_1_32' title="bbox 342 2570 1937 2632; baseline 0.015 -27"><span class='ocrx_word' id='word_1_285' title='bbox 342 2570 404 2615; x_wconf 70' lang='grc' dir='ltr'>ἤδη</span> <span class='ocrx_word' id='word_1_286' title='bbox 424 2579 647 2618; x_wconf 82' lang='lat' dir='ltr'><strong>assumptum</strong></span> <span class='ocrx_word' id='word_1_287' title='bbox 666 2587 707 2610; x_wconf 84' lang='lat' dir='ltr'>ex</span> <span class='ocrx_word' id='word_1_288' title='bbox 728 2576 839 2612; x_wconf 80' lang='lat' dir='ltr'>Cone.</span> <span class='ocrx_word' id='word_1_289' title='bbox 897 2579 981 2613; x_wconf 83' lang='lat' dir='ltr'>Post</span> <span class='ocrx_word' id='word_1_290' title='bbox 999 2579 1064 2614; x_wconf 87' lang='lat' dir='ltr'>hoc</span> <span class='ocrx_word' id='word_1_291' title='bbox 1083 2593 1115 2616; x_wconf 90' lang='lat' dir='ltr'>v.</span> <span class='ocrx_word' id='word_1_292' title='bbox 1133 2584 1370 2627; x_wconf 75' lang='grc' dir='ltr'>προανὴλωται</span> <span class='ocrx_word' id='word_1_293' title='bbox 1391 2586 1500 2622; x_wconf 83' lang='lat' dir='ltr'><strong>Cone.</strong></span> <span class='ocrx_word' id='word_1_294' title='bbox 1518 2588 1686 2632; x_wconf 81' lang='grc' dir='ltr'>ἀνήλωται</span> <span class='ocrx_word' id='word_1_295' title='bbox 1706 2591 1748 2625; x_wconf 91' lang='grc' dir='ltr'>Β.</span> <span class='ocrx_word' id='word_1_296' title='bbox 1767 2593 1937 2628; x_wconf 82' lang='grc' dir='ltr'>ἀνάλωται</span> 
     </span>
     <span class='ocr_line' id='line_1_33' title="bbox 342 2617 1936 2685; baseline 0.015 -34"><span class='ocrx_word' id='word_1_297' title='bbox 342 2617 410 2652; x_wconf 89' lang='lat' dir='ltr'>Ed.</span> <span class='ocrx_word' id='word_1_298' title='bbox 460 2619 497 2653; x_wconf 84' lang='grc' dir='ltr'>δέ</span> <span class='ocrx_word' id='word_1_299' title='bbox 516 2628 739 2666; x_wconf 84' lang='lat' dir='ltr'><strong>assumptum</strong></span> <span class='ocrx_word' id='word_1_300' title='bbox 757 2636 799 2658; x_wconf 79' lang='lat' dir='ltr'>ex</span> <span class='ocrx_word' id='word_1_301' title='bbox 818 2624 929 2659; x_wconf 83' lang='lat' dir='ltr'><strong>Cone.</strong></span> <span class='ocrx_word' id='word_1_302' title='bbox 951 2626 991 2660; x_wconf 86' lang='lat' dir='ltr'>B.</span> <span class='ocrx_word' id='word_1_303' title='bbox 1044 2627 1170 2662; x_wconf 79' lang='lat' dir='ltr'>Statim</span> <span class='ocrx_word' id='word_1_304' title='bbox 1190 2631 1242 2664; x_wconf 80' lang='grc' dir='ltr'>καὶ</span> <span class='ocrx_word' id='word_1_305' title='bbox 1261 2644 1329 2666; x_wconf 87' lang='lat' dir='ltr'>orn.</span> <span class='ocrx_word' id='word_1_306' title='bbox 1348 2632 1388 2666; x_wconf 82' lang='lat' dir='ltr'>B.</span> <span class='ocrx_word' id='word_1_307' title='bbox 1404 2633 1509 2669; x_wconf 83' lang='lat' dir='ltr'><strong>habet</strong></span> <span class='ocrx_word' id='word_1_308' title='bbox 1529 2635 1639 2671; x_wconf 84' lang='lat' dir='ltr'>Cone.</span> <span class='ocrx_word' id='word_1_309' title='bbox 1736 2639 1769 2673; x_wconf 89' lang='lat'>6.</span> <span class='ocrx_word' id='word_1_310' title='bbox 1787 2640 1936 2685; x_wconf 80' lang='grc' dir='ltr'>καθάπερ</span> 
     </span>
     <span class='ocr_line' id='line_1_34' title="bbox 341 2664 1935 2731; baseline 0.015 -33"><span class='ocrx_word' id='word_1_311' title='bbox 341 2664 468 2699; x_wconf 87' lang='lat' dir='ltr'>retinui</span> <span class='ocrx_word' id='word_1_312' title='bbox 487 2677 528 2700; x_wconf 84' lang='lat' dir='ltr'>ex</span> <span class='ocrx_word' id='word_1_313' title='bbox 543 2667 610 2702; x_wconf 90' lang='lat' dir='ltr'>Ed.</span> <span class='ocrx_word' id='word_1_314' title='bbox 625 2668 764 2704; x_wconf 77' lang='lat' dir='ltr'><strong>favente</strong></span> <span class='ocrx_word' id='word_1_315' title='bbox 780 2670 869 2706; x_wconf 91' lang='lat' dir='ltr'><strong>Cod.</strong></span> <span class='ocrx_word' id='word_1_316' title='bbox 883 2672 1009 2708; x_wconf 84' lang='lat' dir='ltr'><strong>Vienn.</strong></span> <span class='ocrx_word' id='word_1_317' title='bbox 1024 2675 1173 2720; x_wconf 81' lang='grc' dir='ltr'>καθάπερ</span> <span class='ocrx_word' id='word_1_318' title='bbox 1191 2677 1231 2710; x_wconf 88' lang='lat' dir='ltr'>B.</span> <span class='ocrx_word' id='word_1_319' title='bbox 1250 2677 1488 2714; x_wconf 82' lang='lat' dir='ltr'>Conciliorum</span> <span class='ocrx_word' id='word_1_320' title='bbox 1507 2682 1625 2717; x_wconf 69' lang='lat' dir='ltr'>editio.</span> <span class='ocrx_word' id='word_1_321' title='bbox 1693 2693 1724 2730; x_wconf 86' lang='lat'>7.</span> <span class='ocrx_word' id='word_1_322' title='bbox 1741 2688 1788 2731; x_wconf 84' lang='grc' dir='ltr'>τῷ</span> <span class='ocrx_word' id='word_1_323' title='bbox 1807 2698 1876 2721; x_wconf 91' lang='lat' dir='ltr'>om.</span> <span class='ocrx_word' id='word_1_324' title='bbox 1892 2687 1935 2722; x_wconf 92' lang='lat' dir='ltr'>B.</span> 
     </span>
     <span class='ocr_line' id='line_1_35' title="bbox 341 2709 1934 2774; baseline 0.016 -30"><span class='ocrx_word' id='word_1_325' title='bbox 341 2709 446 2745; x_wconf 83' lang='lat' dir='ltr'><strong>habet</strong></span> <span class='ocrx_word' id='word_1_326' title='bbox 465 2712 575 2748; x_wconf 85' lang='lat' dir='ltr'>Cone.</span> <span class='ocrx_word' id='word_1_327' title='bbox 677 2727 730 2751; x_wconf 86' lang='lat'>12.</span> <span class='ocrx_word' id='word_1_328' title='bbox 749 2731 977 2764; x_wconf 84' lang='grc' dir='ltr'>πεπραχοσαν</span> <span class='ocrx_word' id='word_1_329' title='bbox 996 2719 1085 2755; x_wconf 88' lang='lat' dir='ltr'><strong>Cod.</strong></span> <span class='ocrx_word' id='word_1_330' title='bbox 1102 2722 1228 2757; x_wconf 85' lang='lat' dir='ltr'>Vienn.</span> <span class='ocrx_word' id='word_1_331' title='bbox 1330 2737 1382 2770; x_wconf 83' lang='lat'>13.</span> <span class='ocrx_word' id='word_1_332' title='bbox 1404 2727 1444 2760; x_wconf 87' lang='grc' dir='ltr'>ἂν</span> <span class='ocrx_word' id='word_1_333' title='bbox 1460 2736 1684 2774; x_wconf 80' lang='lat' dir='ltr'>assumptum</span> <span class='ocrx_word' id='word_1_334' title='bbox 1702 2743 1743 2766; x_wconf 85' lang='lat' dir='ltr'>ex</span> <span class='ocrx_word' id='word_1_335' title='bbox 1763 2732 1872 2768; x_wconf 81' lang='lat' dir='ltr'><strong>Cone.</strong></span> <span class='ocrx_word' id='word_1_336' title='bbox 1893 2734 1934 2769; x_wconf 92' lang='lat' dir='ltr'>B.</span> 
     </span>
     <span class='ocr_line' id='line_1_36' title="bbox 344 2757 1934 2824; baseline 0.016 -34"><span class='ocrx_word' id='word_1_337' title='bbox 344 2768 397 2799; x_wconf 84' lang='lat'>14.</span> <span class='ocrx_word' id='word_1_338' title='bbox 417 2757 489 2792; x_wconf 79' lang='grc' dir='ltr'>ἐπεὶ</span> <span class='ocrx_word' id='word_1_339' title='bbox 510 2759 618 2795; x_wconf 89' lang='lat' dir='ltr'>Cone.</span> <span class='ocrx_word' id='word_1_340' title='bbox 681 2763 802 2808; x_wconf 81' lang='grc' dir='ltr'>ἑτέρως</span> <span class='ocrx_word' id='word_1_341' title='bbox 822 2765 931 2801; x_wconf 88' lang='lat' dir='ltr'>Cone.</span> <span class='ocrx_word' id='word_1_342' title='bbox 952 2766 1046 2802; x_wconf 86' lang='lat' dir='ltr'><strong>B.D.</strong></span> <span class='ocrx_word' id='word_1_343' title='bbox 1065 2774 1099 2802; x_wconf 85' lang='lat' dir='ltr'>et</span> <span class='ocrx_word' id='word_1_344' title='bbox 1117 2768 1166 2803; x_wconf 87' lang='lat' dir='ltr'>sic</span> <span class='ocrx_word' id='word_1_345' title='bbox 1184 2771 1329 2816; x_wconf 81' lang='lat' dir='ltr'>conjecit</span> <span class='ocrx_word' id='word_1_346' title='bbox 1348 2773 1414 2807; x_wconf 87' lang='lat' dir='ltr'>Ed.</span> <span class='ocrx_word' id='word_1_347' title='bbox 1433 2774 1560 2818; x_wconf 75' lang='grc' dir='ltr'>ἑτέροις</span> <span class='ocrx_word' id='word_1_348' title='bbox 1578 2776 1644 2811; x_wconf 90' lang='lat' dir='ltr'>Ed.</span> <span class='ocrx_word' id='word_1_349' title='bbox 1745 2789 1797 2824; x_wconf 88' lang='lat'>15.</span> <span class='ocrx_word' id='word_1_350' title='bbox 1816 2780 1934 2823; x_wconf 81' lang='grc' dir='ltr'>ἐξανα-</span> 
     </span>
     <span class='ocr_line' id='line_1_37' title="bbox 340 2805 1933 2872; baseline 0.016 -35"><span class='ocrx_word' id='word_1_351' title='bbox 340 2805 468 2848; x_wconf 85' lang='grc' dir='ltr'>στῆσαι</span> <span class='ocrx_word' id='word_1_352' title='bbox 488 2805 598 2842; x_wconf 81' lang='lat' dir='ltr'><strong>Conc.</strong></span> <span class='ocrx_word' id='word_1_353' title='bbox 617 2808 839 2854; x_wconf 82' lang='grc' dir='ltr'>ἐξαναστῆναι</span> <span class='ocrx_word' id='word_1_354' title='bbox 859 2812 925 2846; x_wconf 91' lang='lat' dir='ltr'>Ed.</span> <span class='ocrx_word' id='word_1_355' title='bbox 1189 2827 1239 2862; x_wconf 89' lang='lat'>19.</span> <span class='ocrx_word' id='word_1_356' title='bbox 1267 2821 1419 2864; x_wconf 80' lang='grc' dir='ltr'>τεχνῆτις</span> <span class='ocrx_word' id='word_1_357' title='bbox 1437 2821 1531 2856; x_wconf 84' lang='lat' dir='ltr'><strong>Aub.</strong></span> <span class='ocrx_word' id='word_1_358' title='bbox 1551 2824 1683 2858; x_wconf 83' lang='lat' dir='ltr'><strong>correxi</strong></span> <span class='ocrx_word' id='word_1_359' title='bbox 1702 2832 1781 2869; x_wconf 77' lang='lat' dir='ltr'>post</span> <span class='ocrx_word' id='word_1_360' title='bbox 1799 2826 1933 2872; x_wconf 87' lang='lat' dir='ltr'><strong>Migne.</strong></span> 
     </span>
     <span class='ocr_line' id='line_1_38' title="bbox 340 2851 1933 2916; baseline 0.016 -32"><span class='ocrx_word' id='word_1_361' title='bbox 340 2860 396 2885; x_wconf 87' lang='lat'>21.</span> <span class='ocrx_word' id='word_1_362' title='bbox 418 2851 526 2896; x_wconf 71' lang='grc' dir='ltr'>ἔδειξε</span> <span class='ocrx_word' id='word_1_363' title='bbox 545 2853 589 2889; x_wconf 85' lang='grc' dir='ltr'>Β.</span> <span class='ocrx_word' id='word_1_364' title='bbox 687 2866 743 2891; x_wconf 87' lang='lat'>22.</span> <span class='ocrx_word' id='word_1_365' title='bbox 766 2857 995 2903; x_wconf 82' lang='grc' dir='ltr'>ἁντέστρεπτε</span> <span class='ocrx_word' id='word_1_366' title='bbox 1014 2861 1055 2894; x_wconf 89' lang='grc' dir='ltr'>Β.</span> <span class='ocrx_word' id='word_1_367' title='bbox 1154 2873 1209 2907; x_wconf 77' lang='grc'>23.</span> <span class='ocrx_word' id='word_1_368' title='bbox 1232 2865 1320 2911; x_wconf 80' lang='grc' dir='ltr'>αὐτῷ</span> <span class='ocrx_word' id='word_1_369' title='bbox 1338 2866 1393 2912; x_wconf 88' lang='grc' dir='ltr'>τὸ]</span> <span class='ocrx_word' id='word_1_370' title='bbox 1415 2867 1491 2901; x_wconf 80' lang='grc' dir='ltr'>ἐστι</span> <span class='ocrx_word' id='word_1_371' title='bbox 1507 2870 1545 2902; x_wconf 85' lang='grc' dir='ltr'>τὸ</span> <span class='ocrx_word' id='word_1_372' title='bbox 1563 2870 1652 2916; x_wconf 81' lang='grc' dir='ltr'>αὐτῷ</span> <span class='ocrx_word' id='word_1_373' title='bbox 1674 2871 1715 2905; x_wconf 89' lang='grc' dir='ltr'>Β.</span> <span class='ocrx_word' id='word_1_374' title='bbox 1813 2883 1868 2916; x_wconf 83' lang='lat'>²5·</span> <span class='ocrx_word' id='word_1_375' title='bbox 1889 2874 1933 2910; x_wconf 85' lang='grc' dir='ltr'>ὡς</span> 
     </span>
     <span class='ocr_line' id='line_1_39' title="bbox 338 2897 1931 2963; baseline 0.016 -33"><span class='ocrx_word' id='word_1_376' title='bbox 338 2907 409 2931; x_wconf 86' lang='lat' dir='ltr'>om.</span> <span class='ocrx_word' id='word_1_377' title='bbox 430 2897 472 2933; x_wconf 91' lang='lat' dir='ltr'>B.</span> <span class='ocrx_word' id='word_1_378' title='bbox 601 2909 650 2946; x_wconf 87' lang='lat'>27.</span> <span class='ocrx_word' id='word_1_379' title='bbox 679 2905 725 2949; x_wconf 81' lang='grc' dir='ltr'>τῷ</span> <span class='ocrx_word' id='word_1_380' title='bbox 745 2915 816 2938; x_wconf 91' lang='lat' dir='ltr'>om.</span> <span class='ocrx_word' id='word_1_381' title='bbox 837 2904 879 2939; x_wconf 82' lang='grc' dir='ltr'>Β.</span> <span class='ocrx_word' id='word_1_382' title='bbox 899 2905 1030 2941; x_wconf 84' lang='lat' dir='ltr'><strong>habent</strong></span> <span class='ocrx_word' id='word_1_383' title='bbox 1049 2907 1200 2943; x_wconf 81' lang='lat' dir='ltr'>Catenae</span> <span class='ocrx_word' id='word_1_384' title='bbox 1217 2910 1251 2944; x_wconf 86' lang='lat' dir='ltr'>in</span> <span class='ocrx_word' id='word_1_385' title='bbox 1272 2912 1329 2946; x_wconf 81' lang='lat' dir='ltr'>Ps.</span> <span class='ocrx_word' id='word_1_386' title='bbox 1348 2913 1395 2947; x_wconf 88' lang='lat' dir='ltr'>ix.</span> <span class='ocrx_word' id='word_1_387' title='bbox 1449 2913 1532 2960; x_wconf 81' lang='lat' dir='ltr'>[Est</span> <span class='ocrx_word' id='word_1_388' title='bbox 1549 2916 1582 2949; x_wconf 90' lang='lat' dir='ltr'>in</span> <span class='ocrx_word' id='word_1_389' title='bbox 1603 2916 1692 2952; x_wconf 91' lang='lat' dir='ltr'><strong>Cod.</strong></span> <span class='ocrx_word' id='word_1_390' title='bbox 1714 2918 1800 2963; x_wconf 84' lang='lat' dir='ltr'>Reg.</span> <span class='ocrx_word' id='word_1_391' title='bbox 1821 2919 1931 2954; x_wconf 85' lang='lat' dir='ltr'><strong>Paris.</strong></span> 
     </span>
     <span class='ocr_line' id='line_1_40' title="bbox 341 2944 1931 3012; baseline 0.015 -34"><span class='ocrx_word' id='word_1_392' title='bbox 341 2953 417 2988; x_wconf 80' lang='lat'><strong>139.</strong></span> <span class='ocrx_word' id='word_1_393' title='bbox 438 2944 522 2986; x_wconf 85' lang='lat' dir='ltr'>(sec.</span> <span class='ocrx_word' id='word_1_394' title='bbox 537 2958 569 2981; x_wconf 81' lang='lat' dir='ltr'>x.</span> <span class='ocrx_word' id='word_1_395' title='bbox 588 2947 758 2995; x_wconf 83' lang='lat' dir='ltr'>ineuntis)</span> <span class='ocrx_word' id='word_1_396' title='bbox 777 2951 835 2985; x_wconf 90' lang='lat' dir='ltr'>fol.</span> <span class='ocrx_word' id='word_1_397' title='bbox 854 2962 911 2997; x_wconf 89' lang='lat'>31.</span> <span class='ocrx_word' id='word_1_398' title='bbox 932 2952 1021 2989; x_wconf 83' lang='lat' dir='ltr'>cod.</span> <span class='ocrx_word' id='word_1_399' title='bbox 1041 2953 1077 2989; x_wconf 90' lang='lat' dir='ltr'>S.</span> <span class='ocrx_word' id='word_1_400' title='bbox 1094 2955 1205 2990; x_wconf 79' lang='lat' dir='ltr'>Marci</span> <span class='ocrx_word' id='word_1_401' title='bbox 1225 2957 1314 2993; x_wconf 80' lang='lat' dir='ltr'><strong>Ven.</strong></span> <span class='ocrx_word' id='word_1_402' title='bbox 1335 2969 1385 3004; x_wconf 88' lang='lat'>17.</span> <span class='ocrx_word' id='word_1_403' title='bbox 1407 2961 1488 3001; x_wconf 87' lang='lat' dir='ltr'>(sec.</span> <span class='ocrx_word' id='word_1_404' title='bbox 1509 2963 1558 3006; x_wconf 89' lang='lat' dir='ltr'>x.)</span> <span class='ocrx_word' id='word_1_405' title='bbox 1577 2963 1636 2999; x_wconf 82' lang='lat' dir='ltr'>fol.</span> <span class='ocrx_word' id='word_1_406' title='bbox 1654 2974 1696 3007; x_wconf 86' lang='lat'>24</span> <span class='ocrx_word' id='word_1_407' title='bbox 1715 2977 1757 2999; x_wconf 86' lang='lat' dir='ltr'>v:</span> <span class='ocrx_word' id='word_1_408' title='bbox 1785 2971 1931 3012; x_wconf 88' lang='lat' dir='ltr'>utraque</span> 
     </span>
    </p>
   </div>
  </div>
 </body>
</html>
