2084 3317
283 455 304 481 C

321 158 407 197 384
726 159 773 199 B.
810 157 1083 199 CYRILLI
1126 156 1508 197 ALEXANDR.
1698 170 1734 196 v.
1755 169 1822 210 39,
1842 167 1910 206 40.

322 266 491 330 μένοις,
533 267 642 334 ε”χον
681 267 735 317 δέ
773 291 818 318 τι
859 267 1018 335 βραχὺ
1061 266 1115 317 τὸ
1161 264 1535 334 ἐξηλλαγμένον.
1607 267 1644 315 εἰ
1689 262 1782 329 γὰρ
1827 263 1913 313 ε”δει

324 353 533 400 νοεῖσθαι
572 354 946 416 προστακτικῶς,
985 353 1084 402 πῶς
1124 351 1206 399 οὐκ
1245 346 1359 398 εἶναι
1399 346 1620 415 φήσομεν
1658 348 1914 410 ἀναγκαῖον

324 429 444 481 κατὰ
474 429 581 482 τόδε
614 429 668 481 τὸ
704 434 872 498 σχῆμα
907 429 1052 497 τυχὸν
1086 428 1140 481 τὸ
1176 428 1375 493 σύμπαν
1407 432 1549 480 εἰπεῖν
1572 429 1791 499 Ἐρευνῖιτε
1830 426 1914 481 τας

323 512 515 581 γραφὰς
541 513 600 564 ’ότι
629 515 666 564 ἐν
694 516 852 567 αὐταῖς
879 509 1046 563 ἀσκεῖτε
1071 514 1195 578 ὑμεῖς
1222 510 1325 581 ζωὴν
1352 511 1514 562 αἰώνιον
1538 510 1649 574 ἔχειν
1672 515 1749 561 καὶ
1779 508 1918 561 αῦταί

324 599 426 646 εἷο-ιν
452 600 501 645 αἱ
533 596 830 663 μαρτυροῦσαι
861 599 954 662 περὶ
991 593 1111 661 ἐμοῦ·
1154 591 1485 659 ἐρευνήσαντες
1515 591 1563 643 δὲ
1601 591 1760 643 ἐ’λθετε
1795 590 1915 658 πρὸς
1935 608 1957 646 5

322 674 395 740 μέ·
437 674 549 726 ἀλλ’
579 678 641 730 ὡς
666 674 731 740 μὴ
760 674 1011 728 ἐθέλοντας
1037 676 1205 738 ἐλθεῖν,
1232 674 1381 726 καίτοι
1414 673 1490 725 διὰ
1524 676 1607 738 τῆς
1631 675 1815 740 ἐρεύνης
1841 675 1916 725 ἐπὶ

323 763 463 809 τοῦτο
507 758 973 826 χειραγωγουμένους
1018 761 1308 808 καταιτιᾶται
1352 756 1509 822 λέγων
1550 760 1638 808 Καὶ
1686 759 1729 806 οὐ
1773 753 1916 807 θέλετε

325 838 456 892 ἐλθεῖν
489 841 597 909 πρὶς
632 839 702 909 μέ.

398 921 806 988 Ἀναγνωσόμεθα
843 923 999 973 τοίνυν
1035 923 1109 974 ἐπὶ
1147 921 1201 973 τὸ
1240 920 1598 989 χρησιμώτερον
1633 920 1914 982 βλέποντες,

326 1006 402 1055 καὶ
438 1004 492 1056 τὸ
532 1009 628 1059 τοῖς
666 1008 1066 1072 προαποδοθεῖσιν
1098 1005 1405 1067 ἀκολουθοῦν,
1441 1004 1495 1054 οὐ
1532 1003 1721 1057 πάντως
1759 1024 1914 1068 προσ-

326 1092 567 1150 τακτικῶς,
595 1089 704 1138 ἀλλ’
736 1089 798 1143 ὡς
824 1090 872 1138 ἐν
899 1087 1090 1138 συνέσει
1117 1092 1309 1151 μᾶλλον
1336 1088 1411 1137 καὶ
1438 1086 1729 1152 ὑποστιγμῇ.
1785 1083 1919 1135 ἔσται

283 1169 376 1222 (1δὲ
420 1168 569 1220 πάλιν
613 1175 696 1221 τοῦ
748 1169 1053 1236 προκειμένου
1103 1174 1311 1222 τοιοῦτος
1362 1169 1387 1218 ὁ
1439 1173 1558 1221 νοῦς.
1625 1165 1780 1230 ἐπειδὴ
1826 1166 1919 1233 γὰρ

327 1251 557 1303 ἐθεάσατο
593 1250 760 1305 αὐτοὺς
798 1252 1049 1320 τρέχοντας
1084 1252 1158 1303 ἐπὶ
1193 1249 1253 1301 τὰ
1281 1248 1528 1302 Μωυσέως
1561 1250 1630 1299 ἀεὶ
1661 1247 1915 1314 συγγράμ-

327 1357 468 1396 ματα,
507 1336 583 1384 καὶ
621 1334 953 1398 συλλέγοντας
995 1335 1166 1384 ἐκεῖθεν
1205 1330 1493 1384 ἀπαιδεύτως
1537 1330 1620 1385 τὰς
1662 1335 1757 1381 τῶν
1795 1332 1922 1381 ἀντι-

328 1419 506 1481 λογιῶν
526 1415 762 1485 ἀφορμὰς,
778 1414 1029 1481 ζητοῦντας
1057 1414 1104 1466 δὲ
1131 1415 1286 1481 ἕτερον
1307 1412 1502 1478 οὐδὲν,ἢ
1529 1415 1605 1464 καὶ
1632 1412 1922 1480 δεχομένους,

329 1496 444 1563 ὅπερ
489 1497 548 1548 ἂν
587 1499 742 1551 αὐτοῖς
784 1497 838 1549 τὸ
885 1500 1054 1566 χρῆναι
1095 1496 1333 1548 πιστεύειν
1370 1499 1607 1564 περιποιῇ·
1669 1494 1746 1545 διὰ
1783 1500 1922 1545 τοῦτο

329 1579 478 1632 πάλιν
504 1581 769 1646 ἀναγκαίως
800 1580 1045 1648 ἄχρηστον
1072 1580 1228 1633 αὐτοῖς
1264 1581 1339 1629 καὶ
1374 1576 1601 1642 ἀνόνητον
1626 1576 1708 1628 τὸν
1734 1579 1815 1641 τῆς
1850 1578 1923 1628 ἐπὶ

331 1662 510 1716 τούτοις
547 1662 732 1730 ἐρεύνης
769 1663 1022 1730 ἀποφαίνει
1056 1660 1217 1724 πόνον,
1242 1662 1318 1712 καὶ
1353 1663 1414 1714 ὡς
1450 1661 1524 1711 ἐπὶ
1550 1658 1747 1729 μεγάλῳ
1773 1682 1822 1710 τε
1849 1661 1925 1710 καὶ

332 1744 715 1814 ἐπωφελεστάτῳ
766 1743 1011 1811 πράγματι
1065 1742 1441 1807 μεμελετήκασιν
1493 1744 1547 1793 οὐ
1601 1740 1721 1793 κατὰ
1777 1742 1925 1808 λόγον

294 1851 316 1877 e
335 1829 598 1894 κεχρῆσθαι
632 1825 713 1877 τὸν
738 1826 981 1894 πρέποντα
1007 1824 1235 1893 διελέγχει
1261 1829 1450 1893 σαφῶς.
1507 1825 1555 1875 τί
1586 1824 1679 1890 γὰρ
1715 1825 1818 1876 εἶπέ
1846 1847 1924 1889 μοι

112 2503 190 2537 261
207 2502 253 2536 Α.
295 2510 316 2534 a

333 1908 387 1958 τὸ
432 1908 683 1976 χρήσιμον,
726 1908 797 1959 ὅτι
841 1908 925 1963 τας
970 1907 1056 1971 μὲν
1099 1908 1237 1969 θείας,
1283 1908 1450 1976 φησὶν,
1496 1908 1678 1976 ἐρευνᾶτε
1720 1905 1925 1975 γραφεὶς,

334 1992 533 2051 οἰόμενοι
579 1991 634 2041 δι’
673 1993 828 2041 αὐτῶν
867 1994 928 2044 εἷς
969 1990 1130 2041 αἰώνιον
1169 1988 1504 2054 ἀναβήσεσθαι
1547 1989 1667 2059 ζωήν·
1723 1987 1840 2039 ἐπὰν
1877 1988 1927 2039 δὲ

332 2072 505 2126 ταύτας
544 2073 644 2141 ἐμοὶ
684 2072 986 2143 μαρτυρούσας
1031 2072 1290 2138 εὑρίσκητε,
1330 2072 1404 2122 καὶ
1446 2068 1566 2137 ζωὴν
1604 2069 1926 2136 ὀνομαζούσας

333 2154 412 2218 ἐμὲ
457 2153 544 2218 τὴν
582 2153 780 2217 αἰώνιον,
823 2158 867 2205 οὐ
909 2153 1052 2205 θέλετε
1092 2151 1222 2205 ἐλθεῖν
1262 2155 1369 2221 πρὶς
1410 2151 1468 2220 με)
1506 2152 1578 2204 ’ἵνα
1621 2150 1724 2222 ζωὴν
1768 2151 1924 2214 {xm-23

335 2238 500 2288 οὐκοῦν
539 2236 646 2288 ὅθεν
680 2236 769 2287 ε”δει
807 2235 1059 2302 σώζεσθαι,
1097 2237 1264 2304 φησὶν,
1301 2236 1471 2286 ἐκεῖθεν
1505 2233 1563 2286 τὰ
1600 2234 1807 2300 μέγιστα
1844 2233 1927 2288 τὰς

334 2320 511 2370 ἑαυτῶν
537 2319 800 2386 ζημιοῦντες
828 2319 882 2369 οὐ
909 2323 1052 2370 νοεῖτε
1078 2317 1254 2387 ψυχὰς,
1282 2317 1402 2384 πρὸς
1427 2315 1514 2381 μὲν
1539 2316 1683 2380 μόνον
1708 2316 1763 2367 τὸ
1793 2318 1925 2367 ἀντι-

335 2402 490 2467 λέγειν
523 2403 573 2453 ἐκ
608 2405 916 2453 Μωυσαϊκῶν
951 2402 1235 2464 ἀκονώμενοι
1274 2399 1448 2466 λόγων,
1482 2398 1540 2450 τὰ
1580 2398 1628 2450 δὲ
1666 2397 1738 2467 ἐφ’
1767 2397 1834 2452 οἷς
1871 2396 1929 2462 ἧν

336 2486 454 2548 ὑμᾶς
488 2483 573 2549 τὴν
601 2484 762 2535 αἰώνιον
794 2483 1145 2550 ἀποκερδαίνειν
1172 2480 1289 2553 ζωὴν,
1324 2482 1422 2533 οὐδ’
1453 2481 1571 2532 ὅσον
1607 2484 1669 2535 εἷς
1707 2485 1815 2531 νοῦν
1846 2478 1930 2530 τὸν

337 2567 513 2617 ἑαυτῶν
541 2565 877 2632 εἶσοικίζοντες.

390 2748 419 2770 1.
446 2735 542 2781 ἕχον]
563 2735 648 2779 εξων
667 2735 708 2769 Β.
863 2747 896 2777 4.
921 2734 1013 2778 ὑμεῖς
1030 2738 1252 2777 assumptum
1271 2745 1312 2766 ex
1335 2732 1375 2766 B.
1536 2743 1588 2767 10.
1615 2733 1668 2766 καὶ
1685 2730 1740 2777 τὸ]
1761 2731 1867 2765 καίτοι
1887 2731 1929 2766 Β.

343 2794 396 2817 ΙΙ.
424 2783 458 2817 ἐν
475 2789 698 2827 assumptum
717 2793 757 2816 ex
778 2781 872 2815 B.D.
943 2780 1068 2814 Statim
1087 2779 1224 2814 συνέσει
1245 2780 1338 2813 B.D.
1360 2778 1426 2813 Ed.
1446 2778 1639 2813 συναινέσει
1659 2779 1691 2812 D
1711 2790 1783 2824 mg.
1803 2784 1836 2812 et
1854 2790 1886 2812 v.
1905 2779 1928 2812 l.

339 2830 373 2863 in
395 2829 461 2863 Ed.
482 2842 551 2874 mg.
667 2839 718 2873 13.
746 2828 863 2862 ἐθεᾶτο
883 2828 925 2861 Β.
944 2828 1060 2862 invitis
1080 2826 1172 2861 Catt.
1238 2827 1433 2871 Assumpta
1451 2826 1571 2860 αὐτοὺς
1588 2837 1628 2859 ex
1650 2825 1738 2865 B.a.‚
1756 2825 1808 2859 ἀεὶ
1825 2837 1865 2858 ex
1888 2824 1929 2859 Β.

343 2886 395 2918 15.
423 2876 520 2910 οὐδὲν
537 2875 652 2920 ἕτερον
670 2876 807 2909 inverso
826 2874 948 2909 ordine
969 2874 1010 2908 B.
1195 2882 1248 2918 17.
1275 2872 1461 2918 ἀναγκαίως
1478 2873 1653 2918 ἄχρηστον
1669 2870 1798 2916 αὐτοῖς]
1817 2871 1931 2906 αὐτοῖς

339 2922 513 2967 ἄχρηστον
530 2922 718 2967 ἀναγκαίων
734 2923 847 2956 αὐτοῖς
866 2921 946 2966 (sic)
969 2921 1010 2956 B.
1060 2920 1277 2955 Abbreviant
1297 2919 1390 2954 Catt.
1554 2919 1606 2953 18.
1633 2919 1687 2953 ἐπὶ
1706 2924 1929 2962 assumptum

341 2980 379 3002 ex
404 2969 443 3003 B.
590 2979 644 3014 27.
671 2969 885 3012 ἀκονούμενοι
907 2968 947 3003 Β.

1941 1025 1989 1051 10

1947 1845 1996 1872 20
