2084 3317
343 178 427 219 318
748 181 798 222 B.
832 181 1110 223 CYRILLI
1150 181 1530 223 ALEXANDR.
1810 196 1848 222 v.
1872 194 1934 234 19.

345 293 414 341 Οὐ
453 286 633 341 δύναται
674 296 691 343 ὁ
728 289 826 346 Tio}
866 293 1000 343 ποιεῖν
1039 294 1126 361 ἀφ’
1151 292 1304 344 ἑαυτοῦ
1344 288 1470 354 οὐδὲν,
1497 290 1569 342 ἐὰν
1604 291 1666 359 μή
1701 315 1742 341 τι
1781 288 1937 364 βλέπῃ

344 372 410 422 τὶν
444 372 628 442 Πατέρα
665 374 886 425 ποιοῦντα·
930 371 963 426 οἳ
1001 372 1092 440 ’γὰρ
1131 374 1286 429 ἐκεῖνος
1325 375 1443 425 ποιεῖ
1476 374 1623 424 ταῦτα.
1664 376 1739 423 καὶ
1782 377 1799 423 ὁ
1838 371 1937 426 Τὶὶς

299 460 326 501 b
347 455 503 521 ὁμοίως
524 457 649 507 ποιεῖ.
688 456 736 506 ἐν
754 454 839 519 μὲν
858 453 951 523 γὰρ
971 458 1038 524 τῷ
1058 454 1290 506 δύνασθαι
1309 459 1456 507 ποιεῖν
1476 453 1859 520 ἀπαραλλάκτως
1878 451 1938 504 τὰ

345 541 428 587 τοῦ
446 539 570 587 Θεοῦ
596 539 672 587 καὶ
692 535 897 603 Πατρὸς,
918 539 993 588 καὶ
1019 537 1188 600 ὁμοίως
1214 538 1416 604 ἐνεργεῖν
1441 540 1507 605 τῷ
1531 535 1827 602 γεννήσαντι,
1853 537 1938 599 τῆς

345 619 509 671 οὐσίας
535 619 660 688 αὐτῷ
684 623 912 685 μαρτυρεῖ
933 617 1019 683 τὴν
1044 617 1322 683 ταυτότητα.
1374 619 1613 685 ἐνεργήσει
1643 617 1736 684 γὰρ
1769 619 1937 680 ὁμοίως
1957 630 1980 669 5

344 698 403 750 τὰ
441 698 525 764 τὴν
564 698 709 765 αὐτὴν
742 699 974 765 ἀλλήλοις
1013 699 1226 768 λαχόντα
1267 700 1430 770 φύσιν,
1461 700 1527 755 οἷς
1566 700 1614 751 δὲ
1654 701 1679 751 ὁ
1716 705 1799 751 τοῦ
1837 704 1938 753 πῶς

344 779 459 832 εἶναι
502 781 647 848 λόγος
691 782 1064 852 ἐξηλλαγμένος,
1109 783 1289 837 τούτοις
1332 782 1389 834 ἂν
1429 782 1496 848 εἴη
1541 784 1616 834 καὶ
1662 783 1687 833 ὁ
1732 784 1816 846 τῆς
1861 780 1936 850 ἐφ’

342 861 524 915 ἅπασιν
568 865 798 931 ἐνεργείας
841 863 1015 932 τρόπος
1060 866 1148 934 οὐχ
1198 867 1223 917 ὁ
1275 863 1427 919 αὐτός.
1498 865 1665 916 οὐκοῦν
1710 865 1772 918 ὡς
1817 863 1939 918 Θεὸς

343 945 568 1011 ἀληθινὸς
602 949 652 998 ἐκ
685 951 812 998 Θεοῦ
845 945 1038 1014 Πατρὸς
1071 950 1311 1013 ἀληθινοῦ,
1345 952 1493 999 ταῦτα
1527 945 1760 998 δύνασθαι
1790 950 1939 997 ποιεῖν

343 1029 512 1094 ὁμοίως
548 1030 703 1099 ἐκείνῳ
735 1030 906 1099 φησὶν,
935 1029 1150 1081 ἀλλ’ἵνα
1186 1029 1251 1094 μὴ
1287 1028 1432 1094 μόνον
1470 1029 1575 1083 ἰ’σος
1613 1027 1677 1080 ὧν
1712 1030 1759 1080 ἐν
1794 1027 1934 1079 δυνά-

301 1138 324 1167 e
343 1134 417 1176 μει
458 1112 682 1181 φαίνηται
725 1115 791 1181 τῷ
840 1113 1012 1178 Πατρῖ,
1057 1111 1349 1179 ὁμογνώμων
1391 1111 1439 1163 δὲ
1484 1110 1604 1174 κατὰ
1649 1109 1819 1174 πάντα,
1862 1111 1938 1162 καὶ

341 1193 453 1256 μίαν
480 1193 600 1262 ἔχων
631 1194 756 1263 αὐτῷ
790 1193 877 1259 τὴν
909 1195 982 1263 ἐφ’
1011 1192 1166 1246 ἅπασι
1200 1193 1416 1259 θέλησιν,
1441 1192 1507 1259 μὴ
1545 1192 1777 1245 δύνασθαι
1811 1192 1939 1260 λέγει

341 1279 475 1328 ποιεῖν
501 1275 558 1344 ἐξ
581 1277 731 1328 ἑαυτοῦ
753 1275 911 1340 μηδὲν,
940 1275 1011 1328 ἐὰν
1037 1279 1099 1345 μή
1125 1301 1164 1328 τι
1191 1276 1347 1349 βλέπῃ
1375 1276 1442 1328 τὶν
1470 1274 1650 1345 Πατέρα,
1678 1277 1897 1327 ποιοῦντα.

409 1355 616 1421 ’Όμοιον
658 1357 707 1409 δὲ
751 1360 812 1412 ὡς
853 1362 890 1409 εἰ
931 1357 1063 1425 λε’γοι
1105 1358 1399 1427 τρανώτερον
1442 1357 1562 1426 πρὸς
1606 1357 1714 1412 τοὺς
1759 1357 1939 1409 διώκειν

342 1438 744 1507 ἐπιχειρήσαντας,
771 1440 941 1508 ἀνδρὸς
977 1442 1026 1492 ἐν
1061 1440 1300 1511 σαββάτῳ
1333 1439 1729 1508 τεθεραπευμένον
1768 1443 1932 1491 Κατα-

344 1522 582 1574 λελύσθαι
620 1523 822 1589 νομίζετε
865 1522 951 1587 τὴν
991 1529 1074 1574 τοῦ
1112 1523 1369 1585 σαββάτου
1413 1522 1565 1588 τιμὴν,
1605 1522 1716 1574 ἀλλ’
1757 1523 1840 1574 οὐκ
1880 1522 1939 1574 ἂν

343 1604 524 1671 ἔδρασα
563 1603 701 1656 τοῦτό
743 1627 857 1656 ποτε
898 1604 964 1670 μὴ
1001 1605 1106 1673 οὐχὶ
1147 1604 1229 1656 τὸν
1265 1605 1426 1670 ὅμοιον
1459 1604 1661 1673 ἐργάτην
1696 1603 1940 1671 ὁρῶντὸν

343 1686 552 1753 Πατέρα·
597 1688 775 1754 ἐνεργεῖ
806 1686 901 1754 γὰρ
939 1686 999 1739 τὰ
1035 1687 1155 1755 πρὸς
1193 1687 1440 1739 σύστασιν
1481 1687 1665 1752 κόσμου
1703 1689 1778 1739 καὶ
1819 1686 1939 1739 κατὰ

342 1766 611 1832 σάββατον,
652 1773 690 1820 εἰ
731 1774 806 1821 καὶ
848 1771 902 1820 δι’
944 1771 1070 1833 ἐμοῦ.
1129 1770 1361 1822 ἀδύνατον
1401 1770 1482 1821 οὖν
1521 1768 1611 1834 ἐμὲ,
1651 1772 1816 1839 φησὶν,
1857 1769 1940 1821 τὸν

299 1863 326 1904 d
344 1849 401 1919 ἐξ
431 1851 573 1902 αὐτοῦ
605 1849 724 1902 κατὰ
758 1851 907 1921 φύσιν
932 1851 1064 1915 Υὶὸν,
1090 1851 1155 1917 μὴ
1189 1853 1294 1920 οὐχὶ
1322 1850 1511 1906 πάντως
1543 1854 1592 1903 ἐν
1617 1857 1740 1904 πᾶσι
1770 1851 1829 1904 τὰ
1855 1858 1939 1904 τοῦ

347 1932 538 2000 Πατρὸς
573 1935 773 2000 ἐνεργεῖν
800 1957 850 1985 τε
886 1935 961 1985 καὶ
993 1934 1273 1997 βούλεσθαι,
1301 1935 1388 2002 οὐχ
1425 1936 1488 1989 ὡς
1525 1934 1698 2003 ἔξωθεν
1723 1935 1940 1996 λαβόντα

346 2017 571 2069 διδακτῶς
616 2015 697 2067 τὸν
742 2022 825 2067 τοῦ
868 2021 1015 2068 ποιεῖν
1059 2015 1385 2083 ὑπογραμμὸν,
1431 2015 1459 2082 ἢ
1499 2019 1574 2068 καὶ
1621 2019 1670 2068 ἐκ
1712 2040 1936 2084 προαιρε-

345 2103 475 2148 τικοῦ
509 2096 761 2162 κινήματος
792 2100 866 2150 ἐπὶ
900 2098 954 2150 τὸ
989 2098 1132 2150 ταύτὸ
1170 2098 1436 2161 βούλεσθαι
1471 2102 1538 2168 τῷ
1567 2100 1723 2166 Πατρὶ
1762 2106 1934 2164 κεκλη-

344 2178 497 2243 μένον,
525 2181 636 2232 ἀλλ’
673 2182 735 2234 ὡς
774 2181 965 2250 φύσεως
1003 2179 1360 2247 ἀπαραποιήτου
1400 2178 1557 2245 νόμοις
1595 2183 1669 2233 ἐπὶ
1708 2181 1793 2246 τὴν
1828 2181 1940 2247 ἰ’σην

344 2262 662 2323 ἀναβαίνοντα
696 2266 761 2332 τῷ
789 2266 897 2332 Θεῷ
933 2266 1008 2314 καὶ
1038 2265 1193 2330 Πατρὶ
1225 2262 1410 2328 βουλήν
1441 2285 1490 2314 τε
1527 2265 1602 2314 καὶ
1639 2264 1829 2334 πρᾶξιν.
1884 2263 1939 2316 τὸ

345 2343 438 2411 γὰρ
463 2343 529 2409 μὴ
555 2344 786 2396 δύνασθαι
815 2348 948 2397 ποιεῖν
974 2349 1057 2415 ἀφ’
1088 2347 1238 2398 ἑαυτοῦ
1263 2344 1421 2410 μηδὲν,
1449 2346 1497 2397 ἐν
1524 2345 1704 2400 τούτοις
1731 2348 1781 2398 εὖ
1806 2347 1941 2412 μάλα

305 2425 662 2494 οπεριορῖζεται·
704 2429 851 2482 οὕτως
883 2425 1009 2493 οἶμαι
1043 2430 1213 2496 χρῆναι
1250 2433 1472 2482 νοοῦντας
1506 2429 1728 2492 εὐσεβῶς,
1762 2434 1932 2498 αἰχμα-

125 2526 229 2557 zoor.
246 2536 276 2558 x.
293 2534 324 2567 5·
344 2509 554 2576 λωτίζειν
582 2517 608 2540 “
627 2514 723 2562 πᾶν
762 2508 914 2576 νόημα
954 2513 1015 2564 εἱς
1053 2509 1139 2575 τὴν
1179 2509 1388 2575 ὑπακοὴν
1420 2516 1504 2562 τοῦ
1529 2513 1788 2579 Χριστοῦ,”
1817 2511 1940 2564 καθὰ

345 2590 626 2659 γέγραπται.

398 2720 426 2743 1.
453 2708 606 2754 δύναται]
632 2714 668 2750 —i—
690 2708 748 2744 οὖν
765 2709 806 2745 Β.
856 2711 874 2743 ὁ
892 2710 970 2746 Υἱὸς
986 2711 1095 2744 ποιεῖν
1111 2709 1178 2744 hoc
1196 2710 1318 2745 ordine
1335 2711 1381 2746 D.
1400 2713 1507 2746 ποιεῖν
1525 2713 1543 2745 ὁ
1561 2712 1630 2747 υἱὸς
1649 2711 1714 2746 Ed.
1732 2714 1842 2747 ποιεῖν
1860 2718 1939 2756 post

346 2756 466 2790 ἑαυτοῦ
484 2757 683 2801 transponit
702 2756 745 2791 B.
890 2767 922 2791 2.
947 2755 1031 2802 γὰρ]
1056 2761 1093 2798 -Ι-
1115 2756 1155 2790 ἂν
1173 2757 1252 2797 Ed„
1272 2769 1335 2802 pro
1354 2770 1424 2804 quo
1443 2759 1564 2800 ὁμοίως
1583 2759 1661 2802 (sic)
1683 2759 1725 2793 B.
1790 2761 1869 2803 ποιῇ
1890 2759 1937 2793 D.

348 2803 483 2847 Migne.
639 2813 673 2847 5.
699 2804 788 2849 αὐτῷ
809 2803 850 2838 Β.
869 2804 995 2838 ἑαυτῶν
1013 2803 1079 2837 Ed.
1236 2815 1289 2838 10.
1314 2806 1418 2849 μόνον
1436 2805 1517 2839 BD
1536 2817 1608 2850 mg.
1629 2805 1694 2840 Ed.
1713 2817 1786 2850 mg.
1806 2812 1844 2839 ut
1861 2817 1895 2840 v.
1914 2806 1937 2840 1.

345 2850 454 2892 μόνως
473 2849 520 2884 D.
539 2849 606 2885 Ed.
717 2861 770 2885 12.
797 2850 887 2897 αὐτῷ
906 2856 1129 2895 assumptum
1149 2863 1190 2885 ex
1210 2850 1250 2886 B.
1368 2861 1420 2898 17,
1448 2854 1516 2897 ὁρῶ
1536 2852 1578 2886 Β.
1692 2863 1746 2896 23.
1774 2852 1874 2886 ταύτὸ
1896 2852 1937 2886 Β.

345 2896 450 2930 ταύτὰ
468 2897 502 2931 D
522 2908 594 2941 mg.
612 2897 653 2932 τὰ
670 2896 754 2931 αὐτὰ
773 2897 819 2931 D.
839 2896 905 2931 Ed.
924 2909 954 2932 c.
973 2897 1148 2931 asterisco.
1397 2898 1453 2932 26.
1478 2898 1523 2943 μὴ
1541 2905 1764 2943 assumptum
1782 2910 1823 2932 ex
1843 2898 1938 2934 B.D.

344 2944 452 2999 ποιεῖν
466 2954 540 3023 gn).
557 2943 600 2979 B.
717 2944 772 2979 28.
797 2941 1096 2990 εἷς-γέγραπται]
1117 2943 1163 2980 εἷς
1180 2946 1332 2989 Χριστὸν
1343 2945 1428 2980 καθὰ
1445 2945 1634 2991 γέγραπται
1651 2946 1698 2982 εἷς
1714 2947 1774 2990 τὴν
1790 2945 1938 2989 ὑπακοὴν

344 3003 446 3023 ‹zm-ov
501 3016 506 3024 .

1962 1047 2011 1073 10

1962 1457 2010 1496 15

1961 1867 2010 1893 20

1960 2278 2009 2317 25
