2084 3317
110 191 137 232 i.
160 191 225 241 16,
250 201 311 243 17.
367 191 443 231 IN
485 190 527 231 S.
562 189 900 231 JOANNEM.
963 188 1087 229 LIB.
1121 189 1157 228 I.
1220 188 1355 229 CAP.
1389 187 1468 228 IX.
1619 187 1701 226 149

109 297 168 350 ἂν
204 298 376 365 πρέποι
418 300 485 368 τῷ
529 300 578 349 ἐκ
620 301 746 349 Θεοῦ
786 301 1062 364 Μονογενεΐ,
1102 295 1294 365 φύσεως
1336 295 1502 347 οἰκείας
1547 294 1701 361 ἔχοντι

108 381 290 447 καρπὸν
325 379 385 431 τὰ
422 379 542 431 κατὰ
579 379 772 432 πάντων
803 378 1206 442 πλεονεκτήματα,
1238 379 1313 428 καὶ
1351 379 1435 440 τῆς
1471 377 1701 441 πατρικῆς

109 461 336 526 ἰδιότητος
374 461 561 530 ἀξίωμα
599 461 685 525 τὴν
724 461 991 528 ὑπεροχήν,
1048 458 1174 523 οἶμαι
1220 457 1269 509 δὲ
1314 457 1463 523 ἔγωγε
1503 458 1579 508 καὶ
1619 455 1702 507 τὸν

109 545 396 611 σοφώτατον
424 547 624 594 Παῦλον
649 545 753 609 περὶ
779 545 862 606 τῆς
889 546 983 592 τῶν
1010 541 1138 593 ὅλων
1165 539 1460 601 διαλαβόντα
1484 537 1697 607 φύσεως,

68 641 89 678 5
111 629 384 690 κεκινῆσθαι
418 624 494 676 διὰ
528 625 708 676 τούτων
743 629 805 678 εἷς
837 625 1014 677 ἐννοίας
1049 626 1254 687 ἀληθεῖς,
1290 623 1411 672 οὕτω
1448 643 1497 671 τε
1532 619 1702 671 λοιπὸν

111 710 173 761 ὡς
207 707 325 775 πρὸς
359 707 445 772 τὴν
480 707 635 758 κτίσιν
666 710 809 757 εἰπεῖν
850 712 876 734 “
896 710 939 757 T
945 706 963 756 ι’
993 704 1087 772 γὰρ
1126 705 1242 772 ἔχεις
1282 703 1306 754 ὃ
1343 705 1425 754 οὐκ
1464 702 1635 763 ἔλαβες
1656 700 1699 764 ;”
1720 730 1747 771 b
1769 694 1927 776 ἔφηὴ

110 789 229 852 μετὰ
255 789 348 856 γὰρ
374 795 457 840 τοῦ
483 786 609 851 εἶναι,
637 790 712 839 καὶ
745 786 799 838 τὸ
831 788 880 838 εῦ
913 785 1027 837 εἶναι
1061 789 1261 838 τοιῶσδε
1297 785 1442 853 τυχὸν
1468 789 1526 853 τῇ
1553 784 1702 835 κτίσει

111 872 380 934 θεόσδοτον,
414 872 507 939 ἔχει
542 870 590 922 δὲ
626 870 808 921 οἴκοθεν
840 868 987 931 οὐδὲν,
1012 874 1214 920 πλουτεῖ
1245 867 1293 918 δὲ
1328 867 1472 931 μόνον
1502 865 1588 931 τὴν
1620 872 1703 917 τοῦ

112 953 319 1007 διδόντος
369 953 661 1022 φιλοτιμίαν.
743 951 1031 1015 σημειωτέον
1082 950 1130 1001 δὲ
1180 949 1343 1012 πάλιν,
1395 949 1466 1000 ὅτι
1516 948 1698 1014 πλήρη,

45 1055 90 1080 10
110 1035 368 1099 τουτέστιν,
412 1037 461 1086 ἐν
503 1039 626 1086 πᾶσι
675 1033 950 1085 παντέλειον
992 1031 1111 1084 εἶναί
1158 1036 1282 1101 φησι
1329 1029 1411 1082 τὸν
1452 1031 1582 1092 Υἱον,
1629 1032 1704 1080 καὶ

111 1123 341 1168 τοσοῦτον
367 1120 625 1185 ἀφεστῶτα
649 1122 732 1167 τοῦ
760 1114 880 1166 κατά
912 1138 956 1166 τι
987 1120 1105 1180 γοῦν
1131 1116 1290 1166 ε’πιδεᾶ
1315 1112 1615 1174 καθεστάναι,
1643 1115 1704 1166 ὡς

111 1202 186 1250 καὶ
217 1204 340 1251 πᾶσι
374 1199 605 1250 δύνασθαι
638 1202 877 1266 χορηγεῖν,
906 1198 960 1248 τὸ
987 1199 1305 1247 ἐλαττοῦσθαι
1331 1194 1705 1261 παραιτούμενον

112 1283 187 1332 καὶ
237 1284 319 1345 τῆς
371 1282 538 1334 οἰκείας
590 1282 821 1347 ὑπεροχῆς
873 1281 942 1330 ἀεὶ
1001 1278 1054 1329 τὸ
1113 1278 1308 1343 μέγεθος
1358 1278 1405 1327 ἐν
1456 1277 1704 1340 ταυτότητι

113 1363 419 1430 διασώζοντα.

1723 1449 1744 1475 e

47 1542 91 1578 15
135 1538 209 1578 Καὶ
247 1538 366 1594 χάριν
405 1537 497 1579 ἀντὶ
536 1538 722 1593 χάριτος,
759 1539 825 1580 ὅτι
867 1538 889 1579 ὁ
931 1539 1060 1585 νόμος
1100 1536 1169 1578 διὰ
1208 1536 1436 1578 ΛΛωυσέωε
1476 1535 1621 1586 ὲὸόθΗ,
1660 1536 1683 1576 ἡ
1728 1541 1772 1581 17

293 1631 412 1689 χάρις
452 1632 520 1673 καὶ
559 1633 581 1673 ἡ
622 1632 804 1673 ἀλήθεια
843 1631 911 1673 διὰ
944 1631 1086 1673 ἸΗσοῦ
1124 1632 1303 1687 Χριστοῦ
1343 1630 1528 1678 ὲΓένε-ῑτο.

188 1769 537 1836 Λαμπροτεραν
561 1772 644 1832 τῆς
679 1770 727 1820 ἐν
753 1768 934 1820 ἅπασιν
965 1767 1230 1833 ἀνθρώποις
1266 1767 1475 1819 εὐκλείας
1509 1764 1596 1828 τὴν
1622 1770 1706 1816 τοῦ

116 1855 418 1916 Μονογενοῦς
458 1850 787 1920 ἀναπεφάνθαι
827 1850 973 1918 δόξαν
1008 1848 1162 1912 εἰπὼν,
1198 1851 1274 1899 καὶ
1313 1847 1367 1900 τὸ
1407 1850 1456 1898 ἐν
1495 1845 1707 1913 ἁγιότητι

111 1934 306 1999 μέγεθος
342 1934 631 1999 ἀσύγκριτον
663 1934 789 2002 αὐτῷ
827 1932 944 1999 πρὸς
983 1932 1091 1986 τοῦς
1130 1932 1290 1997 ἁγίους
1329 1930 1577 1998 εἰσφέρων,
1613 1928 1707 1981 ἀπὸ

45 2040 94 2065 20
113 2020 206 2066 τῶν
250 2021 312 2070 εὶς
357 2017 501 2083 ἄκρον
546 2014 913 2079 ἀναβεβηκότων
960 2015 1128 2080 ἀρετῆς
1172 2017 1410 2065 ποιεῖσθαι
1454 2011 1707 2078 σπουδάζει

111 2104 194 2149 τοῦ
212 2098 518 2165 προτεθέντος
541 2103 728 2149 σκοποῦ
748 2096 833 2161 τὴν
855 2096 1112 2165 ἀπόδειξιν.
1155 2097 1259 2161 περὶ
1279 2092 1363 2158 μὲν
1385 2094 1466 2145 οὖν
1485 2093 1707 2144 Ἰωάννου

113 2184 263 2248 φησὶν
297 2182 321 2231 ὁ
357 2180 524 2245 Σωτήρ
551 2187 578 2210 ‘⁶
597 2178 753 2244 Ἀμὴν
784 2179 908 2244 ἀμὴν
941 2179 1068 2244 λέγω
1104 2179 1226 2241 ὑμῖν,
1259 2178 1341 2228 οὐκ
1378 2176 1626 2243 ἐγήγερται
1658 2166 1927 2242 ἐνάἓέξῗῗώ·

114 2269 140 2291 “
167 2268 404 2327 γεννητοῖς
463 2266 697 2327 γυναικῶν
747 2262 914 2328 μείζων
964 2259 1188 2312 Ἰωάννου
1240 2264 1323 2310 τοῦ
1384 2257 1703 2320 βαπτιστοῦ.”

114 2343 244 2394 ἀλλά
287 2345 369 2395 τὸν
411 2346 532 2395 οὕτω
577 2345 728 2409 μέγαν
771 2346 846 2395 καὶ
891 2342 1212 2410 ἀξιοζήλωτον
1250 2339 1556 2407 παρέστησεν
1598 2339 1703 2404 ἤδη,

47 2441 94 2479 25
115 2426 323 2491 καθάπερ
350 2425 488 2478 αὐτός
515 2430 680 2493 φησιν,
708 2425 1063 2491 ἀνακεκραγότα
1090 2425 1165 2475 καὶ
1192 2422 1379 2490 μεγάλῃ
1415 2421 1619 2487 λέγοντα
1649 2430 1707 2488 τῇ

232 2512 251 2521 n

114 2513 252 2577 φωνῃ
286 2509 392 2559 “‘O
430 2509 586 2558 ὀπίσω
624 2531 716 2572 μου
754 2507 1018 2575 ἐρχόμενος,
1054 2506 1324 2570 ἔμπροσθέν
1360 2527 1450 2566 μου
1490 2503 1703 2569 γέγονεν,

115 2598 142 2619 “
169 2589 240 2641 ὅτι
277 2588 463 2656 πρῶτός
500 2612 593 2650 μου
630 2588 704 2654 ἦν.

1768 2501 1874 2542 Supra

1768 2556 1836 2576 ver.
1851 2552 1899 2585 15.

710 2588 735 2605 ss

791 2588 1060 2653 ἡττωμένης
1097 2588 1145 2638 δὲ
1179 2590 1264 2651 τῆς
1288 2586 1511 2637 Ἰωάννου
1546 2584 1704 2654 δόξης,

116 2674 191 2722 καὶ
225 2670 604 2739 παραχωρούσης
639 2676 705 2740 τῷ
742 2675 1018 2735 Μονογενεΐ,
1053 2674 1155 2723 πῶς
1195 2670 1277 2719 οῦκ
1316 2668 1497 2733 ἀνάγκη
1538 2666 1708 2718 λοιπὸν

116 2753 494 2816 ἐννοεῖνμηδένα
531 2757 626 2803 τῶν
660 2753 830 2804 ἄλλων
866 2752 1014 2817 ἁγίων
1049 2755 1111 2805 εἷς
1150 2749 1204 2801 τὸ
1244 2750 1351 2800 ’ίσον
1386 2749 1709 2817 ἀναφέρεσθαι

169 2908 200 2931 2.
226 2897 308 2930 κατὰ
326 2908 395 2930 om.
417 2896 457 2929 B.
476 2897 594 2931 invitis
614 2897 766 2932 Catenis.
830 2898 889 2940 τῆς
906 2902 1129 2941 assumptum
1148 2907 1189 2928 ex
1207 2906 1236 2928 a.
1258 2893 1366 2928 Cord.
1549 2892 1582 2926 8.
1609 2893 1712 2935 μόνον

121 2943 163 2978 Β.
182 2945 285 2987 μόνην
304 2942 369 2976 Ed.
437 2943 562 2976 Statim
580 2943 640 2985 τὴν
657 2950 736 2987 post
754 2944 906 2979 διδόντος
923 2943 1121 2988 transponit
1142 2941 1182 2975 B.
1387 2950 1441 2974 10.
1467 2940 1558 2985 φησι
1576 2950 1646 2973 om.
1668 2939 1710 2973 Β.

125 3001 176 3035 19.
204 2989 376 3034 εἰσφέρων
396 2989 535 3023 B.D.E.
555 2989 688 3033 Migne.
707 2990 873 3034 εἰσφέρον
892 2989 957 3024 Ed.
1103 2999 1157 3022 21.
1184 2986 1242 3022 οὖν
1260 2993 1481 3031 assumptum
1502 2997 1542 3019 ex
1563 2985 1605 3019 E.
