2073 3296
340 191 394 230 58
742 189 792 228 B.
824 187 1099 229 CYRILLI
1141 183 1520 227 ALEXANDR.
1838 177 1864 216 i.
1886 188 1922 217 2.

339 298 394 348 δι’
422 296 630 350 ἐναντίας
665 296 910 362 ὁρίζονται,
937 296 991 346 δι’
1020 295 1073 346 οὗ
1110 293 1230 345 κατὰ
1264 293 1349 358 τὴν
1380 293 1535 343 αὐτῶν
1561 282 1926 347 ἁκαλλεστάτην

340 376 577 440 ὑπόνοιαν,
614 377 701 442 τὴν
739 383 821 428 τοῦ
863 375 1054 444 Πατρὸς
1092 375 1331 439 βούλησιν
1369 376 1393 425 ὁ
1431 373 1546 426 Υἱὸς
1587 368 1924 422 ἐκδιδάσκεται·

340 460 450 510 ἀλλ’
485 459 606 523 ὅσην
638 459 731 527 ἔχει
764 459 945 525 μωρίαν
979 459 1134 512 αὐτοῖς
1169 457 1223 508 τὸ
1257 459 1332 508 ἐπὶ
1363 454 1513 524 τούτῳ
1548 451 1716 517 δόγμα,
1743 452 1928 514 θεωρεῖν

341 541 611 606 ἀναγκαῖον.
689 541 912 603 ἐννοῆσαι
964 539 1011 589 δὲ
1062 540 1260 589 τοιῶσδε
1315 535 1546 603 προσήκει
1595 532 1678 584 τὸν
1727 532 1801 581 ἐπὶ
1861 532 1928 597 τῷ

341 620 586 687 πράγματι
632 618 886 686 λογισμόν.
954 619 1008 670 τὸ
1050 618 1208 686 πατὴρ
1251 618 1413 681 ὄνομα,
1453 619 1515 670 ὡς
1552 613 1670 681 πρὸς
1708 611 1791 663 τὸν
1829 609 1928 660 υἱὸν
1948 630 1970 668 5

305 717 327 743 θ
344 701 475 752 οὐδὲν
501 702 593 769 ἔχει
618 701 672 752 τὸ
698 701 862 765 μέσον,
889 703 950 754 ὡς
976 701 1033 769 ἐξ
1055 699 1263 766 ἀνάγκης
1290 703 1544 760 εἶσβαῖνον.
1597 696 1646 747 τί
1668 694 1762 760 γὰρ
1793 692 1928 743 ε”σται

341 782 491 846 μέσον
527 782 707 849 πατρὸς
746 781 866 849 πρὸς
904 781 1017 844 υἱὸν,
1056 780 1084 845 ἦ
1127 782 1185 831 αὖ
1226 779 1374 832 πάλιν
1413 782 1511 830 υἱοῦ
1551 776 1670 843 πρὸς
1713 773 1923 839 πατέρα,

343 864 455 914 ἀλλ’
485 863 610 930 ε’ίπερ
637 862 757 914 κατὰ
787 862 874 927 τὴν
899 864 1083 914 ἐκείνων
1109 862 1314 926 ἀμαθίαν
1340 858 1596 928 διατειχίζει
1629 862 1711 908 τοῦ
1739 854 1931 921 Πατρὸς

342 943 425 996 τὸν
455 945 574 996 Υἱὸν
610 950 960 1009 μεσολαβοῦσα
997 943 1233 1007 βούλησις
1273 944 1346 993 καὶ
1386 941 1531 1006 λόγος
1569 938 1839 1000 ἐνδιάθετος,
1877 935 1931 987 ὃν

342 1028 419 1077 καὶ
462 1025 633 1090 ταύτης
678 1024 797 1077 εἶναί
843 1030 996 1094 φασιν
1041 1023 1383 1091 ἑρμηνευτικὸν,
1431 1023 1514 1073 οὐκ
1565 1021 1624 1072 ἔτ’
1672 1019 1730 1070 ἂν
1780 1022 1930 1069 νοοῖτο
1955 1042 2003 1068 10

341 1107 498 1175 πατὴρ
526 1108 651 1161 ὅλως
677 1108 702 1157 ὁ
735 1106 919 1173 Πατὴρ,
948 1107 1059 1157 ἀλλ’
1088 1105 1194 1157 οὐδὲ
1229 1105 1322 1159 υἱὸς
1359 1107 1384 1156 ὁ
1412 1103 1539 1165 Υἱὸς,
1566 1102 1692 1168 ε’ίπερ
1724 1102 1771 1151 ἐν
1799 1100 1932 1153 ἰδίαις

342 1189 648 1241 ὑποστάσεσι
689 1192 875 1240 κεῖσθαι
921 1187 1156 1252 νοήσομεν
1196 1187 1282 1251 τήν
1319 1209 1369 1238 τε
1407 1185 1646 1249 βούλησιν
1684 1187 1766 1233 τοῦ
1805 1184 1931 1232 Θεοῦ

122 1283 179 1317 39
198 1282 247 1317 Α.
305 1272 419 1321 alca}
462 1270 546 1321 τὸν
590 1270 766 1334 ταύτην
810 1269 1166 1336 διερμηνεύοντα
1211 1268 1373 1334 λόγον.
1449 1271 1486 1318 εἰ
1532 1265 1580 1316 δὲ
1624 1263 1933 1317 ἀνυπόστατα

344 1352 564 1416 δώσομεν
591 1350 817 1418 ὑπάρχειν
843 1349 975 1414 αὐτὰ,
1002 1350 1191 1415 ἀμέσως
1231 1351 1322 1416 ἄρα
1361 1351 1434 1401 καὶ
1473 1351 1723 1415 προσεχῶς
1762 1347 1787 1396 ὁ
1818 1342 1932 1397 Υἱός

343 1435 475 1484 ἐστιν
501 1434 550 1483 ἐν
575 1436 641 1501 τῷ
666 1436 774 1501 Θεῷ
801 1434 877 1482 καὶ
905 1433 1080 1498 Πατρί·
1121 1437 1207 1483 ποῖ
1229 1431 1285 1495 δὴ
1313 1431 1404 1498 ἄρα
1431 1429 1599 1481 λοιπὸν
1626 1430 1650 1479 ὁ
1676 1425 1933 1479 ἐνδιάθετος
1957 1450 2003 1488 15

343 1513 552 1582 χωρήσει
579 1513 738 1579 λόγος,
765 1512 794 1577 ἢ
819 1518 955 1565 ποῖον
981 1513 1075 1581 ἕξει
1105 1512 1252 1565 τόπον
1279 1513 1307 1577 ἡ
1342 1511 1598 1577 βούλησις,
1628 1510 1761 1576 ἑτέρα
1799 1529 1931 1559 νοου-

344 1597 460 1661 μένη
485 1594 616 1662 παρὰ
643 1593 726 1646 τὸν
751 1594 900 1657 Υἱόν;

716 1786 849 1828 ’Άλλο
881 1789 944 1828 διὰ
974 1790 1040 1838 τῆς
1072 1789 1125 1830 εἷς
1155 1789 1302 1828 ἄτοπον
1332 1787 1558 1840 ἀπαγωγῆς.

420 1907 714 1972 Ὁμοούσιον
749 1904 863 1957 εἶναι
903 1905 1186 1969 πιστεύομεν
1223 1905 1310 1970 τὴν
1348 1906 1488 1971 ἁγίαν
1526 1908 1602 1956 καὶ
1640 1926 1935 1971 προσκυνου-

349 1989 492 2055 μένην
510 1987 709 2056 Τριάδα,
730 1986 816 2038 κᾶν
842 1988 870 2051 ἡ
895 1992 989 2038 τῶν
1009 1991 1250 2054 αἱρετικῶν
1275 1989 1419 2050 μανία
1444 1986 1509 2052 μὴ
1535 1987 1781 2051 βούληται·
1822 1986 1933 2036 ἀλλ’
1958 2012 2007 2037 20

305 2069 478 2135 ὴοῖμαι
515 2068 775 2137 προσήκειν
814 2071 887 2120 ἐπὶ
931 2073 1026 2120 τῶν
1065 2070 1331 2133 ὁμοουσίων
1369 2069 1722 2136 παραδέχεσθαι
1766 2069 1842 2119 καὶ
1881 2066 1936 2118 τὸ

349 2151 585 2216 ἀλλήλοις
623 2149 742 2202 αὐτὰ
776 2149 896 2201 κατὰ
929 2149 1085 2202 πάντα
1119 2151 1456 2217 προσεοικέναι,
1487 2150 1607 2202 κατά
1641 2173 1695 2216 γε
1729 2149 1812 2201 τὸν
1843 2153 1938 2200 τῶν

350 2238 568 2304 φυσικῶν
620 2232 882 2296 ἰδιωμάτων
934 2231 1097 2298 λόγον.
1178 2232 1302 2299 ε’ίπερ
1352 2233 1433 2283 οὖν
1485 2231 1605 2283 κατὰ
1662 2230 1748 2296 τὴν
1797 2235 1937 2283 τινῶν

351 2316 585 2378 ἀβουλίαν
621 2313 869 2381 ἐνυπάρχει
911 2317 977 2383 τῷ
1017 2317 1125 2383 Θεῷ
1166 2316 1242 2365 καὶ
1281 2316 1438 2381 Πατρὶ
1483 2313 1627 2380 λόγος
1670 2335 1740 2367 τις
1784 2313 1937 2379 ἕτερος

351 2395 610 2450 ἐνδιάθετος
647 2395 777 2462 παρὰ
815 2394 898 2446 τὸν
935 2395 1066 2458 Υὶὸν,
1106 2395 1198 2464 ἕξει
1235 2394 1423 2450 πάντως
1461 2398 1536 2447 καὶ
1575 2396 1600 2446 ὁ
1637 2394 1752 2448 Υἱὸς
1788 2394 1937 2460 λόγον
1959 2417 2006 2456 25

352 2476 613 2529 ἐνδιάθετον
646 2478 694 2528 ἐν
720 2479 883 2546 ἑαυτῷ,
910 2479 972 2530 ὡς
1004 2476 1138 2527 εἰκὼν
1163 2478 1305 2528 αὐτοῦ
1341 2478 1417 2527 καὶ
1450 2476 1821 2542 ἀπαράλλακτος
1853 2478 1937 2540 τῆς

132 2575 292 2615 Heb.i.3.
354 2557 666 2612 ὑποστάσεως
713 2557 970 2626 χαρακτὴρ,
1012 2557 1134 2609 καθὰ
1185 2558 1460 2624 γέγραπται·
1525 2558 1617 2627 ἕξει
1669 2557 1718 2608 δὲ
1769 2558 1938 2621 ὁμοίως

354 2641 479 2709 αὐτῷ
517 2642 592 2691 καὶ
630 2638 685 2691 τὸ
717 2643 914 2703 Πνεῦμα
950 2639 1005 2690 τὸ
1035 2638 1222 2705 ςἈγιον,
1263 2639 1382 2690 κατὰ
1420 2639 1506 2704 τὴν
1543 2640 1655 2703 ἰ’σην
1693 2643 1787 2690 τῶν
1825 2662 1934 2703 νοη-

316 2748 337 2774 c
355 2720 516 2785 μάτων
540 2721 818 2787 ἀναλογίαν.
868 2720 1061 2787 γέγονεν
1091 2722 1173 2772 οὖν
1207 2721 1316 2785 ἡμῖν
1345 2721 1372 2784 ἡ
1405 2720 1554 2787 Τριὰς
1587 2722 1636 2771 ἐν
1666 2723 1837 2790 διπλῷ,
1863 2722 1938 2772 καὶ

405 2892 458 2916 ῐο.
484 2881 777 2928 νοοῖτο-Πατὴρ]
798 2882 886 2918 ὅλως
902 2884 1012 2917 νοοῖτο
1029 2882 1138 2927 πατὴρ
1160 2883 1198 2916 B.
1480 2894 1532 2926 14.
1559 2883 1702 2928 ὑπάρχει
1720 2882 1874 2926 δώσομεν
1894 2882 1935 2917 Β.

353 2927 466 2971 μέσως
486 2928 526 2962 Β.
653 2939 706 2974 ¹5·
732 2932 777 2975 τῷ
796 2936 1019 2975 assumptum
1036 2941 1077 2964 ex
1096 2930 1138 2964 Β,
1262 2938 1315 2973 27.
1341 2930 1512 2975 χαρακτὴρ
1531 2936 1609 2975 post
1626 2930 1812 2975 γέγραπται
1830 2935 1873 2963 tr.
1896 2929 1936 2964 B.

354 2974 438 3008 καθὰ
459 2974 499 3008 Β.
518 2975 624 3010 καθὼς
643 2975 709 3009 Ed.
