2084 3317
130 159 198 201 vii.
219 173 286 204 21.
366 161 442 203 IN
484 163 526 205 S.
559 163 894 206 JOANNEM.
956 164 1080 206 LIB.
1114 164 1192 206 IV.
1254 165 1388 207 CAP.
1414 167 1466 208 V.
1632 168 1710 207 611

130 268 181 319 δὲ
218 270 326 321 καθ’
362 271 442 322 ἕνα
479 275 575 322 τῶν
608 272 692 323 οὐκ
729 271 919 324 εἰδότων
955 272 1038 324 τὸν
1076 275 1125 324 ἐν
1162 279 1262 328 ταῖς
1301 275 1522 328 διανοίαις
1559 275 1713 326 αὐτῶν

127 350 502 404 διαλανθάνοντα
539 354 793 420 λογισμόν.
852 355 1031 422 καρπὸς
1068 361 1318 422 τοιγαροῦν
1357 358 1645 423 δυστροπιάς
1684 359 1711 421 ἡ
1730 383 1752 405 ιι
1791 374 1870 406 418
1885 373 1937 407 A.

129 432 339 498 ἄρνησις,
366 437 441 485 καὶ
471 437 756 498 δυσσεβείας
789 440 871 501 τῆς
905 441 967 491 εἷς
993 437 1211 504 Χριστὸν
1235 437 1388 505 ἕτερος
1414 437 1606 504 τρόπος·
1655 441 1709 490 δι’

125 511 192 564 ὧν
228 513 320 582 γὰρ
365 517 693 586 ἐπιχειροῦσιν,
732 521 794 574 ὡς
837 520 919 571 οὐκ
962 517 1016 571 ὃν
1054 519 1227 584 ἀληθὲς
1267 521 1617 587 ἀποκρούεσθαι
1657 522 1711 573 τὸ

82 607 104 646 5
126 598 235 664 παρ’
300 598 443 650 αὐτοῦ
505 600 806 666 λελεγμένον,
869 603 932 656 ὡς
993 601 1300 670 ψευσάμενον
1362 605 1711 669 κατακρίνουσι,

119 679 456 745 ’προστιθέντες
506 688 536 712 “
561 683 758 747 ἀνομίαν
807 684 882 736 ἐπὶ
939 683 1025 749 τὴν
1081 684 1280 747 ἀνομίαν
1338 686 1533 749 αὐτῶν,”
1590 686 1712 738 καθὰ
1776 686 1936 761 {gjlffl'ffi‘

124 759 404 828 γέγραπται.
1726 771 1732 776 ’

317 938 322 943 -
380 907 458 950 Ἓν
496 906 620 967 ἕρπον
658 909 856 963 senodum,
893 909 962 952 καὶ
1001 910 1158 954 Πάντες
1196 912 1456 971 θαυμάζετε,

197 1010 604 1079 Ἀναγνωσόμεθα
626 1014 710 1080 μὲν
735 1015 790 1068 τὸ
816 1018 1132 1084 προκείμενον,
1160 1021 1222 1073 ὡς
1253 1020 1302 1070 ἐν
1327 1018 1571 1085 ἐρωτήσει,
1601 1023 1708 1072 καθ’

54 1116 100 1140 10
125 1094 429 1161 ὑποστιγμὴν
464 1098 540 1148 καὶ
574 1099 774 1150 τελείαν.
827 1098 958 1164 πλὴν
982 1099 1068 1164 τὴν
1092 1101 1141 1151 ἐν
1165 1104 1232 1170 τῷ
1266 1100 1398 1171 λόγῳ
1434 1100 1602 1169 τέχνην
1629 1104 1709 1154 οῦκ
1731 1110 1756 1149 b

121 1177 436 1243 ἀγνοήσομεν,
467 1180 759 1249 σοφωτάτην
792 1183 840 1233 ἐν
873 1182 1021 1252 ἑαυτῷ
1059 1182 1145 1247 τὴν
1179 1183 1446 1248 οἰκονομίαν
1480 1185 1705 1237 ὠδίνοντι.

128 1259 335 1328 ἐπιτήρει
380 1260 474 1328 γὰρ
524 1262 652 1319 ὅπως
701 1263 789 1328 τὴν
838 1265 913 1316 ἐπὶ
962 1268 1029 1336 τῷ
1078 1265 1343 1335 παρειμένῳ
1394 1267 1710 1333 γεγενημένην

123 1345 486 1410 φιλανθρωπίαν
524 1350 619 1399 τοῖς
655 1344 899 1402 Ἰουδαίοις
935 1347 1263 1416 ἐξηγούμενος,
1299 1349 1382 1399 οὐκ
1421 1348 1709 1416 ἀφυλάκτως

120 1425 250 1491 φησί
270 1426 602 1493 Τεθεράπευκα
627 1428 710 1480 τὸν
736 1429 988 1497 ἄνθρωπον
1013 1432 1062 1481 ἐν
1087 1430 1338 1500 σαββάτῳ,
1367 1433 1442 1482 καὶ
1468 1431 1544 1482 διὰ
1569 1437 1709 1483 τοῦτο

50 1520 96 1558 15
119 1506 404 1574 θαυμάζετες
457 1509 714 1578 ὑφειμένως
758 1511 806 1562 δὲ
849 1517 1041 1576 μᾶλλον
1081 1514 1156 1563 καὶ
1199 1511 1328 1564 πολὺ
1371 1514 1482 1564 λίαν
1521 1514 1705 1579 εὐπερι-

104 1589 313 1644 ’στόλως
329 1588 409 1642 ζἛν
435 1590 552 1662 ἔργον
578 1593 765 1654 ἐποίησα
791 1593 932 1661 λέγει,
958 1594 1043 1659 τὴν
1068 1596 1118 1646 ἐκ
1151 1601 1236 1647 τοῦ
1269 1593 1484 1660 πλήθους
1516 1595 1708 1661 ἄκαιρον

117 1672 382 1724 τιθασεύων
407 1672 571 1741 ὀργήν·
615 1677 692 1726 καὶ
731 1674 824 1743 γὰρ
862 1676 920 1742 ἧν
951 1678 1034 1729 οὐκ
1072 1676 1260 1732 ἀπεικὸς
1299 1677 1376 1729 διὰ
1414 1677 1499 1742 τὴν
1528 1679 1602 1729 ἐπὶ
1641 1681 1708 1746 τῷ

119 1754 359 1825 σαββάτῳ
395 1756 652 1824 δηχθέντας
683 1757 976 1825 παράβασιν,
1008 1765 1294 1811 καταλιθοῦν
1327 1759 1418 1824 ἤδη
1451 1763 1705 1825 πειρᾶσθαι
1726 1783 1747 1809 c

68 1846 75 1849 “
122 1835 205 1887 τὸν
229 1837 439 1902 Ἰησοῦν.
495 1839 840 1905 ἀκριτόβουλον
870 1841 964 1909 γάρ
997 1865 1113 1905 πως,
1139 1841 1260 1893 κατὰ
1292 1841 1400 1896 τοὺς
1434 1843 1545 1909 παρ’
1573 1839 1702 1893 ’Έλ-

46 1942 95 1967 20
119 1925 238 1981 λησι
268 1919 477 1985 ποιητὰς,
503 1922 579 1971 καὶ
616 1920 867 1990 πρόχειρον
895 1927 957 1977 εἰς
991 1923 1139 1991 ὀργὴν
1164 1925 1234 1976 ἀεὶ
1268 1924 1322 1975 τὸ
1357 1923 1543 1988 πλῆθός
1578 1925 1701 1986 ἐστι,

121 2003 198 2053 καὶ
235 2000 454 2071 λειοτάτῃ
491 2004 735 2074 συμπνοίᾳ
772 2008 830 2074 τῇ
867 2005 987 2072 πρὸς
1025 2006 1141 2074 ὅπερ
1178 2005 1238 2058 ἂν
1269 2006 1496 2068 βούλοιτο
1531 2029 1700 2073 κεχρη-

102 2082 269 2147 μένον,
304 2086 380 2135 καὶ
417 2087 480 2139 εἷς
517 2085 776 2137 ἀκάθεκτον
813 2087 994 2154 θράσος
1031 2088 1236 2143 εὐκόλως
1274 2088 1702 2155 ἀποταυρούμενον,

117 2164 408 2234 ’γοργότερον
453 2166 509 2218 δέ
546 2190 648 2222 πως
690 2168 812 2237 ἥπερ
854 2170 997 2238 ἐχρῆν
1038 2175 1102 2225 εἷς
1147 2169 1232 2225 τὰς
1275 2172 1350 2222 ἐπὶ
1394 2175 1490 2225 τοῖς
1541 2173 1704 2225 δεινοῖς

115 2249 365 2300 ἁλίσκεται
398 2248 597 2314 τόλμας.
651 2251 936 2316 ἀποστήσας
966 2259 1216 2321 τοιγαροῦν
1241 2252 1324 2305 τὸν
1348 2254 1422 2305 ἐπὶ
1447 2257 1514 2323 τῷ
1540 2253 1697 2320 πράγ-

42 2350 91 2389 25
115 2343 228 2394 ματί
265 2330 450 2396 κόμπον
481 2330 557 2382 διὰ
593 2331 648 2383 τὸ
686 2333 937 2401 χρήσιμον,
967 2334 1252 2401 πραοτάτοις
1288 2335 1374 2399 μὲν
1402 2339 1703 2404 προσχρῆται

62 2446 65 2447 ⁷
116 2411 294 2476 λόγοις,
332 2414 540 2468 ἐπιεικῶς
580 2412 630 2465 δὲ
673 2414 870 2484 σφόδρα
913 2417 1067 2486 φησίν
1100 2416 1180 2470 ιἝν
1224 2417 1341 2489 ἔργον
1380 2419 1580 2482 ἐποίησα,
1623 2423 1700 2470 καὶ

114 2494 279 2550 πάντες
307 2493 588 2567 θαυμάζετε,
630 2497 703 2566 ἐφ’
731 2497 810 2561 ἑνὶ,
838 2500 976 2569 φησὶ,
1001 2498 1168 2570 τούτῳ,
1194 2500 1343 2551 καίτοι
1374 2499 1591 2567 γεγονότι
1625 2501 1701 2553 διὰ
1720 2511 1746 2551 d

115 2574 201 2640 τὴν
223 2582 307 2629 τοῦ
341 2578 551 2642 κειμένου
586 2579 827 2647 σωτηρίαν
852 2581 928 2632 καὶ
964 2579 1097 2648 ζωὴν,
1124 2583 1186 2636 ὡς
1216 2583 1285 2634 ἐπ’
1312 2581 1525 2638 ἐκτὸποις
1555 2582 1700 2638 ὅντως

166 2745 196 2770 1.
221 2733 275 2780 δὲ]
295 2734 360 2780 γὰρ
380 2734 422 2769 Β.
591 2748 625 2778 4.
650 2736 919 2784 ἀποκρούεσθαι]
944 2743 980 2779 -i-
1002 2738 1040 2773 τὸ
1057 2738 1166 2784 παρὸν
1185 2738 1226 2772 Β.
1394 2750 1427 2785 5.
1454 2742 1639 2785 λεγόμενον
1658 2741 1701 2777 Β.

115 2781 148 2816 6.
173 2781 233 2826 τὴν
250 2782 388 2825 ἀνομίαν
405 2781 514 2816 αὐτῶν
532 2782 574 2817 Β.
594 2783 709 2829 (Vat.)
726 2784 771 2819 cf.
790 2785 825 2818 in
844 2785 891 2819 xii
910 2785 1040 2830 Proph.
1061 2795 1125 2830 792
1139 2798 1168 2820 e.
1187 2789 1227 2830 τῇ
1246 2785 1365 2831 ἀνομίᾳ
1382 2786 1460 2832 [(13
1478 2787 1556 2833 al.)]
1573 2789 1701 2822 ἑαυτῶν

116 2827 183 2863 Ed.
284 2839 337 2863 10.
363 2828 452 2871 πλὴν
469 2828 545 2874 τὴν]
565 2829 625 2872 τὴν
641 2830 701 2875 τὴν
718 2831 803 2876 preli
821 2831 1016 2876 sphalmate
1033 2832 1200 2866 exhibent
1217 2834 1428 2878 exemplaria
1446 2834 1593 2869 Aubcrti
1611 2847 1700 2869 non-

116 2876 213 2909 nulla
229 2874 324 2909 unde
340 2875 400 2919 τὴν
419 2875 528 2910 edidit
547 2876 681 2921 Migne.
874 2889 928 2913 ΙΙ.
955 2879 990 2913 ἐν
1007 2879 1096 2924 αὐτῷ
1118 2879 1159 2913 Β.
1233 2880 1400 2925 ὠδίνοντι]
1421 2881 1465 2915 ὡς
1483 2882 1590 2915 δεινόν
1606 2897 1637 2916 τι
1658 2882 1698 2916 Β.

114 2932 169 2957 21.
207 2922 364 2966 λειοτάτῃ
391 2923 562 2968 συμπνοίᾳ
589 2923 693 2958 edidi.
721 2925 896 2968 λειοτάτης
926 2926 1116 2969 συμπνοίας
1146 2925 1186 2960 Β.
1213 2928 1407 2971 τελειοτάτη
1438 2929 1606 2973 συμπνοίᾳ
1635 2928 1702 2964 Ed.

115 2968 170 3004 26.
199 2969 310 3014 φησίν
327 2981 396 3004 om.
417 2968 459 3004 B.
605 2971 660 3005 28.
688 2970 738 3006 ἐπ’
757 2971 927 3017 ἐκτόπως]
948 2973 1108 3008 ἐκτόπους
1130 2972 1169 3007 Β.

845 3040 956 3079 412
