2084 3317
106 153 263 205 vii.46.
355 152 427 193 IN
473 152 515 195 S.
550 151 886 193 JOANNEM.
951 150 1151 191 LIRV.
1215 150 1347 191 CAP.
1382 151 1441 191 H.
1614 151 1695 190 703

106 260 272 327 ζοντες.
334 262 442 311 ἀλλ’
486 260 599 327 ὅπερ
643 259 700 324 ἧν
739 261 892 312 αὐτοῖς
934 261 982 309 ἐν
1022 258 1249 327 ὑποψίαις
1296 259 1518 321 κείμενον,
1557 263 1696 308 τοῦτο

103 342 332 396 παθόντες
360 342 669 410 ὑπέστρεψαν
695 345 736 393 οἱ
764 342 873 407 παρ’
903 341 1056 391 αὐτῶν
1082 340 1450 402 ἀπεσταλμένοι,
1478 342 1553 389 καὶ
1581 338 1697 403 ὅπερ

104 423 161 488 ἧν
180 423 298 478 εἰκὸς
326 425 634 492 ἀποφρίττειν
662 423 930 484 ἀκούοντας,
953 424 1027 473 καὶ
1054 423 1142 489 οὐχ
1169 420 1351 475 ἑκόντες
1378 421 1694 481 διδάσκονται,

105 510 181 556 καὶ
215 511 312 559 τοῖς
345 505 475 572 παρὰ
507 506 701 571 γνώμην
733 507 985 569 ὁμιλοῦσιν
1011 502 1249 568 ἀδοκήτως
1283 502 1530 556 ἀκούοντες
1557 500 1694 554 Οὐδε-

62 599 84 637 5
106 612 212 640 ποτε
239 588 454 648 ἐλάλησεν
482 588 614 643 οὕτως
640 587 872 655 ἄνθρωπος.

179 670 374 735 Ἐπειδὴ
409 669 457 722 δὲ
495 674 556 725 εἰς
591 670 857 735 ἀπολογίαν
890 674 973 720 τοῦ
1008 668 1072 733 μὴ
1107 669 1302 734 ἀγαγεῖν
1327 666 1409 719 τὸν
1438 666 1614 733 Κύριον
1640 666 1698 716 τὰ

105 751 298 803 τοιαῦτά
334 758 473 821 φασι,
503 753 614 821 φέρε
655 751 711 816 δὴ
750 751 898 803 πάλιν
930 751 1297 814 ἐκπλατύνωμεν
1329 754 1391 803 εἰς
1430 748 1605 814 λόγους
1643 749 1696 800 τὸ

105 833 216 899 παρ’
244 835 397 885 αὐτῶν
426 835 678 900 εἰρημένον,
704 838 948 900 πανταχοῦ
979 836 1062 897 τῆς
1097 833 1359 900 σαφηνείας
1391 836 1485 882 τῶν
1511 838 1690 882 λαλου-

104 915 257 979 μένων
291 915 632 984 φροντίζοντες.
691 919 728 967 εἰ
765 915 858 982 γὰρ
897 919 955 983 τῇ
993 914 1214 979 μαθήσει,
1254 916 1391 984 φησί,
1432 918 1526 964 τῶν
1565 917 1736 979 ἱερῶνο

36 1022 85 1047 10
104 999 408 1066 ἐντρυφῶμεν
458 996 770 1065 γραμμάτων,
821 1002 858 1048 εἰ
913 996 1021 1051 τοὺς
1078 999 1228 1051 θείους
1286 999 1580 1063 ἐπαυχοῦμεν
1629 995 1699 1046 ὅτι

103 1080 451 1144 πεπαιδεύμεθα
503 1080 686 1143 νόμους,
731 1083 768 1130 εἰ
819 1079 905 1143 τὴν
950 1079 1143 1148 σοφίαν,
1190 1081 1251 1133 ὡς
1300 1077 1462 1146 χρῆμά
1511 1101 1556 1128 τι
1606 1082 1701 1128 τῶν

105 1163 436 1229 ὑπερκοσμίων
481 1164 676 1228 ἀγαθῶν
721 1160 1030 1227 θαυμάζομεν,
1072 1162 1121 1212 τί
1161 1164 1512 1221 δυσσεβοῦντες
1553 1158 1697 1210 ἐλαύ-

107 1266 248 1307 νομεν
281 1243 364 1295 τὸν
401 1246 522 1295 οὕτω
557 1243 731 1312 σοφὸν,
759 1246 1007 1306 ἀδικοῦμεν
1039 1243 1088 1294 δὲ
1126 1244 1179 1294 οῦ
1215 1244 1412 1309 μετρίως
1447 1241 1501 1293 ὃν
1527 1242 1701 1307 ἥκιστα

105 1325 212 1393 χρὴ,
240 1327 389 1377 καίτοι
423 1330 615 1390 μᾶλλον
646 1327 771 1395 αὐτῷ
805 1325 890 1390 τὴν
921 1326 1160 1394 ἐξαίρετον
1187 1330 1538 1393 χρεωστοῦντες
1573 1324 1694 1389 ἀγά-

40 1424 87 1462 Ι5
106 1427 272 1472 πησιν·
316 1408 447 1459 ἀλλὰ
474 1410 549 1459 καὶ
576 1413 674 1462 τοῖς
699 1409 748 1458 ἐκ
776 1406 920 1471 νόμου
951 1406 1178 1461 κινδύνοις
1213 1407 1296 1461 τὰς
1327 1408 1506 1458 ἑαυτῶν
1533 1406 1694 1457 ὑποτί-

106 1493 247 1553 θεμεν
290 1488 519 1558 κεφαλὰς,
562 1492 718 1559 ἀθῷον
760 1492 835 1540 καὶ
880 1489 1056 1540 δίκαιον
1099 1489 1391 1556 παραλόγως
1432 1489 1699 1539 ἀποκτεῖναι
1761 1494 1923 1578 ξξέξῐζᾶ·

106 1570 432 1640 διψήσαντες;
487 1571 663 1637 ταύτην
701 1571 760 1622 ἂν
801 1571 987 1625 εἰκότως
1030 1573 1208 1622 ὠδίνειν
1249 1570 1335 1635 τὴν
1377 1570 1556 1621 ε”ννοιαν
1591 1567 1746 1623 τοὺςᾶ
1846 1563 1852 1570 ’
1893 1560 1901 1568 ⁸

105 1653 238 1721 παρὰ
261 1659 357 1705 τῶν
384 1656 627 1721 ὑπηρετῶν
654 1653 914 1719 οἰησόμεθα
946 1654 1138 1719 λόγους.
1195 1651 1322 1717 οἶμαι
1357 1652 1405 1703 δὲ
1440 1652 1591 1718 ε”γωγε
1626 1653 1700 1702 καὶ

106 1736 383 1804 πικρότερόν
412 1760 456 1788 τι
492 1736 851 1800 διεσκεμμὲνους
886 1739 1028 1787 εἰπεῖν
1055 1734 1284 1788 Οὐδέποτε
1321 1736 1537 1795 ἐλάλησεν
1570 1734 1700 1789 οὕτως

38 1839 89 1864 20
107 1817 341 1888 ἄνθρωπος’
383 1818 528 1882 μόνον
561 1817 654 1885 γὰρ
688 1819 791 1886 οὐχὶ
826 1817 965 1870 τοῦτό
1000 1823 1153 1886 φασιν
1180 1819 1285 1869 Οὐκ
1319 1815 1527 1882 εὐλόγως
1562 1817 1697 1867 ε’παι-

106 1905 276 1952 τιᾶσθε
312 1902 411 1952 νυνὶ
446 1903 688 1967 διαγαγεῖν
715 1901 798 1951 οὐκ
836 1900 1132 1968 ἰσχύσαντας
1167 1903 1230 1954 ὡς
1269 1901 1387 1964 ὑμᾶς
1421 1897 1504 1950 τὸν
1531 1898 1694 1965 ζητού-

105 2004 263 2048 μενον·
305 1988 406 2037 πῶς
439 1982 533 2049 γὰρ
570 1982 628 2034 ἄν
658 2006 727 2036 τις
767 1985 842 2034 καὶ
881 1984 964 2034 οὐκ
1004 1983 1173 2050 ἔχοντα
1211 1980 1436 2044 βιάσαιτο
1474 1980 1556 2032 τὸν
1582 1980 1700 2031 ὅσον

107 2070 168 2120 εἰς
194 2064 369 2132 λόγους
395 2067 524 2116 θείαν
549 2065 718 2133 ἔχοντα
746 2064 929 2134 φύσιν;
975 2064 1136 2116 ἐλάλει
1171 2063 1265 2131 γὰρ
1298 2066 1386 2132 οὐχ
1417 2067 1479 2118 ὡς
1511 2063 1695 2130 ἅνθρω-

105 2171 208 2211 πος,
235 2147 341 2199 οὐδὲ
367 2147 494 2213 ἦσαν
521 2148 756 2217 ἀνθρώπῳ
790 2147 1048 2214 πρέποντες
1079 2151 1121 2198 οἱ
1147 2148 1256 2214 παρ’
1286 2147 1428 2197 αὐτοῦ
1454 2144 1701 2211 γεγονότες

38 2246 88 2284 25
109 2228 263 2295 λόγοι,
290 2234 398 2299 Θεῷ
425 2229 472 2280 δὲ
499 2233 691 2292 μᾶλλον
718 2233 783 2298 τῷ
819 2229 939 2280 κατὰ
975 2229 1125 2299 φύσιν
1151 2228 1516 2295 ἀκατηγορήτως
1546 2227 1693 2293 ἁρμό·
1717 2253 1740 2281 e

110 2311 277 2378 ζοντες.
330 2312 509 2376 λεγέτω
540 2309 633 2376 γάρ
665 2333 734 2364 τις
762 2314 799 2361 εἰ
826 2311 1145 2375 διαμέμνηται,
1173 2312 1312 2377 φασὶ,
1338 2332 1407 2362 τις
1432 2313 1526 2359 τῶν
1553 2309 1701 2373 ἁγίων

108 2396 371 2461 προφητῶν
398 2393 649 2460 χείμαῤῥον
675 2392 840 2443 ἑαυτὸν
866 2393 1107 2444 ἁλώσεται
1134 2392 1303 2458 λε’γων,
1330 2390 1359 2456 ἢ
1391 2390 1459 2444 τίς
1491 2389 1695 2441 ἀπετόλ-

388 2479 408 2487 Α

108 2497 263 2539 μησεν
289 2478 430 2525 εἰπειν
457 2481 484 2503 “
505 2474 570 2525 Εἴ
602 2497 669 2527 τις
709 2477 845 2544 διψᾷ,
873 2474 1086 2542 ἐρχέσθω
1119 2475 1237 2540 πρὸς
1272 2472 1329 2538 μὲ
1364 2474 1442 2523 καὶ
1478 2471 1698 2524 πινέτω·”
1762 2481 1869 2522 Supra

160 2556 170 2571 1
211 2556 219 2562 ·
286 2555 297 2572 x
339 2556 349 2569 c
391 2560 410 2569 A
503 2556 512 2570 9
551 2554 565 2569 x
641 2557 651 2571 ε
741 2558 754 2572 r
880 2556 902 2574 π]
1165 2558 1184 2567 Α
1284 2556 1294 2570 e
1535 2554 1546 2569 t
1665 2557 1674 2571 9
1762 2536 1829 2556 ver·
1845 2532 1899 2565 37·

108 2579 223 2608 ποτε
249 2559 298 2606 δε
323 2579 433 2619 ημιν
459 2578 597 2608 αυτος
633 2579 657 2606 ο
689 2579 837 2622 μεγας
872 2561 963 2625 εφη
993 2559 1212 2619 Μωυσης
1238 2562 1265 2584 “
1301 2559 1347 2606 O
1374 2577 1613 2605 πιστευων
1640 2576 1701 2606 εις
1762 2568 1858 2599 Infra
1870 2569 1915 2599 xi.

39 2661 92 2698 30
109 2645 136 2668 “
162 2637 254 2700 ἐμὲ,
283 2637 386 2699 [κᾶν
413 2635 642 2705 ἀποθάνῃ,
669 2636 891 2703 ζήσεταιἼ
940 2640 1143 2701 ποταμοὶ
1168 2639 1218 2687 ἐκ
1243 2640 1327 2701 τῆς
1352 2637 1532 2689 κοιλίας
1559 2636 1701 2685 αὐτοῦ
1763 2621 1870 2696 Ξῗιρηι

162 2746 191 2768 1.
218 2733 354 2777 ὑποψίᾳ
372 2744 403 2766 a.
549 2743 580 2767 2.
606 2733 858 2778 ἀπεσταλμένοι
876 2745 906 2767 a.
927 2733 1130 2777 ἐσταλμένοι
1148 2733 1216 2767 Ed.
1361 2733 1394 2767 8.
1419 2732 1640 2776 λαλουμένων
1658 2732 1701 2766 Β.
1764 2709 1830 2730 ver.
1849 2699 1901 2738 38.

109 2780 305 2822 ἁλουμένων
325 2779 457 2820 ΗοΙεῑ.,
477 2779 573 2813 unde.
590 2780 805 2823 δηλουμένων
822 2781 980 2825 conjecit,
998 2786 1038 2814 ut
1056 2779 1201 2814 adnotat
1218 2779 1304 2824 ipse,
1322 2779 1418 2813 Aub.
1575 2790 1627 2813 10.
1653 2778 1700 2824 εἶ]

111 2827 159 2862 εἷς
179 2826 218 2860 Β.
239 2826 304 2860 Ht.
455 2837 508 2860 ΙΙ.
535 2826 564 2859 εἷ
583 2826 625 2860 Β.
644 2827 778 2871 Migne.
797 2827 844 2862 εἷς
866 2828 928 2860 Ht.
949 2826 1015 2860 Ed.
1170 2837 1224 2871 19.
1250 2825 1355 2862 οὕτως
1372 2826 1545 2868 ἐλάλησεν
1562 2826 1703 2859 inverso

113 2873 236 2908 ordine
253 2885 284 2907 a.
370 2883 424 2907 22.
444 2873 502 2906 οὐκ
520 2873 642 2917 ἔχοντα
660 2884 729 2907 om.
745 2874 889 2915 Migne:
917 2873 980 2918 οὐχ
999 2875 1115 2907 ἑκόντα
1134 2873 1273 2917 conjicit
1292 2873 1422 2918 Heyse.
1505 2883 1560 2917 23·
1579 2873 1642 2917 οὐχ
1660 2873 1704 2908 ὡς

114 2920 210 2954 Aub.
229 2931 246 2953 e
266 2919 343 2954 Cat.
361 2920 405 2955 ὡς
422 2919 481 2953 οὐκ
501 2919 543 2953 Β.
567 2919 629 2954 Ht.
727 2930 782 2965 27.
806 2916 978 2954 ἁλώσεται
996 2919 1159 2953 emendat
1178 2919 1308 2964 Heyse.
1325 2920 1515 2954 αλλοσεται
1535 2919 1577 2952 Β.
1596 2918 1703 2953 ἁλλό-

114 2981 216 3011 μενον
234 2966 300 3001 Ht.
321 2966 388 3001 Ed.
438 2965 630 3000 Abbreviat
648 2966 807 3001 Niketas.
945 2978 1001 3011 30.
1028 2966 1087 3001 κᾶν
1104 2966 1268 3010 ἀποθάνῃ,
1287 2965 1424 3010 ζήσεται
1442 2977 1512 3000 om.
1532 2977 1560 2999 a.
