2084 3317
114 2161 206 2192 Hier,
227 2172 256 2191 v.

117 2214 166 2235 21.

119 2403 132 2423 2
151 2394 226 2424 Cor.

117 2438 158 2467 iv.
178 2448 207 2477 4.

328 173 408 211 180
728 177 776 216 B.
811 177 1083 218 CYRILLI
1125 177 1507 219 ALEXANDR.
1708 175 1734 216 i.
1755 188 1822 230 32,
1840 184 1907 229 33-

326 282 439 331 ἱέναι
486 283 660 348 λόγων·
719 286 821 335 ε”στι
866 286 1015 351 γεμὴν
1060 288 1146 353 οὐχ
1192 287 1355 351 ἑτέρως
1405 286 1465 337 τὰ
1509 289 1558 336 ἐκ
1603 288 1684 348 τῆς
1729 285 1912 333 ἐκείνων

327 362 616 428 δυστροπίας
654 367 1051 432 ἀποκρούσασθαι
1089 367 1272 431 βλάβη.
1341 367 1412 418 διὸ
1450 367 1506 431 δὴ
1545 366 1692 418 πάλιν
1723 368 1912 432 ἐροῦμεν

327 444 482 497 αὐτοῖς
515 449 573 495 Εἰ
601 446 676 497 ὅτε
703 447 896 512 γε’γονεν
922 448 1169 514 ἅνθρωπος
1197 450 1221 499 ὁ
1246 454 1330 500 τοῦ
1357 453 1481 500 Θεοῦ
1510 448 1680 514 Λόγος,
1706 446 1811 498 τότε
1838 448 1912 496 καὶ

329 525 561 591 ἁγιάζεται
588 527 641 578 τὸ
671 532 865 589 Πνεῦμα
893 531 1076 586 λαβών*
1121 528 1213 596 πρὸ
1241 529 1289 581 δὲ
1316 533 1398 594 τῆς
1428 529 1825 596 ε’νανθρωπήσεως
1856 525 1914 590 ἧν

289 608 375 656 οέν
413 610 577 676 μορφῇ
619 612 695 659 καὶ
733 612 781 660 ἐν
821 611 1005 674 ἰσότητι
1042 617 1126 662 τοῦ
1170 611 1371 678 Πατρὸς,
1411 613 1540 662 οὔπω
1579 613 1678 662 κατ’
1719 610 1956 663 ἐκείνους5

328 689 627 753 ἡγιασμένος,
667 689 766 756 ὥρα
811 692 965 757 λε’γειν
1010 692 1457 757 ἀποτολμήσαντας,
1498 693 1632 758 ἅγιον
1677 693 1758 743 οὐκ
1803 689 1916 742 εἶναι

327 770 409 820 τὸν
436 770 562 821 Θεὸν
589 774 664 822 καὶ
693 773 900 837 Πατέρα,
925 774 1052 840 ε’ίπερ
1080 774 1203 828 ὅλως
1241 776 1266 826 ὁ
1300 773 1586 843 σύμμορφός
1618 796 1669 825 τε
1704 776 1780 824 καὶ
1811 773 1916 826 ’ίσος

328 852 453 920 αὐτῷ
488 852 608 903 κατὰ
637 853 794 905 πάντα
822 855 993 921 Λόγος,
1021 856 1151 922 ἅγιος
1187 857 1269 907 οὐκ
1301 856 1359 921 ἦν
1391 859 1438 907 ἐν
1465 858 1602 923 ἀρχῇ,
1631 857 1679 906 ἐν
1704 855 1917 921 ὑστέροις

328 932 375 983 δὲ
414 933 553 996 μόλις
593 942 733 987 τοῦτο
775 937 938 1002 γε’γονε
981 944 1171 1003 καιροῖς.
1246 941 1320 989 καὶ
1359 937 1521 997 πάλιν,
1561 941 1597 987 εἰ
1637 937 1775 990 αὐτός
1813 939 1917 987 ἐστι

329 1016 496 1081 κυρίως
531 1018 556 1067 ὁ
591 1023 673 1068 τοῦ
701 1021 825 1069 Θεοῦ
853 1017 1010 1084 Λόγος
1048 1019 1101 1070 τὸ
1130 1024 1326 1083 Πνεῦμα
1360 1018 1636 1082 λαμβάνων,
1662 1020 1737 1069 καὶ
1772 1020 1912 1084 ἁγια-
1940 1041 1987 1064 10

330 1097 519 1163 ζόμενος
572 1100 620 1149 ἐν
665 1100 757 1168 ἰδίᾳ
810 1100 967 1168 φύσει,
1013 1101 1286 1166 λεγέτωσαν
1332 1102 1440 1165 ἡμῖν
1484 1105 1525 1152 οἱ
1577 1102 1630 1151 δι’
1684 1101 1912 1160 ἐναντίας,

328 1177 528 1244 πότερόν
553 1203 667 1231 ποτε
694 1182 858 1248 μείζων
885 1184 1050 1234 ἑαυτοῦ
1076 1182 1267 1248 γέγονεν
1293 1182 1320 1248 ἢ
1347 1180 1615 1246 ἐλάττων,ἢ
1643 1184 1718 1233 καὶ
1745 1181 1919 1244 ἔμεινεν

285 1269 309 1310 d
329 1262 377 1311 ἐν
403 1262 649 1326 ταυτότητι
683 1269 822 1314 τοῦτο
857 1264 1037 1315 παθών.
1095 1268 1132 1314 εἰ
1167 1263 1252 1328 μὲν
1276 1264 1370 1330 γὰρ
1406 1264 1537 1315 οὐδὲν
1565 1266 1614 1314 ἐκ
1648 1268 1731 1314 τοῦ
1760 1264 1913 1314 Πνεύ-

329 1365 475 1404 ματος
502 1344 596 1410 ε”χει
621 1344 676 1395 τὸ
702 1345 866 1408 πλέον,
891 1345 1017 1408 μένει
1052 1345 1100 1396 δὲ
1135 1347 1256 1397 οὕτω
1293 1345 1504 1412 καθάπερ
1539 1344 1596 1410 ἦν
1623 1347 1648 1396 ὁ
1675 1344 1827 1407 αὐτὸς,
1853 1343 1918 1408 μὴ

329 1425 645 1491 σκανδαλίζου
685 1425 950 1489 μανθάνων,
992 1427 1064 1478 ὅτι
1110 1427 1438 1492 καταβέβηκεν
1477 1429 1545 1478 ἐπ’
1588 1430 1727 1478 αὐτόν.
1793 1430 1831 1477 εὶ
1872 1424 1919 1477 δὲ
1943 1446 1989 1484 15

330 1506 525 1571 ἠδικηθη
577 1508 763 1570 λαβὼν,
812 1511 887 1560 καὶ
938 1532 1132 1575 γεγονεν
1179 1512 1226 1560 ε’ν
1268 1509 1507 1571 ἐλάττοσι,
1551 1508 1766 1572 ’παθητὸν
1808 1508 1919 1593 ἡμῖν

329 1589 551 1642 εἷσοισεις
602 1613 684 1640 τον
737 1589 911 1656 Λόγον,
964 1615 1039 1642 και
1092 1615 1436 1658 κατηγορησεις
1485 1594 1569 1656 τῆς
1619 1591 1784 1645 οὐσιας
1835 1596 1923 1642 τοῦ

332 1670 524 1736 Πατρος
569 1673 838 1726 ἀδικοῦντος
882 1678 1075 1736 μᾶλλον
1115 1673 1142 1738 ὴ
1191 1673 1488 1740 οἰγιάῷντος.γ
1544 1696 1582 1724 ει
1627 1672 1676 1724 δε
1721 1673 1922 1736 ἀμείνων

331 1753 514 1818 ἐδείχθη
549 1752 602 1803 τὸ
633 1757 830 1817 Πνεῦμα
861 1755 1043 1816 λαβὼν,
1071 1755 1127 1820 ἧν
1153 1756 1201 1806 δὲ
1240 1757 1316 1806 καὶ
1351 1757 1398 1806 ἐν
1423 1759 1588 1823 μορφῇ
1624 1758 1700 1806 καὶ
1737 1756 1922 1819 ἰσότητι

332 1840 414 1884 τοῦ
443 1834 634 1900 Πατρὸς
670 1859 745 1886 και
781 1839 893 1901 πρὶν
927 1836 1069 1887 αὑτὸν
1095 1841 1412 1901 βελτιωθῆναι
1446 1839 1553 1888 καθ’
1583 1839 1715 1901 ὑμᾶς,
1742 1838 1824 1887 οὐκ
1860 1858 1922 1890 εις
1942 1858 1990 1882 20

294 1942 316 1968 e
334 1915 568 1982 ἀκρότητα
597 1916 740 1986 δόξης
772 1918 1065 1983 ἀναβεβηκεν
1094 1920 1118 1968 ὁ
1147 1918 1329 1986 Πατὴρ.
1357 1920 1469 1970 ἀλλ’
1499 1922 1546 1970 ἐν
1571 1920 1756 1973 ἐκεινοις
1786 1941 1922 1970 εσται

333 2002 429 2051 τοῖς
453 2020 650 2064 μετροις,
678 2001 726 2050 ἐν
753 1999 923 2066 οἷσπερ
950 1999 1006 2064 ἦν
1033 2023 1124 2051 συν
1151 2003 1277 2051 αὐτῶ
1302 2000 1589 2069 σύμμορφός
1622 2024 1671 2051 τε
1708 2004 1784 2052 καὶ
1818 1999 1923 2054 ’ίσος

336 2077 560 2147 ὑπάρχων
593 2081 617 2130 ὁ
650 2081 769 2146 πρὸς
804 2105 858 2132 το
893 2082 1048 2149 μεῖζον
1080 2053 1392 2148 ἀναπηδήσας
1418 2082 1545 2136 Υἱός.
1604 2084 1816 2146 εὔκαιρον
1842 2083 1923 2133 οῦν

336 2159 463 2223 οἶμαι
508 2162 664 2227 λέγειν
710 2165 784 2214 ἐπὶ
829 2169 925 2217 τοῖς
970 2165 1264 2219 ἀπαιδεύτοις
1306 2168 1549 2231 αἱρετικοῖς
1589 2173 1616 2194 “
1641 2165 1763 2216 Ἰδοὺ
1807 2163 1924 2218 λαὸς

338 2251 363 2272 “
389 2243 545 2308 μωρὸς
584 2248 658 2295 καὶ
697 2245 929 2312 ἀκάρδιος,
961 2248 1203 2315 ὀφθαλμοὶ
1244 2249 1398 2300 αὐτοῖς
1438 2250 1511 2298 καὶ
1551 2249 1604 2298 οὐ
1638 2249 1921 2310 βλέπουσιν,
1945 2272 1992 2310 25

337 2333 365 2353 ‘⁴
390 2323 487 2376 ὦτα
522 2327 677 2380 αὐτοῖς
715 2330 789 2377 καὶ
826 2329 908 2378 οὐκ
944 2327 1239 2379 ἀκούουσιν·”
1288 2329 1608 2398 ἀπετύφλωσε
1647 2329 1740 2395 γὰρ
1780 2329 1925 2382 ὅντως

338 2415 364 2436 6⁶
401 2408 410 2421 ‘

392 2430 416 2457 ο
445 2408 547 2461 θεὸς
574 2414 656 2458 τοῦ
684 2413 849 2462 αἰῶνος
881 2410 1047 2460 τούτου
1077 2409 1137 2461 τὰ
1166 2409 1376 2475 νοήματα
1403 2416 1497 2461 τῶν
1524 2413 1756 2474 ἀπίστων,
1783 2416 1844 2465 εἷς
1870 2411 1925 2462 τὸ

337 2495 364 2517 “
391 2488 455 2553 μὴ
485 2489 695 2555 αὐγάσαι
729 2489 812 2541 τὸν
839 2489 1093 2557 φωτισμὸν
1119 2498 1201 2542 τοῦ
1237 2493 1514 2558 εὐαγγελίου
1548 2496 1630 2556 τῆς
1665 2492 1808 2562 δόξης
1843 2499 1925 2544 τοῦ

390 2703 418 2725 1.
446 2691 546 2736 ἰέναι]
566 2690 648 2726 εἶναι
669 2692 710 2726 Β.
931 2705 964 2738 3.
992 2693 1042 2727 ὅτι
1061 2705 1123 2738 pro
1142 2694 1195 2727 ὅτε
1217 2694 1258 2728 Β.
1340 2696 1414 2728 τότε
1433 2707 1502 2730 om.
1522 2695 1657 2740 Migne.
1723 2695 1849 2730 Statim
1872 2697 1926 2731 καὶ

338 2745 559 2781 assumptum
579 2751 618 2772 ex
640 2739 682 2772 Β.
861 2749 893 2784 5.
920 2740 954 2774 ἐν
972 2741 1030 2774 alt.
1049 2747 1272 2785 assumptum
1290 2752 1331 2775 ex
1352 2741 1393 2776 Β.
1579 2751 1610 2787 7.
1636 2741 1740 2788 ὅλως]
1760 2742 1862 2778 ὅντως
1885 2743 1924 2778 Β.

344 2795 394 2828 13.
422 2785 519 2819 οὐδέν
539 2792 616 2829 post
635 2785 829 2829 Πνεὺματος
847 2787 1044 2831 transponit
1066 2787 1106 2820 Β.
1402 2798 1453 2833 ῐ7.
1480 2789 1648 2833 ἐνεργείας
1666 2801 1728 2833 pro
1746 2790 1863 2825 οὐσίας
1885 2789 1925 2824 Β.

344 2842 394 2874 ιι)
422 2832 474 2865 καὶ
493 2833 590 2875 prius
608 2844 677 2866 om.
699 2832 738 2866 B.
952 2844 1005 2878 23.
1032 2832 1090 2867 οὐν
1106 2846 1177 2867 om.
1197 2833 1238 2867 B.
1459 2835 1513 2869 2.6
1544 2836 1639 2870 Haec
1657 2836 1725 2870 ὦτα
1743 2837 1855 2871 αὐτοῖς
1873 2837 1926 2870 καὶ

339 2892 398 2909 ουκ
417 2878 599 2913 ἀκούουσιν
616 2886 798 2923 assumpta
815 2891 855 2913 ex
879 2879 918 2913 B.
1092 2882 1146 2914 28
1174 2881 1355 2934 &argu-ydrum
1376 2882 1416 2915 Β.
1438 2883 1496 2916 sed
1517 2883 1560 2916 cf.
1579 2895 1685 2927 Supxa
1703 2883 1747 2916 88
1765 2894 1794 2916 c.
1817 2882 1926 2928 [διαυ-

338 2924 442 2966 γιὶσαι
466 2925 500 2958 in
525 2925 585 2959 Es.
605 2936 645 2970 55
636 2936 671 2967 ,2
691 2937 720 2966 c,
746 2925 814 2970 690
832 2937 850 2960 c
873 2938 892 2959 a
908 2925 1174 2961 Tischendolfio
1198 2928 1266 2965 cit.
1286 2928 1319 2961 in
1348 2929 1390 2962 xii
1416 2928 1544 2973 Proph.
1564 2928 1630 2964 602
1650 2941 1687 2964 c:
1715 2929 1862 2974 αὐγάσαι
1884 2929 1926 2963 de

339 2976 430 3003 recta
450 2970 515 3004 fide
534 2972 577 3005 66
597 2972 618 3005 b
637 2971 957 3019 aTiscl1end.cit.]
