2084 3317
333 175 410 214 178
730 176 778 215 B.
811 175 1086 216 CYRILLI
1128 175 1508 216 ALEXANDR.
1715 175 1741 214 i.
1761 187 1829 229 32,
1850 186 1913 229 33.

326 281 383 350 ἐξ
415 283 557 346 αὐτῆς
593 284 886 352 ἀποτέξεται,
913 287 988 334 καὶ
1022 283 1202 349 γυμνὸν
1227 284 1337 347 ἡμῖν
1362 289 1456 334 τῶν
1482 285 1600 351 αὐτῇ
1636 282 1917 349 προσόντων

327 363 590 427 ἰδιωμάτων
629 364 711 415 τὸν
746 369 912 415 οἰκεῖον
952 365 1192 416 ἀποδώσει
1231 364 1443 431 καρπόν;
1499 369 1535 416 εἰ
1574 365 1667 430 γὰρ
1707 364 1797 431 ε”χει
1836 362 1918 413 τὸν

327 445 569 510 ἁγιασμόν
607 446 823 509 ἐπακτὸν,
857 449 919 500 ὡς
956 448 1114 497 ἐκεῖνοι
1154 447 1407 511 ληροῦντές
1446 453 1611 515 φασιν,
1641 445 1823 511 ἀνάγκη
1862 443 1919 507 δὴ

326 525 474 576 πάλιν
511 532 650 578 πᾶσα
687 532 1036 592 συνομολογεῖν
1076 529 1151 578 καὶ
1191 530 1277 595 οὐχ
1316 527 1506 581 ἑκόντας
1545 526 1726 589 αὐτοὺς,
1761 529 1823 579 ὡς
1861 524 1919 589 ἧν

326 606 411 670 μὲν
446 607 578 672 ἅγιος
616 610 699 659 οὐκ
737 610 822 660 ἀεί·
876 610 1041 675 γε’γονε
1082 609 1131 659 δὲ
1173 610 1385 675 ὕστερον,
1420 609 1495 660 ὅτε
1534 611 1609 660 καὶ
1643 611 1700 660 Τὸ
1739 610 1917 675 Πνεῦμα.

331 689 660 753 καταβέβηκεν
687 692 755 741 ἐπ’
785 690 925 753 αὐτὸν,
952 693 1013 744 ὡς
1050 691 1074 740 ὁ
1099 689 1320 754 Ἰωάννης
1357 692 1496 758 φησί·
1544 694 1643 743 πῶς
1680 690 1762 740 οὖν
1787 688 1919 754 ἅγιος

110 784 180 816 119
199 783 248 816 A.
290 768 386 833 «πῆν
431 772 507 820 καὶ
550 769 643 837 πρὸ
695 775 776 834 τῆς
827 772 1118 837 σαρκώσεως
1169 773 1194 822 ὁ
1239 772 1388 834 Υἱός;
1452 773 1599 825 οὕτως
1642 771 1734 837 γὰρ
1778 769 1920 821 αὐτὸν

328 853 598 920 ἐδοξολόγει
630 852 689 904 τὰ
726 857 944 921 Σεραφῖμ
980 855 1054 905 ἐπὶ
1089 852 1172 905 τὸν
1203 854 1361 920 τρίτον
1387 855 1560 923 ἐφεξῆς
1594 852 1793 919 ἀριθμὸν
1825 851 1920 902 ἀπὸ

328 939 412 984 τοῦ
436 935 640 1000 πρώτου,
669 935 723 985 τό
750 933 922 1000 ”Αγιος
948 934 1207 1003 στοιχηδὸν
1233 936 1544 1005 ἀναφέροντα.
1603 936 1768 985 οὐκοῦν
1794 934 1921 999 εἴπερ

327 1014 461 1080 ἅγιος
495 1014 554 1079 ἦν
588 1018 663 1066 καὶ
697 1016 791 1083 πρὸ
826 1020 909 1080 τῆς
941 1016 1358 1083 ἐνανθρωπήσεως,
1387 1022 1578 1080 μᾶλλον
1613 1015 1661 1067 δὲ
1696 1015 1921 1082 ὑπάρχων

328 1099 396 1147 ἀεὶ
431 1097 549 1159 μετὰ
582 1103 665 1148 τοῦ
693 1097 899 1164 Πατρὸς,
926 1103 1026 1152 πῶς
1061 1100 1205 1150 ἐδεῖτο
1240 1105 1322 1149 τοῦ
1359 1097 1648 1164 ἁγιάζοντος,
1676 1100 1750 1148 καὶ
1783 1103 1922 1148 τοῦτο

329 1181 376 1230 ἐν
418 1179 632 1245 ὑστέροις
678 1184 865 1245 καιροῖς,
910 1179 985 1230 ὅτε
1029 1180 1221 1246 γε’γονεν
1263 1181 1545 1246 ἄνθρωπος;
1608 1179 1828 1245 θαυμάζω
1874 1177 1921 1228 δὲ

329 1261 456 1314 ὅπως
495 1261 663 1316 αὐτοὺς
702 1263 884 1312 κάκεῖνο
924 1261 1159 1323 λανθάνει,
1200 1263 1349 1312 καίτοι
1388 1263 1498 1313 λίαν
1536 1261 1675 1314 ὄντας
1718 1260 1916 1329 φιλοζη-

329 1342 488 1407 τητάς·
532 1341 560 1406 ἢ
588 1342 680 1409 γὰρ
708 1344 791 1394 οὐκ
817 1343 998 1408 ἀνάγκη
1027 1348 1159 1405 νοεῖν,
1186 1343 1424 1395 δύνασθαί
1453 1367 1565 1395 ποτε
1594 1342 1676 1394 τὸν
1701 1341 1820 1394 Υἱὸν
1847 1345 1922 1393 καὶ

329 1424 603 1475 ἀποπτύσαι
630 1424 712 1475 τὸν
739 1424 994 1490 ἀγιασμὸν,
1023 1425 1150 1491 εἴπερ
1177 1425 1259 1476 οὐκ
1285 1425 1416 1476 ε”στιν
1442 1425 1674 1488 οὐσιώδης
1699 1427 1748 1475 ἐν
1773 1425 1918 1494 αὐτῷ,

286 1508 509 1569 ὔσυνέβη
548 1505 596 1556 δὲ
634 1504 798 1573 ὥσπερ
837 1507 946 1570 ἡμῖν
985 1508 1060 1557 καὶ
1098 1507 1237 1576 ἑτέρῳ
1277 1510 1365 1557 τινὶ
1403 1511 1496 1557 τῶν
1535 1511 1743 1573 λογικῶν
1781 1529 1913 1557 κτισ-

329 1586 521 1650 μάτων;
562 1587 616 1638 τὸ
655 1586 704 1638 δὲ
739 1587 986 1653 ἁγιότητος
1017 1587 1234 1650 ἐκπεσὸν,
1261 1590 1362 1656 οὐχὶ
1390 1588 1445 1652 δὴ
1472 1589 1661 1642 πάντως
1687 1588 1826 1638 ἔσται
1847 1589 1922 1638 καὶ

330 1669 420 1721 ὑπὸ
459 1669 517 1720 τὰ
556 1672 640 1734 τῆς
678 1671 908 1736 ἁμαρτίας
947 1669 1116 1733 δεσμὰ,
1150 1672 1225 1721 καὶ
1264 1670 1461 1722 ὁκλάσει
1499 1669 1616 1736 πρὸς
1655 1669 1708 1721 τὸ
1746 1675 1918 1738 χεῖρον,

331 1751 481 1801 οὐκέτι
507 1751 739 1818 διασῶζον
765 1751 818 1802 τὸ
847 1752 1148 1819 φαυλότητος
1171 1751 1263 1821 ἔξω
1290 1753 1505 1818 γίνεσθαι
1530 1758 1720 1813 ποιοῦν;
1756 1753 1923 1804 οὐκοῦν

332 1832 436 1883 οὐδὲ
472 1833 796 1887 ἀναλλοίωτος
830 1834 939 1897 ἡμῖν
970 1834 995 1883 ὁ
1029 1833 1143 1887 Υἱὸς
1177 1835 1492 1900 εὑρεθήσεται,
1531 1835 1839 1903 διαψεύσεται
1874 1834 1921 1886 δὲ

110 1918 224 1949 Ps.ci.
333 1916 409 1965 καὶ
448 1916 472 1965 ὁ
512 1913 725 1984 μελῳδὸς
763 1916 812 1966 ἐν
841 1913 1083 1978 Πνεύματι
1116 1923 1142 1945 “
1164 1915 1233 1967 Σὺ
1267 1915 1313 1966 δὲ
1349 1918 1373 1967 ὁ
1407 1916 1548 1971 αὐτὸς
1584 1915 1661 1967 εῖ”
1690 1921 1833 1979 βοῶν,
1861 1919 1923 1970 ὡς

332 1995 451 2062 πρὸς
478 1995 635 2047 αὐτόν.

409 2077 542 2143 Πρὸς
585 2079 641 2129 δέ
684 2102 738 2144 γε
788 2084 884 2145 τοῖς
935 2079 1188 2146 εἰρημένοις
1239 2080 1585 2146 περιαθρείσθω
1635 2083 1709 2131 καὶ
1759 2086 1919 2143 τοῦτο,

333 2163 541 2225 συγγενῆ
568 2159 654 2222 τὴν
680 2163 877 2227 θεωρίαν
904 2160 1140 2230 εἰσφέρον·
1187 2168 1270 2213 τοῦ
1296 2163 1606 2229 μετίσχοντος
1632 2162 1685 2213 τὸ
1722 2161 1918 2229 μετεχό-

297 2263 317 2288 e
334 2263 476 2305 μενον
527 2241 683 2306 ἕτερόν
732 2265 776 2293 τι
828 2242 948 2293 κατὰ
999 2244 1084 2307 τὴν
1136 2243 1287 2311 φύσιν
1336 2244 1574 2310 ὑπάρχειν,
1619 2245 1922 2295 ἁπαστισοῦν

335 2322 596 2388 ἀναγκάσει
623 2322 784 2388 λόγος.
841 2328 878 2374 εὶ
912 2324 1006 2391 γὰρ
1041 2324 1106 2388 μὴ
1139 2324 1278 2376 τοῦτό
1312 2327 1444 2376 ἐστιν
1470 2325 1656 2389 ἀληθὲς,
1683 2327 1847 2376 διοίσει
1874 2325 1922 2377 δὲ

337 2405 436 2454 κατ’
484 2404 647 2455 οὐδένα
691 2404 870 2471 τρόπον
914 2407 1058 2456 ε’κεῖνο
1100 2405 1218 2472 πρὸς
1262 2412 1414 2468 τοῦτο,
1459 2409 1533 2457 καὶ
1580 2407 1684 2457 ε”στι
1727 2406 1918 2469 ταύτὸν,

114 2493 162 2524 Cf·
179 2503 276 2532 supra
337 2486 502 2536 ἑαυτοῦ
526 2485 727 2553 μέτοχον
753 2486 887 2537 ἔσται
913 2486 967 2538 τὸ
993 2487 1118 2540 τινὸς
1143 2486 1352 2556 μετέχον,
1380 2488 1495 2554 ὅπερ
1530 2490 1633 2539 ἐστὶ
1668 2490 1743 2539 καὶ
1777 2487 1923 2552 μόνον

119 2537 276 2574 zoe‚=,5d.

116 2565 129 2574 ι
200 2553 237 2575 ’ἦ
337 2569 506 2618 ἐννοεῖν
550 2568 793 2619 ἀπίθανον.
865 2573 966 2622 πῶς
1011 2568 1102 2635 γὰρ
1154 2569 1212 2620 ἄν
1256 2593 1325 2622 τις
1375 2571 1541 2621 ἑαυτοῦ
1586 2575 1737 2621 νοοῖτο
1786 2593 1920 2634 μετε-

387 2705 416 2728 1.
441 2693 640 2737 ὑποτέξεται
660 2693 702 2728 Β.
767 2693 859 2737 ἡμῶν
878 2693 921 2728 Β.
1042 2705 1074 2728 2.
1099 2693 1237 2739 οἰκεῖον]
1257 2693 1342 2728 ἴδιον
1360 2695 1401 2729 Β.
1521 2708 1554 2738 4.
1580 2697 1684 2730 πάλιν
1700 2702 1923 2741 assumptum

336 2752 378 2774 ex
399 2740 439 2774 B.
573 2741 605 2774 8.
630 2741 744 2784 τρίτον
761 2752 829 2774 orn.
852 2741 893 2774 B.
1033 2752 1086 2774 11.
1113 2743 1173 2774 τοῦ
1191 2743 1287 2785 prius
1305 2753 1375 2775 om.
1398 2742 1438 2776 Β.
1580 2754 1632 2785 14.
1657 2744 1739 2776 ποτὲ
1758 2742 1921 2777 δύνασθαι

335 2787 474 2820 inverso
492 2786 613 2820 ordine
634 2787 675 2820 B.
792 2799 845 2832 ¹9·
872 2786 1055 2832 διασῶζον]
1079 2791 1115 2827 4
1136 2789 1221 2831 πρὸς
1240 2787 1304 2822 Ed,
1324 2788 1433 2822 invito
1455 2789 1495 2823 B.
1514 2790 1600 2832 πρὸς
1618 2789 1722 2823 habet
1743 2790 1788 2824 D.
1808 2789 1868 2823 sed
1886 2790 1922 2822 in

335 2844 406 2876 mg.
426 2838 524 2867 notat
543 2834 580 2867 τὸ
598 2835 682 2877 πρὸς
698 2835 868 2878 περισσὸν
885 2831 976 2877 οἶμαι
995 2835 1141 2877 (ππρὸς
1159 2834 1376 2879 superfluum
1395 2847 1470 2869 esse
1489 2837 1604 2880 puto).
1702 2835 1859 2880 γίνεσθαι
1879 2836 1921 2870 Β.

333 2879 493 2922 γενέσθαι
513 2879 579 2914 Ed.
702 2891 757 2924 23.
783 2880 1056 2924 περιαρθρείσθω
1076 2880 1116 2913 Β.
1242 2892 1296 2923 25.
1324 2881 1498 2926 ὑπάρχειν,
1517 2881 1748 2927 ἁπαστισοῦν]
1768 2882 1922 2926 ὑπάρχον

333 2926 471 2959 ἅπασιν·
492 2926 542 2961 τίς
559 2925 617 2960 οὖν
637 2925 677 2959 Β.
748 2928 803 2960 28.
821 2927 968 2972 μέτοχον
984 2933 1017 2961 et
1034 2925 1177 2971 μετέχον
1194 2927 1285 2961 inter
1303 2940 1338 2962 se
1357 2929 1554 2973 transponit
1575 2929 1615 2963 Β.
1736 2940 1792 2974 29.
1810 2930 1921 2963 νοοῖτό

334 2985 382 3006 τις
399 2973 518 3005 ἑαυτοῦ
536 2987 573 3006 το
590 2975 802 3017 μετεσχηκός
822 2973 862 3007 Β.

1938 627 1961 664 Cn

1945 1037 1992 1061 10

1944 1862 1992 1886 20
