2084 3317
318 146 402 186 590
720 146 769 186 B.
804 144 1073 185 CYRILLI
1115 143 1494 184 ALEXANDR.
1686 142 1756 181 vii.
1774 157 1815 196 9,
1837 153 1900 181 10.

319 258 484 317 κυνεῖν,
535 253 685 305 οὐκέτι
734 253 821 318 τὴν
865 253 1072 317 νομικὴν,
1117 257 1308 316 μᾶλλον
1356 251 1403 303 δὲ
1455 250 1540 315 τὴν
1584 252 1633 301 ἐν
1676 250 1906 312 πνεύματι

282 356 303 382 e
321 335 542 402 λατρείαν
581 336 912 388 ἐπιτελοῦντας
955 334 1239 396 ἐπιδεικνύει,
1278 334 1353 384 καὶ
1397 338 1697 399 πληροῦντας
1739 329 1905 397 ἑορτὴν

319 417 406 481 τὴν
448 419 523 469 ἐπὶ
567 418 869 485 σκηνοπηγίᾳ
913 420 971 484 τῇ
1015 416 1115 467 κατ’
1162 414 1407 480 ἀλήθειαν,
1450 415 1701 481 μονονουχὶ
1750 412 1804 464 τὸ
1855 414 1905 462 ἐν

98 502 259 585 ξΞ-ἵΧΧνῑῑ-
321 502 537 567 ψαλμοῖς
563 501 706 549 ἐκεῖνο
733 502 938 564 λιγυρῶς
964 497 1174 551 ἀνιέντας
1200 497 1346 562 μέλος
1367 503 1392 526 “
1412 496 1691 562 Εὐλογητὸς
1715 494 1903 562 Κύριος,

120 570 128 586 ,
169 570 175 576 .

321 587 350 610 “
376 579 447 631 ὅτι
487 579 738 645 εἶσήκουσε
782 582 866 644 τῆς
909 581 1072 648 φωνῆς
1112 582 1195 643 τῆς
1237 578 1441 643 δεήσεώς
1483 600 1590 641 μου.
1663 578 1734 628 ἐπ’
1779 578 1947 646 αὐτῷὅ

322 668 348 692 “
373 662 581 726 ἤλπισεν
625 662 654 725 ἡ
698 662 866 728 καρδία
908 684 1013 725 μου,
1059 663 1134 712 καὶ
1179 660 1446 726 ἐβοηθήθην
1490 662 1566 711 καὶ
1611 659 1838 710 ἀνέθαλεν
1876 658 1905 722 ἡ

320 750 347 772 “
373 742 510 812 σάρξ
540 742 677 807 μου·”
721 742 930 808 ἀνεθάλη
968 742 1062 810 γὰρ
1101 743 1129 807 ἡ
1169 742 1312 812 σὰρξ,
1340 744 1416 794 καὶ
1450 745 1659 795 εἰσαῦθις
1693 741 1900 801 ἀναβιώ-

320 847 470 888 σεται,
497 828 572 876 καὶ
607 826 661 876 οὐ
695 826 803 893 δίχα
835 828 1070 892 Χριστοῦ·
1118 824 1282 890 γέγονε
1316 823 1410 890 γὰρ
1445 823 1556 887 ἡμῖν
1586 821 1724 876 αὐτὸς
1758 823 1787 887 ἡ
1823 825 1906 886 τῆς

321 905 634 962 ἀναστάσεως
680 906 818 975 ἀρχὴ,
864 908 940 958 καὶ
989 908 1073 970 τῆς
1122 906 1448 972 ἀληθεστέρας
1500 904 1826 970 σκηνοπηγίας
1877 904 1905 967 ἡ

323 987 457 1055 θύρα.
513 991 588 1040 καὶ
626 994 765 1040 τοῦτο
803 988 861 1054 ἦν
894 989 986 1056 ἄρα
1023 989 1077 1040 τὸ
1117 990 1171 1039 δι’
1212 988 1313 1042 ἑνὸς
1351 988 1591 1055 εἰρημένον
1628 991 1722 1038 τῶν
1761 987 1907 1053 ἁγίων
1931 1007 1978 1032 10

100 1090 189 1124 403
203 1088 254 1123 A.
284 1075 585 1139 απροφητῶν
609 1073 685 1123 καὶ
712 1078 738 1102 “
757 1069 1020 1136 ἀναστήσω
1058 1070 1144 1135 τὴν
1178 1068 1360 1135 σκηνὴν
1388 1072 1562 1121 Δαυεὶδ
1600 1068 1685 1133 τὴν
1715 1091 1904 1120 πεπτω-

99 1140 204 1170 Amos
219 1139 263 1169 ix.
325 1160 352 1182 66
438 1157 457 1166 Α

104 1191 117 1212 1
127 1192 152 1214 Ι,
379 1175 528 1204 κυιαν.

534 1153 559 1170 ’9

609 1153 763 1218 σκηνὴ
789 1153 884 1220 γὰρ
910 1153 938 1216 ἡ
971 1159 1194 1204 πεσοῦσα
1229 1159 1312 1204 τοῦ
1349 1154 1399 1203 ἐκ
1432 1151 1706 1218 σπέρματος
1733 1152 1908 1201 Δαυεὶδ

321 1233 376 1284 τὸ
415 1234 535 1285 κατὰ
573 1234 733 1301 σάρκα
770 1239 1001 1301 Χριστοῦ,
1036 1234 1201 1301 πρώτη
1241 1233 1361 1299 πρὸς
1399 1234 1679 1302 ἀφθαρσίαν
1713 1230 1790 1282 διὰ
1827 1235 1909 1295 τῆς

321 1315 560 1380 δυνάμεως
594 1323 677 1368 τοῦ
704 1321 829 1367 Θεοῦ
864 1318 939 1367 καὶ
969 1315 1162 1383 Πατρὸς
1198 1315 1501 1385 ἐξεγήγερται
1535 1314 1655 1366 κατὰ
1690 1313 1744 1365 τὸ
1779 1317 1906 1380 εἰρη-

320 1399 461 1462 μένον
495 1397 614 1464 πρὸς
644 1400 900 1453 Ἰουδαίους
940 1400 996 1449 δι’
1030 1397 1132 1453 ἑνὸς
1170 1403 1265 1450 τῶν
1301 1397 1590 1450 ἀποστόλων
1624 1399 1729 1463 περὶ
1767 1397 1909 1446 αὐτοῦ
1934 1417 1980 1455 15

98 1483 260 1567 2325&
322 1488 348 1511 “
375 1485 561 1533 Τοῦτον
604 1485 663 1549 τῇ
715 1481 955 1549 ὡρισμένῃ
1007 1484 1164 1549 βουλῇ
1216 1483 1293 1532 καὶ
1336 1479 1610 1547 προγνώσει
1654 1484 1737 1530 τοῦ
1785 1481 1910 1529 Θεοῦ

102 1579 151 1610 ²3³
171 1579 222 1611 24·
323 1570 351 1594 “
377 1563 567 1615 ἔκδοτον
593 1564 826 1625 λαβόντες
862 1563 938 1614 διὰ
971 1561 1127 1631 χειρὸς
1161 1563 1351 1627 ἀνόμων
1380 1561 1749 1630 προσπήξαντες
1785 1559 1907 1611 ἀνεί-

325 1652 352 1676 “
378 1652 498 1708 λετε,
526 1645 580 1697 ὸν
607 1647 632 1697 ὁ
659 1645 782 1701 Θεὸς
809 1646 1047 1710 ἀνέστησε
1074 1644 1230 1699 λύσας
1255 1643 1338 1698 τὰς
1366 1647 1533 1698 ὠδῖνας
1568 1649 1651 1694 τοῦ
1687 1640 1910 1704 θανάτου,

326 1734 353 1758 “
379 1727 544 1779 καθότι
578 1728 661 1779 οὐκ
697 1726 755 1793 ἧν
791 1726 992 1779 δυνατὸν
1023 1731 1300 1794 κρατεῖσθαι
1336 1725 1478 1777 αὐτὸν
1505 1726 1580 1777 ὑπ’
1609 1725 1796 1776 αὐτοῦ·”
1838 1725 1913 1774 καὶ

102 1838 154 1869 110.
175 1845 226 1876 32-
279 1808 475 1865 Ιοπάλιν
509 1817 538 1840 “
557 1814 742 1861 Τοῦτον
780 1808 863 1861 τὸν
888 1811 1082 1874 Ἰησοῦν
1116 1808 1381 1874 ἀνέστησεν
1415 1809 1440 1858 ὁ
1478 1807 1616 1871 Θεὸς,
1651 1807 1705 1858 οὗ
1741 1805 1914 1859 πάντες
1936 1827 1984 1852 20

327 1899 356 1923 ‘⁶
381 1892 511 1956 ἡμεῖς
535 1893 680 1956 ἐσμεν
705 1890 979 1959 μάρτυρες.”
1021 1891 1092 1942 ὅτι
1119 1891 1214 1958 γὰρ
1245 1890 1349 1944 ἔθος
1383 1894 1441 1959 τῇ
1476 1889 1589 1958 ἁγίᾳ
1623 1890 1803 1957 γραφῇ,
1831 1887 1915 1939 τὸν

326 1975 376 2025 ἐκ
406 1977 581 2025 Δαυεὶδ
605 1973 725 2025 κατὰ
749 1974 908 2041 σάρκα
934 1973 1167 2040 Χριστὸν,
1195 1973 1371 2024 Δαυεὶδ
1401 1974 1673 2034 ἀποκαλεῖν,
1700 1968 1914 2038 χαλεπὸν

325 2054 459 2107 οὐδὲν
484 2058 706 2108 συνιδεῖν.

214 2243 236 2279 9
263 2243 308 2268 10
328 2221 474 2263 Ταῦτα
519 2219 653 2262 εἰπὼν
691 2221 820 2263 αὐτὸς
857 2220 1023 2269 ἔμεινεν
1061 2220 1105 2260 ἐν
1143 2222 1193 2277 τῷ
1238 2217 1454 2276 Γαλιλαίᾳ·
1511 2218 1571 2259 ὡς
1614 2216 1659 2258 δὲ
1701 2216 1914 2265 ἀνέΒΗσαν

396 2303 435 2346 οἰ
472 2303 656 2360 ἀδελφοὶ
694 2304 824 2346 αὐτοῦ
862 2302 922 2344 eie
959 2303 1036 2345 τὴν
1074 2302 1243 2359 ἑορτήν,
1274 2302 1373 2345 τότε
1412 2301 1481 2343 καὶ
1519 2300 1646 2343 αὐτὸς
1684 2300 1830 2351 ἀνὲβΗ,
1867 2298 1914 2340 οὐ
1938 2308 1985 2346 25

397 2387 613 2445 φανερῶς,
650 2387 740 2429 ἀλλ’
784 2387 844 2428 ὡς
880 2387 926 2428 ἐν
965 2387 1152 2443 κρυπτῷ.

288 2482 310 2508 C

404 2502 768 2571 Ἐμφιλοχωρεῖ
809 2504 868 2568 τῇ
914 2499 1167 2569 Γαλιλαία,
1214 2500 1288 2549 καὶ
1340 2501 1422 2562 τῆς
1473 2496 1713 2548 Ἰουδαίων
1761 2495 1919 2563 χώρας

330 2582 786 2652 ἐξωστρακισμένος,
839 2580 970 2646 ἥδιόν
1021 2603 1069 2633 τε
1127 2582 1203 2631 καὶ
1261 2579 1632 2649 ἀσφαλέστερον
1690 2580 1919 2629 διαιτᾶται

330 2663 564 2733 Χριστὸς,
594 2666 670 2717 ἵνα
694 2664 844 2717 πάλιν
869 2668 964 2716 τῶν
991 2661 1105 2714 εἶναι
1133 2662 1395 2714 δοκούντων
1422 2665 1705 2726 νομομαθῶν
1732 2662 1913 2726 εὐγενε-

377 2817 411 2851 3.
439 2804 670 2851 σκηνοπηγίαν
686 2805 746 2849 τὴν
765 2804 807 2839 Β.
872 2801 1071 2849 μονονουχὶ]
1092 2803 1249 2847 δηλονότι
1269 2802 1311 2837 Β.
1434 2810 1465 2847 7.
1492 2799 1654 2845 ἀνεθάλη]
1675 2799 1856 2834 ἀνεθάλλει
1875 2797 1919 2833 Β.

330 2852 492 2888 ἀναθαλεῖ
509 2864 527 2886 e
545 2863 610 2886 suo
629 2852 764 2897 Migne.
831 2852 874 2887 ὡς
891 2850 986 2887 αὖθις
1005 2850 1047 2884 Β.
1172 2861 1225 2883 12.
1251 2848 1329 2895 τοῦ]
1350 2850 1404 2884 διὰ
1422 2851 1481 2883 τοῦ
1501 2848 1542 2882 Β.
1664 2858 1719 2881 22.
1745 2844 1917 2892 χαλεπὸν]

336 2904 371 2938 -Ι-
393 2899 482 2935 ὅλως
499 2898 566 2933 Ed.
585 2899 697 2933 invito
716 2898 758 2933 B.
889 2897 944 2932 26.
971 2898 1015 2933 ὡς
1032 2903 1257 2942 assumptum
1276 2908 1316 2931 ex
1337 2896 1379 2931 Β.
1500 2895 1556 2930 28.
1583 2890 1917 2939 ἐξωστρακισμένος]

332 2946 556 2992 ἐξῳκισμένος
576 2945 618 2980 Β.
