2084 3317
120 178 145 219 i.
166 192 235 234 32,
253 192 320 236 33.
377 180 451 221 IN
494 180 537 220 S.
572 177 907 220 JOANNEM.
969 177 1093 218 LIB.
1127 176 1187 217 II.
1250 175 1382 217 CAP.
1417 176 1452 216 I.
1626 176 1705 216 185

118 291 178 356 τῇ
222 287 366 356 φύσει
409 286 463 339 τὸ
507 288 702 355 ἀρχαῖον
749 284 946 352 ἀγαθόν·
1003 287 1124 337 οὕτω
1175 284 1269 351 γὰρ
1313 286 1390 336 καὶ
1432 289 1708 352 πτωχεῦσαι

120 370 307 436 λέγεται
345 369 399 420 δι’
437 370 572 434 ἡμᾶς.
625 367 859 422 πλούσιος
896 366 989 434 γὰρ
1027 365 1106 430 ὧν,
1141 369 1203 421 ὡς
1240 366 1374 429 Θεὸς,
1410 368 1486 417 καὶ
1524 367 1707 419 οὐδενὸς

119 455 214 502 τῶν
236 452 429 516 ἀγαθῶν
455 449 649 515 ἐπιδεὴς,
676 450 925 516 ἅνθρωπος
961 449 1124 515 γέγονε
1154 448 1345 500 πάντων
1371 446 1564 511 ἐπιδεὴς,
1589 446 1708 514 πρὸς

119 530 173 582 ὃν
210 531 388 597 ε’ίρηταί
427 554 532 595 που,
573 533 648 582 καὶ
695 529 891 599 σφόδρα
928 535 1087 584 καλῶς
1125 538 1152 560 “
1174 531 1240 581 Τί
1275 528 1368 596 γὰρ
1406 529 1524 597 ἔχεις
1562 527 1587 579 ῗ)
1625 528 1709 579 οὐκ

77 631 100 668 5
121 619 148 643 “
175 610 405 674 ἐ’λαβες;”
451 612 614 679 ὥσπερ
653 613 735 663 οὖν
770 612 861 679 ζωὴ
901 611 1022 663 κατὰ
1061 612 1212 680 φύσιν
1250 610 1475 678 ὑπάρχων
1510 609 1709 662 ἀπέθανε
1729 634 1750 658 a

119 694 239 746 κατὰ
277 693 436 761 σάρκα
474 695 529 746 δι’
563 695 698 759 ἡμᾶς,
731 694 807 745 ἵνα
847 693 1017 762 νικήσῃ
1055 694 1138 745 τὸν
1172 692 1376 745 θάνατον
1411 691 1526 759 ὑπὲρ
1563 692 1711 756 ἡμῶν,

120 778 196 826 καὶ
222 775 341 841 ὅλην
367 779 514 846 ἑαυτῷ
550 775 898 843 συναναστήσῃ
934 775 1020 839 τὴν
1047 775 1211 843 φύσιν·
1253 773 1425 828 πάντες
1463 774 1557 839 γὰρ
1595 773 1711 838 ἧμεν

119 859 169 908 ἐν
212 859 353 927 αὐτῷ,
395 857 513 909 καθὸ
557 858 750 924 γε’γονεν
795 857 1058 923 ἅνθρωπος·
1122 859 1243 908 οὕτω
1295 859 1370 908 καὶ
1414 854 1468 907 τὸ
1515 860 1712 919 Πνεῦμα

120 938 302 1007 δέχεται
341 941 397 991 δι’
438 940 574 1004 ἡμᾶς,
615 940 690 990 ἵνα
729 943 895 990 πᾶσαν
935 938 1115 1007 ἁγιάσῃ
1160 938 1246 1003 τὴν
1287 938 1452 1006 φύσιν.
1522 938 1576 988 οὐ
1617 937 1712 1003 γὰρ

54 1044 102 1069 10
121 1020 284 1072 ἑαυτὸν
319 1021 589 1090 ὠφελήσων
623 1020 868 1086 ἐλήλυθεν,
901 1022 1012 1071 ἀλλ’
1047 1021 1122 1071 ἵνα
1156 1025 1306 1072 πᾶσιν
1335 1020 1445 1083 ἡμῖν
1478 1021 1555 1070 καὶ
1593 1019 1713 1085 θύρα

119 1103 195 1153 καὶ
221 1102 344 1170 ἀρχὴ
371 1105 446 1154 καὶ
473 1102 578 1157 ὁδὸς
603 1102 793 1169 γε’νηται
820 1107 914 1154 τῶν
941 1103 1167 1169 οὐρανίων
1194 1104 1401 1168 ἀγαθῶν.
1455 1105 1492 1151 εἰ
1521 1100 1614 1166 γὰρ
1647 1099 1712 1164 μὴ

118 1183 247 1253 ἔδοξε
284 1184 547 1249 λαμβάνειν
592 1187 655 1238 ὡς
699 1185 963 1251 ἅνθρωπος,
1002 1183 1030 1249 ὴ
1077 1186 1153 1235 καὶ
1198 1183 1405 1251 πάσχειν
1444 1184 1506 1237 ὡς
1551 1182 1615 1237 εἷς
1659 1183 1716 1251 ἐξ

119 1266 267 1330 ἡμῶν,
301 1271 401 1321 πῶς
440 1266 497 1318 ἂν
535 1266 684 1336 ἐδειξέ
716 1289 784 1320 τις
824 1266 894 1317 ὅτι
933 1266 1267 1318 τεταπείνωκεν
1302 1263 1495 1327 ἑαυτόν,
1544 1263 1573 1329 ὴ
1612 1268 1712 1318 πῶς
1732 1273 1758 1314 b

119 1347 178 1398 ἂν
203 1348 362 1412 ἐσώθη
389 1353 546 1402 καλῶς
580 1349 608 1413 ἡ
642 1354 725 1400 τοῦ
763 1348 937 1399 δούλου
970 1347 1147 1416 μορφὴ,
1174 1352 1212 1398 εἰ
1247 1346 1312 1412 μή
1348 1370 1391 1397 τι
1426 1348 1501 1398 καὶ
1536 1349 1710 1397 δουλο-

54 1444 100 1482 15
119 1429 292 1495 πρεπὲς
325 1430 511 1498 ἐγράφη
545 1432 652 1497 περὶ
691 1431 869 1492 αὐτοῦ,
912 1429 977 1494 μὴ
1015 1428 1317 1495 διασυρέσθω
1352 1429 1508 1479 τοίνυν
1535 1429 1559 1478 ὁ
1585 1428 1709 1479 πάν-

119 1516 276 1579 σοφος
319 1515 403 1576 τῆς
448 1512 712 1575 οἰκονομίας
763 1510 923 1577 λόγος,
970 1510 1023 1562 ὃν
1067 1513 1143 1562 καὶ
1194 1509 1333 1564 αὐτὸς
1383 1511 1408 1561 ὃ
1460 1510 1713 1564 θεσπέσιος

122 1597 319 1648 Παῦλος
345 1592 531 1648 εἰκότως
557 1593 876 1659 ἀποθαυμάζει
901 1597 1031 1655 βοῶν
1059 1600 1084 1622 “
1102 1591 1208 1643 Ἵνα
1234 1596 1479 1660 γνωρισθῇ
1506 1597 1588 1643 νῦν
1613 1596 1712 1645 ταῖς

121 1682 149 1706 “
176 1677 341 1743 ἀρχαῖς
385 1677 461 1726 καὶ
508 1681 609 1729 ταῖς
652 1675 889 1744 ἐξουσίαις
933 1677 982 1726 ἐν
1026 1679 1121 1729 τοῖς
1167 1675 1456 1740 ἐπουρανίοις
1506 1673 1582 1725 διὰ
1631 1676 1714 1738 τῆς

121 1764 149 1788 “
174 1758 467 1822 Ἐκκλησίας
505 1757 533 1821 ἡ
571 1757 914 1810 πολυποίκιλος
951 1758 1104 1826 σοφία
1142 1761 1226 1807 τοῦ
1258 1759 1399 1819 Θεοῦ,
1432 1755 1551 1807 κατὰ
1589 1755 1711 1822 πρό-

54 1846 149 1884 20“
175 1843 309 1891 θεσιν
356 1843 451 1890 τῶν
502 1840 683 1890 αἰώνων
729 1838 787 1903 ἢν
832 1840 1052 1903 ἐποίησεν
1098 1840 1146 1890 ἐν
1190 1842 1393 1908 Χριστῷ
1434 1837 1598 1902 Ἰησοῦ
1648 1840 1715 1906 τῷ

121 1929 148 1952 “
177 1922 337 1991 Κυρίῳ
363 1921 540 1985 ἡμῶν.”
594 1922 746 1990 σοφία
781 1920 876 1988 γὰρ
917 1920 1063 1974 ὅντως
1099 1924 1173 1972 καὶ
1211 1918 1487 1987 θεοπρεπὴς,
1513 1919 1567 1971 τὸ
1593 1920 1755 1986 με’γαο

120 2005 203 2067 τῆς
228 2002 628 2070 ἐνανθρωπήσεως
654 2004 818 2068 ὁρᾶται
844 2001 1121 2068 μυστήριον.

195 2084 432 2149 Τοιαύτην
474 2085 594 2152 ἔχειν
638 2085 759 2148 ἡμᾶς
803 2083 889 2148 τὴν
931 2086 1037 2150 περὶ
1086 2089 1170 2135 τοῦ
1215 2086 1437 2151 Σωτῆρος
1483 2083 1715 2151 διάληψιν

121 2168 289 2233 χρῆναι
315 2169 409 2217 δεῖν
435 2164 760 2229 ὑπολαμβάνω
786 2163 894 2219 τοὺς
919 2166 1132 2227 εὐσεβεῖν
1157 2166 1420 2229 ἑλομένους,
1447 2167 1522 2216 καὶ
1549 2166 1624 2216 ἐπὶ
1656 2169 1715 2233 τῇ

55 2262 104 2301 25
122 2252 216 2299 τῶν
260 2246 510 2314 δογμάτων
554 2245 774 2314 ὀρθότητι
821 2248 1089 2314 χαίροντας·
1151 2248 1205 2298 οὐ
1256 2246 1350 2313 γὰρ
1401 2246 1553 2311 δήπου
1596 2247 1715 2313 πρὸς

122 2328 362 2394 τοσαύτην
412 2330 614 2395 ἀλογίαν
664 2328 1038 2394 καταβησόμεθα
1088 2331 1164 2380 καὶ
1214 2329 1363 2393 ἡμεῖς,
1421 2331 1483 2382 ὡς
1535 2328 1717 2379 οἴεσθαι

121 2409 348 2474 μεθεκτὸν
382 2412 430 2462 ἐν
462 2415 529 2481 τῷ
568 2409 688 2462 κατὰ
727 2410 877 2480 φύσιν
902 2415 1004 2480 Υἱῷ
1042 2410 1096 2461 τὸ
1134 2415 1332 2474 Πνεῦμα
1370 2410 1609 2477 ὑπάρχειν,
1642 2411 1717 2460 καὶ

122 2493 226 2560 οὐχὶ
269 2497 460 2555 μᾶλλον
499 2493 739 2547 οὐσιωδῶς
783 2492 1064 2559 ἐμπεφυκὸς,
1106 2490 1270 2558 ὥσπερ
1313 2493 1394 2543 οὖν
1436 2490 1599 2555 ἀμέλει
1641 2493 1716 2542 καὶ

123 2574 250 2643 αὐτῷ
280 2578 347 2644 τῷ
376 2575 549 2641 Πατρί.
603 2573 767 2641 ὥσπερ
802 2573 896 2641 γὰρ
932 2579 1016 2625 τοῦ
1045 2573 1250 2640 Πατρὸς,
1278 2575 1398 2624 οὕτω
1433 2572 1490 2636 δὴ
1524 2573 1599 2623 καὶ
1634 2576 1717 2623 τοῦ

175 2756 206 2780 1.
231 2746 297 2791 γὰρ
315 2751 536 2791 assumptum
555 2758 597 2781 ex
616 2746 660 2781 B.
720 2746 924 2793 πτωχεύσεις
942 2746 985 2781 Β.
1083 2757 1117 2792 3.
1142 2747 1228 2791 πρὸς
1246 2745 1300 2791 ὃν]
1321 2745 1497 2789 ἅνθρωπος
1513 2745 1654 2789 προσὼν
1672 2743 1715 2779 Β.

125 2800 159 2834 5.
186 2793 252 2835 ζωὴ
271 2793 353 2826 κατὰ
370 2792 496 2838 φύσιν]
518 2794 600 2827 κατὰ
617 2793 726 2838 φύσιν
744 2795 809 2838 ζωὴ
829 2795 882 2828 καὶ
900 2795 975 2839 φῶς
995 2793 1037 2828 Β.
1281 2804 1334 2827 ΙΟ.
1362 2793 1415 2825 καὶ
1433 2797 1655 2836 assumptum
1674 2803 1717 2826 ex

126 2838 170 2872 B.
235 2837 321 2883 θύρα
339 2840 393 2872 καὶ
409 2839 497 2884 ἀρχὴ
516 2841 570 2873 καὶ
588 2840 666 2875 ὁδὸς
683 2840 750 2874 hoc
769 2840 890 2875 ordine
910 2841 952 2874 B.
969 2840 1059 2885 ἀρχὴ
1077 2840 1129 2873 καὶ
1148 2840 1225 2874 ὁδὸς
1243 2840 1295 2873 καὶ
1313 2838 1397 2883 θύρα
1417 2838 1483 2872 Ed.
1598 2849 1651 2879 14.
1677 2838 1718 2872 ἂν

125 2896 196 2919 om.
217 2884 259 2919 Β.
371 2895 422 2931 15.
447 2886 526 2930 περὶ
542 2887 662 2920 ἑαυτοῦ
681 2886 724 2920 Β.
838 2886 890 2921 16.
917 2888 1019 2921 αὐτὸν
1039 2887 1084 2920 D.
1196 2897 1250 2930 23.
1277 2886 1361 2929 ὑμᾶς
1382 2885 1423 2918 Β.
1533 2885 1588 2918 28.
1616 2885 1717 2928 ἐμπεο

126 2932 235 2975 φυκὸς
254 2931 297 2966 Β.
312 2931 451 2966 Veceus
469 2933 505 2965 in
523 2933 632 2977 epigr.
646 2944 680 2966 v.
698 2933 888 2978 ἐκπεφυκὸς
908 2933 974 2967 Ed.
1039 2934 1092 2966 καὶ
1110 2932 1232 2976 ἀμέλει
1250 2933 1387 2966 inverso
1405 2931 1527 2966 ordine
1547 2931 1589 2965 B.
1607 2931 1718 2966 invito

127 2977 255 3012 Vecco.
399 2989 454 3023 29.
481 2979 522 3022 δὴ
540 2987 763 3023 assumptum
783 2991 824 3013 ex
845 2980 972 3013 Vecco.

182 3044 275 3072 VOL.
300 3046 329 3072 1.
885 3047 908 3081 Β
931 3034 956 3073 b

1771 369 1788 389 2
1802 358 1877 391 Cor.

1769 402 1838 434 viii.
1858 411 1890 444 9.

1775 531 1788 552 1
1806 524 1879 553 Cor.

1772 566 1814 596 iv.
1837 573 1865 604 7.

1782 624 1864 658 124
1879 623 1932 658 A.

1775 1596 1861 1638 Eph.
1880 1596 1929 1629 iii.

1778 1650 1828 1676 10,
1846 1649 1859 1671 1
1870 1651 1896 1672 1.
