2084 3317
352 162 431 200 152
750 161 798 201 Β.
832 160 1109 201 CYRILLI
1151 160 1532 201 ALEXANDR.
1736 159 1762 198 i.
1789 158 1850 207 16,
1874 168 1937 209 17.

304 280 329 320 b
351 272 489 335 φησι·
532 271 608 319 καὶ
634 267 896 320 κολάσεσιν
920 270 1039 333 ἡμᾶς
1066 269 1254 336 ἐνόχους
1279 269 1418 322 ὄντας
1443 268 1679 329 ἐδείκνυεν,
1707 268 1945 331 ἐλευθεροῖ

124 345 250 429 gfff?
349 347 398 399 δὲ
435 354 628 413 μᾶλλον
658 349 799 401 αὐτὸν
832 352 856 401 ὁ
889 350 1073 416 Σωτήρ·
1128 352 1181 400 οὐ
1222 350 1313 416 γὰρ
1351 349 1497 414 ἦλθεν
1523 357 1550 378 “
1572 350 1648 399 ἵκα
1687 348 1819 415 κρίνῃ
1857 345 1940 397 τὸν

349 438 376 459 “
401 431 599 493 κόσμον,
633 433 743 482 ἀλλ’
778 432 853 483 ἵνα
888 433 1031 500 σώσῃ
1067 432 1150 482 τὸν
1182 432 1410 495 κόσμον.”
1460 434 1533 482 καὶ
1570 431 1697 497 χάριν
1732 428 1818 491 μὲν
1853 429 1935 478 ἁν-

349 512 554 578 θρώποις
580 515 656 563 καὶ
683 520 700 565 ὁ
731 516 855 581 νόμος
886 514 1051 575 ἐδίδου,
1078 518 1241 564 καλῶν
1267 513 1392 568 ὅλως
1429 518 1491 566 εἰς
1527 511 1835 576 θεογνωσίαν,
1863 509 1940 559 καὶ

348 597 431 657 τῆς
456 598 550 644 τῶν
576 593 783 645 εἰδώλων
810 595 1030 661 λατρείας
1056 595 1263 663 ἐξέλκων
1289 594 1395 648 τοὺς
1423 593 1832 655 πεπλανημένους,
1864 592 1938 641 καὶ
1959 610 1981 648 5

347 676 546 741 προσέτι
578 676 730 745 τούτῳ
764 679 839 727 καὶ
874 676 928 727 τὸ
963 681 1154 744 φαῦλον
1184 675 1468 739 ὑποδεικνὺς,
1502 679 1577 726 καὶ
1613 672 1850 725 διδάσκων
1885 672 1939 723 τὸ

349 756 542 822 ἀγαθὸν,
582 761 620 808 εἰ
661 759 736 808 καὶ
774 757 839 822 μὴ
879 759 1078 821 τελείως,
1118 757 1250 809 ἀλλὰ
1285 760 1649 824 παιδαγωγικῶς
1695 757 1769 806 καὶ
1815 777 1936 822 χρη-

349 839 518 902 σίμως·
562 842 582 899 ἡ
621 838 672 889 δὲ
708 838 783 891 διὰ
815 845 897 891 τοῦ
926 844 1230 905 Μονογενοῦς
1265 838 1448 899 ἀλήθεια
1480 862 1530 890 τε
1569 845 1646 890 καὶ
1683 837 1829 907 χάρις,
1857 837 1940 887 Οὐκ

310 940 331 966 0
350 922 397 971 ἐν
423 920 585 975 τύποις
613 922 722 985 ἡμῖν
749 922 956 991 εἰσφέρει
980 921 1035 972 τὸ
1063 921 1258 987 ἀγαθὸν,
1285 921 1389 972 οὐδὲ
1415 923 1475 975 ὡς
1503 923 1551 972 ἐν
1577 923 1693 988 σκιᾷ
1718 918 1940 986 χαράττει

349 1000 409 1052 τὰ
446 1003 774 1071 συμφέροντα·
825 1005 935 1054 ἀλλ’
977 1006 1025 1054 ἐν
1064 1008 1301 1068 λαμπροῖς
1340 1005 1416 1053 καί
1455 1001 1802 1068 καθαρωτάτοις
1841 1004 1937 1051 δια-
1963 1023 2012 1048 10

348 1082 561 1148 τάγμασι
597 1088 672 1135 καὶ
708 1084 827 1151 πρὸς
861 1086 1046 1136 τελείαν
1078 1088 1159 1148 τῆς
1193 1084 1399 1138 πίστεως
1432 1089 1615 1150 γνῶσιν
1642 1087 1937 1151 χειραγωγεῖ·

125 1163 209 1193 Rom
223 1163 275 1193 viii
409 1169 422 1184 Ν
470 1173 478 1184 τ
561 1166 571 1183 ἱ
659 1170 668 1181 s
886 1172 905 1180 Α
1165 1168 1176 1183 t
1274 1169 1283 1182 2
1323 1167 1332 1184 ι
1518 1164 1531 1180 x
1653 1166 1663 1180 ι
1834 1162 1848 1179 x
1929 1164 1938 1179 x

127 1215 176 1245 15·
213 1188 218 1194 ·
280 1187 285 1193 ·
349 1188 423 1217 και
462 1192 479 1218 o
516 1190 600 1230 μεν
629 1192 752 1234 νομος
792 1190 975 1231 πνευμα
1015 1170 1227 1220 δουλειας
1262 1169 1412 1218 εδιδου
1446 1189 1564 1231 προς
1600 1170 1769 1234 φοβον,
1802 1187 1855 1214 το
1892 1168 1940 1214 δε

347 1253 533 1310 πνεῦμα
575 1251 656 1312 τῆς
703 1250 936 1302 υἱοθεσίας
977 1250 1002 1299 ὁ
1044 1248 1258 1315 Χριστὸς
1298 1253 1361 1302 εἰς
1401 1249 1680 1314 ἐλευθερίαν.
1750 1252 1768 1298 ὁ
1816 1247 1940 1312 νόμος

123 1328 247 1413 {15⁰1}
348 1330 516 1392 ὁμοίως
553 1329 639 1394 τὴν
669 1332 718 1381 ἐν
749 1332 894 1397 σαρκὶ
928 1330 1184 1397 περιτομὴν
1218 1329 1350 1381 οὐδὲν
1382 1331 1532 1381 οὖσαν
1557 1328 1780 1396 εἰσφέρει·
1825 1334 1852 1356 “
1872 1327 1938 1378 Ἡ

348 1417 376 1440 “
402 1411 631 1477 περιτομὴ
677 1411 770 1479 γὰρ
813 1412 945 1463 οὐδέν
986 1413 1155 1473 ἐστιν,”
1202 1410 1367 1478 ὥσπερ
1412 1413 1493 1462 οὖν
1534 1413 1559 1462 ὁ
1604 1415 1799 1463 Παῦλος
1842 1410 1939 1459 ε’πι-
1963 1429 2008 1466 15

347 1494 544 1544 στέλλει
582 1495 722 1545 τισίν·
775 1495 800 1545 ὁ
839 1493 888 1545 δὲ
922 1493 1096 1560 Κύριος
1135 1493 1267 1557 ἡμῶν
1297 1495 1487 1558 Ἰησοῦς
1519 1490 1734 1559 Χριστὸς
1772 1490 1858 1554 τὴν
1892 1491 1940 1540 ἐν

123 1578 216 1661 {3¹1¹-
233 1577 266 1608 ³¹·
346 1574 575 1639 πνεύματι
614 1578 689 1626 καὶ
728 1576 894 1644 καρδίᾳ
932 1575 1188 1642 περιτομὴν
1228 1574 1304 1626 διὰ
1341 1578 1424 1638 τῆς
1463 1575 1667 1627 πίστεως
1705 1572 1936 1640 προξενεῖ.

137 1725 142 1733 ¹
301 1663 365 1708 do‘
395 1656 518 1725 νόμος
546 1660 678 1708 ὕδατι
703 1658 917 1724 βαπτίζει
948 1661 1112 1727 γυμνῷ
1146 1655 1256 1711 τοὺς
1290 1656 1694 1721 μεμολυσμένους,
1722 1656 1746 1704 ὁ
1772 1653 1940 1720 Σωτὴρ

121 1720 283 1796 &suff-th.
347 1746 373 1768 “
401 1740 449 1789 ἐν
479 1739 721 1802 Πνεύματι
746 1741 897 1809 ‘Ayt'cp
934 1741 1010 1790 καὶ
1043 1738 1201 1804 πυρί.”
1258 1745 1275 1790 ὁ
1311 1740 1434 1805 νόμος
1471 1742 1533 1791 εἰς
1568 1737 1653 1801 τὴν
1687 1738 1940 1787 ἀντίτυπον

123 1831 211 1904 ffb·
229 1832 272 1863 ix.
345 1825 439 1872 τῶν
467 1823 705 1886 ἀληθινῶν
730 1822 939 1890 εἰσφέρει
968 1820 1164 1885 σκηνὴν,
1193 1823 1218 1872 ὃ
1247 1820 1416 1887 Σωτὴρ
1452 1824 1513 1874 εἰς
1548 1819 1690 1871 αὐτὸν
1717 1818 1938 1888 ἀναφεῖοει
1959 1842 2009 1868 20

122 1893 282 1955 lsssviim.
345 1901 428 1954 τὸν
459 1903 670 1969 οὐρανὸν,
698 1906 774 1955 καὶ
813 1908 875 1958 εἰς
912 1905 998 1967 τὴν
1033 1903 1361 1970 ἀληθεστέραν
1395 1902 1575 1967 εἰσάγει
1610 1900 1808 1966 σκηνὴν,
1836 1909 1863 1931 “
1883 1900 1940 1966 ἣν

346 1991 373 2014 “
399 1986 569 2054 ἔπηξεν
608 1988 633 2037 ὁ
676 1986 848 2052 Κύριος
894 1988 968 2036 καὶ
1014 1986 1097 2037 οὐκ
1137 1986 1428 2051 ἄνθρωπος.”
1487 1986 1562 2035 καί
1602 1983 1815 2051 χαλεπὸν
1854 1983 1939 2045 μὲν

346 2066 478 2118 οὐδὲν
504 2068 764 2137 ἀποδείξεις
788 2072 884 2121 τοῖς
910 2067 1164 2134 εἰρημένοις
1195 2066 1496 2133 ἐπισωρεύειν
1523 2064 1694 2132 ἑτέρας,
1720 2065 1939 2130 τιμητέον

346 2149 393 2199 δ’
423 2150 504 2200 οὖν
530 2149 654 2213 ὅμως
680 2148 735 2201 τὸ
759 2149 940 2216 μέτρον.
991 2148 1122 2212 πλὴν
1148 2151 1291 2200 ἐκεῖνο
1319 2150 1567 2216 χρησίμως
1593 2171 1641 2198 τε
1676 2149 1751 2198 καὶ
1783 2150 1934 2212 ἀναγ-

306 2255 327 2280 e
346 2231 485 2284 καίως
519 2234 725 2297 ἐροῦμεν·
770 2231 928 2297 ὅτιπερ
965 2233 989 2282 ὁ
1025 2230 1252 2298 μακάριος
1280 2235 1478 2284 Παῦλος
1509 2233 1557 2281 ἐν
1583 2231 1764 2295 ὀλίγοις
1791 2228 1936 2280 ἐ’λυσε
1958 2251 2005 2289 25

344 2311 399 2363 τὸ
444 2313 735 2380 ζητούμενον,
780 2315 889 2378 περί
929 2337 978 2364 τε
1022 2319 1106 2364 τοῦ
1153 2311 1296 2376 νόμου
1341 2315 1418 2363 καὶ
1463 2315 1546 2376 τῆς
1590 2317 1673 2362 τοῦ
1717 2313 1937 2375 Σωτῆρος

119 2406 228 2481 ῗϋῧοῑ-
344 2394 531 2465 χάριτος
561 2396 703 2447 εἰπών
729 2403 757 2424 “
778 2399 836 2446 Εἰ
871 2394 964 2461 γὰρ
999 2399 1058 2461 τῇ
1092 2395 1300 2463 διακονίᾳ
1336 2397 1419 2457 τῆς
1453 2394 1770 2458 κατακρίσεως
1798 2392 1932 2461 δόξα,

158 2461 212 2492 -9·
345 2484 372 2506 ‘⁶
397 2482 571 2548 πολλῷ
602 2483 792 2541 μᾶλλον
817 2477 1087 2543 περισσεύει
1123 2477 1150 2540 ἡ
1187 2477 1396 2527 διακονία
1430 2478 1512 2539 τῆς
1549 2474 1850 2538 δικαιοσύνης
1887 2477 1936 2525 ἐν

343 2566 371 2588 “
398 2559 554 2628 δόξῃ.”
608 2559 845 2610 διακονίαν
871 2558 956 2622 μὲν
981 2557 1075 2625 γὰρ
1113 2558 1433 2624 κατακρίσεως
1470 2556 1554 2621 τὴν
1582 2556 1658 2607 διὰ
1686 2557 1935 2610 Μωυσέως

343 2645 494 2709 φησὶν
542 2641 753 2704 ἐντολὴν,
799 2642 1035 2692 διακονίαν
1086 2640 1134 2691 δὲ
1184 2639 1499 2703 δικαιοσύνης,
1545 2638 1629 2703 τὴν
1673 2638 1804 2705 παρὰ
1852 2643 1934 2690 τοῦ
1954 2657 2003 2692 30

393 2787 424 2810 2.
450 2777 551 2810 αὐτὸν
570 2775 659 2810 Β.Ε.
678 2776 776 2811 αὐτὸς
797 2775 843 2809 D.
864 2774 930 2809 Ed.
1106 2784 1139 2819 3.
1167 2775 1266 2817 σώσῃ
1285 2774 1343 2806 τὸν
1360 2775 1490 2817 κόσμον
1509 2773 1549 2806 Β.
1571 2772 1665 2817 σωθῇ
1684 2774 1702 2806 ὁ
1719 2774 1848 2816 κόσμος
1865 2770 1933 2806 Ed.

342 2823 376 2856 8.
402 2824 597 2867 Assumpta
614 2823 650 2856 δέ
669 2835 709 2856 ex
730 2823 830 2861 B.E.‚
849 2837 884 2856 τε
903 2834 945 2855 ex
965 2821 1006 2855 Β.
1151 2832 1183 2865 9.
1210 2823 1289 2865 σκιᾷ
1310 2820 1351 2853 Β.
1371 2822 1481 2855 σκιαῖς
1500 2819 1566 2854 Ed.
1725 2830 1778 2853 12.
1803 2821 1934 2861 πνεῦμα

340 2869 512 2915 δουλείας]
533 2868 662 2914 πνεῦμα
680 2871 783 2913 νόμου
801 2869 927 2903 δούλου
947 2868 988 2902 Ε.
1169 2877 1220 2911 17.
1247 2867 1384 2911 καρδίαν
1404 2867 1445 2900 E.
1510 2868 1569 2909 τῆς
1586 2872 1809 2910 assumptum
1827 2877 1869 2898 ex
1891 2865 1933 2899 Β.

343 2927 398 2950 22.
424 2917 477 2950 καὶ
500 2917 595 2961 prius
615 2922 835 2961 assumptum
855 2928 896 2950 ex
917 2914 1003 2949 B.E.
1155 2924 1209 2956 24.
1237 2929 1272 2948 τε
1290 2926 1360 2948 om.
1382 2913 1423 2947 B.
1575 2913 1630 2947 28.
1656 2913 1691 2947 ἐν
1708 2917 1932 2956 assumptum

341 2974 382 2995 ex
404 2962 444 2995 B.
