2084 3317
166 176 204 202 v.
227 162 290 203 18.
406 164 482 205 IN
523 166 565 207 S.
599 167 937 212 JOANNEM.
1000 173 1124 215 LIB.
1159 176 1219 217 ΙΙ.
1283 179 1415 220 ΟΑΡ.
1441 181 1492 222 V.
1668 186 1749 226 315

164 271 366 337 ἐνεργεῖν
404 271 453 324 δὲ
490 273 550 324 τὰ
588 279 731 328 οἰκεῖα
768 277 822 329 τὸ
862 286 969 347 πῦρ,
1004 287 1105 337 ταῖς
1143 289 1238 336 τῶν
1276 288 1540 355 ἀνθρώπων
1576 293 1750 358 χρείαις

162 352 491 408 ἀδιακωλύτως
517 357 792 423 ὑπηρετοῦν·
844 361 944 414 ’ίσθι
971 361 1028 427 δὴ
1054 365 1243 422 πάντως
1269 369 1522 436 ὁμολογῶν
1548 373 1749 440 ἐνεργεῖν
1767 398 1788 426 ο

160 431 243 484 τὸν
275 435 468 503 Πατέρα
508 436 567 489 τὰ
607 443 842 508 θεοπρεπῆ
881 446 958 495 καὶ
996 446 1116 497 κατὰ
1153 447 1208 499 τὸ
1245 449 1516 513 σάββατον.
1573 456 1622 505 τί
1654 478 1750 507 τοι-

159 522 336 582 γαροῦν
360 519 663 585 ἀπαιδεύτως,
691 527 856 592 φησὶν,
885 530 1012 597 αἰτιᾷ
1045 527 1128 581 τὸν
1152 532 1207 581 δι’
1236 532 1290 583 οὗ
1324 533 1383 584 τά
1417 535 1573 587 πάντα
1609 537 1743 606 ἐργά-

114 606 137 646 5
159 597 310 667 ζεταις
353 601 593 667 ἐνεργήσει
631 604 725 672 γὰρ
763 608 850 675 οὐχ
888 610 1054 677 ἑτέρως
1090 614 1114 663 ὁ
1152 614 1274 668 Θεὸς
1312 619 1388 667 καὶ
1424 618 1607 685 Πατὴρ,
1635 621 1745 670 ἀλλ’

157 680 220 733 ὡς
252 680 328 731 διὰ
359 683 597 747 δυνάμεως
631 690 706 738 καὶ
733 691 911 758 σοφίας
941 699 1025 744 τοῦ
1051 697 1182 747 Υὶοῦ.
1231 697 1307 748 διὰ
1333 698 1470 750 τοῦτό
1498 705 1650 768 φησιν
1677 701 1746 753 ὅτι

157 760 291 828 κάγῶ
318 764 579 836 ἐργάζομαι·
621 772 836 822 δυσωπεῖ
855 781 1107 841 τοιγαροῦν
1133 783 1234 832 ταῖς
1258 783 1321 833 εἷς
1347 781 1527 833 ἄτοπον
1553 784 1747 839 ἐννοίαις

152 841 236 894 τὸν
277 846 506 913 ἀχάλινον
546 854 642 901 τῶν
683 851 948 906 διωκόντων
988 857 1151 921 θυμὸν,
1191 863 1279 928 οὐχ
1322 863 1471 933 ἑαυτῷ
1513 872 1746 917 τοσοῦτον

152 925 491 983 ἀντιτείνοντας
516 931 706 995 δεικνὺς,
735 932 853 986 ὅσον
879 939 1023 989 εἰπεῖν
1048 944 1115 1009 τῷ
1143 944 1314 1009 Πατρῖ,
1342 942 1378 1014 ᾧ
1415 944 1471 1010 δὴ
1508 949 1583 997 καὶ
1614 947 1744 1018 μόνῳ
1763 958 1791 999 (1

84 1026 132 1051 10
150 1005 236 1071 τὴν
273 1014 357 1060 τοῦ
397 1009 542 1074 νόμου
579 1013 719 1078 τιμὴν
757 1017 1052 1088 ἀναγράφειν
1090 1023 1396 1092 ἐσπούδαζον,
1437 1029 1567 1079 οὔπω
1605 1030 1744 1095 γινώ-

147 1111 342 1145 σκοντες
380 1091 463 1143 τὸν
497 1093 554 1163 ἐξ
588 1097 730 1147 αὐτοῦ
773 1101 850 1150 καὶ
889 1101 944 1152 δι’
977 1103 1120 1155 αὐτοῦ
1154 1105 1275 1157 κατὰ
1307 1108 1458 1177 φύσιν
1483 1109 1616 1162 Υἱόν·
1667 1111 1743 1163 διὰ

146 1169 240 1238 γάρ
265 1195 338 1224 τοι
363 1179 501 1226 τοῦτο
537 1179 612 1228 καὶ
644 1182 908 1242 μοναδικῶς
933 1183 1098 1236 ἑαυτοῦ
1127 1189 1319 1256 Πατέρα
1347 1194 1471 1260 φησὶ
1497 1191 1581 1244 τὸν
1602 1192 1741 1257 Θεὸν,

145 1254 444 1324 εὐφυέστατα
494 1266 801 1329 χειραγωγῶν
845 1268 908 1319 εἰς
957 1265 1012 1318 τὸ
1064 1267 1332 1324 κάλλιστον
1376 1273 1433 1339 δὴ
1479 1280 1618 1327 τοῦτο
1664 1278 1739 1328 καὶ

143 1336 297 1401 τίμιον
333 1337 547 1405 μάθημα.

77 1491 122 1530 15
142 1489 221 1531 Διὰ
265 1495 393 1535 τοῦτο
441 1492 515 1537 οὖν
558 1500 723 1546 μᾶλλον
763 1501 935 1560 ἐζήτουν
974 1506 1104 1550 αὐτὸν
1148 1507 1185 1550 οἱ
1222 1510 1426 1554 Ἰουδαῖοι
1468 1513 1733 1569 ἀποκτεῖναι,
1758 1523 1804 1559 18

209 1574 275 1617 ὅτι
309 1576 357 1617 οὐ
390 1579 523 1626 μόνον
549 1580 649 1623 ἔλυε
682 1584 731 1627 τὸ
767 1585 994 1641 σάββατον,
1022 1590 1133 1632 ἀλλὰ
1170 1593 1237 1633 καί
1272 1596 1438 1653 Πατέρα
1476 1594 1584 1640 ἴδιον
1611 1599 1732 1649 {Aere

207 1657 282 1700 τὸν
309 1658 431 1712 Θεὸν,
461 1659 552 1705 ἴσον
578 1665 732 1709 ἑαυτὸν
759 1669 896 1712 Ποιών
923 1673 984 1726 τῷ
1010 1672 1119 1728 Θεῷ.
1752 1702 1773 1729 e

213 1767 521 1823 Ἐπιτείνεται
545 1774 664 1841 πρὸς
689 1778 1029 1845 ἀπανθρωπίαν
1056 1788 1150 1835 τῶν
1176 1786 1415 1839 Ἰουδαίων
1442 1791 1467 1840 ὁ
1503 1796 1627 1850 νοῦς,
1657 1794 1732 1843 καὶ

139 1849 194 1899 δι’
222 1847 287 1901 ὧν
311 1853 452 1920 ἐχρῆν
479 1858 833 1923 θεραπεύεσθαι,
861 1869 1063 1915 νοσοῦσι
1098 1867 1330 1934 μειζόνως,
1358 1871 1433 1922 ἵνα
1459 1871 1516 1936 δὴ
1544 1873 1730 1927 δικαίως

68 1949 117 1975 20
137 1931 388 1985 ἀκούσειαν
414 1940 574 1992 έςΠῶς
613 1941 753 2007 ἐρεῖτε
792 1943 863 1995 ὅτι
900 1947 1055 2015 σοφοί
1085 1951 1230 2013 ἐσμεν
1265 1952 1393 2016 ἡμεῖς
1411 1954 1455 2016 ;”
1496 1954 1600 2005 δέον
1634 1954 1728 2023 γὰρ
1791 1957 1904 2034 gfff&

135 2012 302 2069 αὐτοὺς
349 2017 694 2086 ἐξημεροῦσθαι
738 2024 825 2089 τὴν
869 2028 1076 2094 γνώμην,
1124 2038 1349 2105 λογισμῷ
1392 2039 1458 2106 τῷ
1501 2038 1728 2103 πρέποντι

133 2100 555 2163 μεταποιουμένους
593 2107 656 2157 εἷς
694 2106 958 2172 εὐλάβειαν,
995 2115 1070 2162 καὶ
1107 2117 1323 2181 φονῶσιν
1357 2118 1446 2182 ἤδη
1486 2119 1606 2170 κατὰ
1644 2126 1728 2171 τοῦ

132 2184 555 2249 πληροφοροῦντος
579 2185 655 2236 διά
680 2189 991 2255 πραγμάτων,
1009 2195 1070 2247 ὡς
1097 2195 1230 2248 οὐδὲν
1257 2197 1382 2253 ὅλως
1407 2204 1467 2254 εἰς
1493 2200 1577 2252 τὸν
1604 2206 1727 2253 θεῖον

131 2259 394 2328 ἡμάρτηται
420 2265 578 2331 νόμον,
606 2270 914 2334 ὑγιασθέντος
941 2276 1192 2342 ἀνθρώπου
1218 2280 1337 2332 κατὰ
1363 2281 1418 2332 τὸ
1450 2282 1721 2345 σάββατον.

63 2358 110 2396 25
131 2346 535 2399 συνεπιπλέκουσι
574 2349 623 2401 δὲ
661 2357 762 2406 ταῖς
789 2353 866 2404 διὰ
892 2355 945 2407 τὸ
973 2358 1230 2420 σάββατον
1256 2363 1431 2429 ὀργαῖς,
1465 2367 1527 2419 ὡς
1561 2371 1724 2426 βλασ-
1743 2394 1765 2418 a
1799 2386 1879 2420 214
1894 2386 1946 2421 A.

131 2425 309 2492 φημιάς
348 2427 566 2494 ἔγκλημα
600 2430 686 2497 τὴν
725 2434 965 2501 ἀλήθειαν,
993 2446 1171 2506 σειραῖς
1204 2447 1300 2495 τῶν
1338 2447 1516 2498 οἰκείων
1550 2454 1718 2512 πλημ-
1784 2467 1882 2501 Prov.
1902 2479 1932 2499 v.

128 2506 415 2571 μελημάτων
466 2515 527 2566 εὶς
587 2515 789 2571 ἀλύτους
846 2519 992 2586 ὀργὰς
1042 2523 1233 2579 ἑαυτοὺς
1284 2529 1716 2596 κατασφίγγοντες.
1787 2520 1836 2542 22‘

128 2588 341 2651 εὐσεβεῖν
391 2591 486 2660 γὰρ
536 2595 740 2661 ἐδόκουν,
789 2597 889 2652 ἴδιον
941 2601 1011 2653 ὅτι
1074 2606 1207 2671 λέγοι
1261 2608 1436 2678 πατέρα
1491 2611 1558 2662 τὶν
1613 2612 1721 2664 Θεὶν

175 2746 207 2771 2.
232 2737 365 2773 πάντων
383 2739 425 2775 Β.
556 2753 590 2788 3.
617 2744 670 2780 καὶ
687 2754 911 2794 assumptum
929 2761 971 2784 ex
990 2750 1033 2785 B.
1167 2766 1200 2796 4.
1225 2755 1336 2800 φησὶν
1352 2756 1561 2795 ἀπαιδεύτως
1577 2759 1717 2796 inverso

126 2782 249 2817 ordine
268 2784 310 2818 Β.
455 2796 488 2830 5.
514 2788 540 2823 ὦ
557 2802 621 2834 pro
639 2793 657 2826 ὁ
677 2792 719 2827 Β.
864 2795 897 2830 6.
924 2796 976 2831 ὅτι
994 2805 1216 2844 assumptum
1236 2813 1277 2835 ex
1299 2802 1393 2838 B.D.
1534 2817 1587 2840 11.
1618 2807 1716 2843 Haec

126 2829 180 2863 καὶ
197 2829 239 2864 δι’
257 2831 359 2866 αὐτοῦ
377 2841 559 2879 assumpta
576 2848 617 2871 ex
637 2838 680 2874 B.
781 2849 833 2886 15.
859 2842 961 2877 αὐτὸν
978 2843 1116 2888 ἐζήτουν
1131 2845 1289 2882 Ἰουδαῖοι
1308 2849 1350 2883 Β.
1457 2862 1509 2896 19.
1536 2854 1713 2900 μειζόνως]

124 2875 231 2910 πλέον
247 2878 300 2912 καὶ
316 2880 475 2922 μειζόνως
495 2881 537 2916 Β.
602 2885 643 2928 δὴ
661 2896 730 2920 om.
750 2886 792 2922 B.
902 2899 958 2935 25.
985 2893 1273 2929 συνεπιπλέκουσι
1293 2895 1386 2931 B.D.
1406 2897 1629 2935 ἐπιπλέκουσι
1649 2901 1715 2936 Ed,

127 2923 551 3007 ἒόὺὲγὶλημαέἀσύνθημα
568 2928 586 2973 ἢ
604 2931 756 2977 ἔγκλημα
776 2934 818 2969 Β.
959 2938 1014 2972 28.
1041 2939 1198 2979 εὐσεβεῖν
1217 2941 1259 2976 Β.
1277 2942 1465 2985 δυσσεβεῖν
1483 2945 1549 2980 Ed.
1616 2946 1714 2994 λέγοι

161 2996 168 3004 .
212 2997 219 3005 .
264 2986 332 3017 εγει
410 2999 417 3008 .

868 3050 974 3079 882
