2084 3317
151 146 204 187 vi.
223 157 291 202 35,
363 147 438 188 IN
481 147 524 187 S.
557 145 896 188 JOANNEM.
960 145 1084 185 LIB.
1119 144 1205 185 III.
1268 145 1402 186 CAP.
1427 145 1504 185 VI.
1654 146 1735 186 475

149 254 280 317 ἡμῶν
317 255 480 319 Ἰησοῦ
521 258 753 321 Χριστοῦ,
793 252 963 306 λοιπὸν
1002 254 1267 319 ἀναγκαίως
1309 254 1385 304 ἐπὶ
1430 252 1516 316 τὴν
1554 252 1738 316 συνήθη

149 336 382 402 κεχώρηκε
414 336 626 400 μέθοδον,
654 338 729 387 καὶ
764 334 1052 402 γυμνότερον
1076 334 1162 399 μὲν
1193 336 1252 386 οὕ
1281 339 1447 403 φησιν,
1474 334 1545 385 ὅτι
1580 334 1732 400 κρείτ·

147 438 243 466 των
269 416 336 481 ε’ίη
367 417 630 476 Μωυσέως,
653 418 730 469 διὰ
755 416 809 468 τὸ
835 422 930 468 τῶν
956 416 1263 483 ἀκροωμένων
1287 415 1516 483 ἀχάλινον
1543 414 1736 482 θράσος,
1756 425 1783 467 b

147 498 223 548 καὶ
260 497 315 549 τὸ
352 497 478 549 πολὺ
516 499 625 550 λίαν
659 502 721 553 εἷς
760 498 908 566 ὀργὴν
942 498 1387 564 ἐκκεκρεμασμένον·
1440 498 1511 549 ἐπ’
1540 495 1653 547 αὐτὸ
1689 496 1737 548 δὲ

103 590 126 628 5
147 576 295 630 πάλιν
320 579 374 631 τὸ
400 579 750 646 θαυμαζόμενον
776 580 959 648 ε”ρχεται
982 585 1194 648 πρᾶγμα,
1216 581 1291 631 καὶ
1318 578 1412 631 ἀπὸ
1439 579 1736 645 συγκρίσεως

146 662 230 723 τῆς
267 659 385 726 πρὸς
423 661 476 713 τὸ
514 661 682 728 μεῖζον,
709 662 892 730 ἐλέγχει
929 662 1113 730 μικρόν·
1156 663 1213 714 Ὁ
1241 661 1336 728 γὰρ
1371 661 1594 732 ἐρχόμενος
1628 660 1738 730 πρὶς

146 741 213 810 μέ
233 746 385 812 φησιν
413 747 456 795 οὐ
481 742 543 812 μὴ
571 743 756 817 πεινάσῃ
784 749 862 795 καὶ
892 749 910 796 0‘
943 743 1155 795 πιστεύων
1183 749 1242 798 εἷς
1277 743 1355 813 ἐμὲ
1391 746 1434 795 οὐ
1465 742 1527 812 μῇ
1564 738 1736 815 διψήσῃ

147 824 347 876 πώποτε·
397 827 471 876 ναὶ
515 823 622 890 γὰρ,
663 827 801 893 φησὶ,
840 826 916 876 καὶ
963 824 1102 879 αὐτὸς
1149 827 1255 889 ὑμῖν
1297 823 1388 891 ἐγὼ
1433 823 1736 889 συνθήσομαι

147 903 368 956 δεδόσθαι
407 905 460 957 τὸ
499 905 654 969 μάννα
693 906 768 957 διὰ
810 907 1073 965 Μωυσέως,
1112 908 1223 957 ἀλλ’
1256 909 1299 957 οἱ
1337 906 1569 975 φαγόντες
1609 907 1731 957 ἐπεί-

78 1007 125 1032 10
147 1006 317 1037 νασαν·
367 989 456 1054 ἐρῶ
495 987 543 1038 δὲ
582 987 652 1038 ὅτι
691 990 766 1039 καὶ
805 990 854 1039 ἐκ
891 993 1075 1055 πετρῶν
1112 990 1218 1052 ὑμῖν
1250 991 1412 1042 ὠδῖνος
1450 987 1643 1057 ἐξεδόθη
1681 987 1776 1038 τὸο

146 1071 284 1136 ὕδωρ,
312 1070 423 1120 ἀλλ’
451 1073 494 1120 οἱ
519 1069 703 1124 πιόντες
729 1071 983 1139 ἐδίψησαν,
1011 1073 1086 1121 καὶ
1109 1069 1404 1137 πρόσκαιρόν
1431 1093 1533 1121 τινα
1569 1071 1736 1138 κομιδῇ

145 1151 231 1216 τὴν
265 1151 537 1203 ἀπόλαυσιν
570 1154 598 1217 ἡ
638 1157 732 1203 τῶν
766 1151 1019 1219 εἷρημενων
1050 1153 1292 1217 ἐνεποίησε
1332 1152 1479 1206 δόσις
1535 1153 1560 1202 ὁ
1598 1152 1654 1202 δέ
1685 1174 1738 1215 γε

144 1256 263 1300 προς
297 1233 374 1298 ἐμε
410 1233 614 1300 βαδίζων
642 1238 684 1285 οὐ
719 1259 780 1303 μη
816 1258 1001 1293 πεινοιση
1037 1235 1242 1298 πώποτε,
1274 1258 1350 1286 και
1387 1240 1405 1286 ὁ
1439 1234 1651 1286 πιστεύων
1679 1239 1738 1289 εἰς

145 1316 224 1383 ἐμὲ
251 1319 294 1366 οὐ
319 1341 380 1384 μη
407 1313 577 1391 διψήσῃ
603 1316 802 1368 πώποτε.

79 1419 124 1457 15
220 1398 286 1448 Τί
328 1397 384 1462 δὴ
430 1399 511 1448 οῦν
556 1397 649 1465 ἄρα
692 1396 906 1464 Χριστος
951 1398 1336 1465 ἐπαγγέλλεταις
1394 1397 1609 1467 φθαρτὸν
1652 1396 1739 1462 μὲν

147 1479 293 1542 οὐδὲν,
342 1479 564 1545 εὐλογίαν
609 1479 659 1531 δὲ
702 1484 892 1544 μᾶλλον
939 1479 1024 1544 τὴν
1066 1482 1114 1531 ἐν
1159 1480 1431 1549 μεταλήψει
1475 1483 1558 1545 τῆς
1603 1480 1739 1546 ἁγίας

147 1561 325 1626 σαρκός
360 1584 410 1612 τε
448 1564 523 1612 καὶ
561 1562 770 1627 αἵματος,
800 1561 1078 1628 ὁλοκλήρως
1110 1566 1171 1616 εἷς
1205 1563 1483 1632 ἀφθαρσίαν
1509 1565 1736 1625 ἀνακομι-

145 1643 320 1710 ζούσης
358 1643 440 1694 τὸν
478 1643 742 1709 ἄνθρωπον,
777 1645 838 1697 ὡς
878 1644 1064 1699 οὐδενὸς
1103 1645 1364 1696 ἐπιδεῖσθαι
1402 1649 1496 1695 τῶν
1528 1644 1624 1695 ὅσα
1657 1642 1740 1695 τὸν

144 1728 226 1789 τῆς
265 1724 446 1792 σαρκὸς
485 1725 739 1776 ἀπελαύνει
778 1724 995 1788 θάνατον,
1035 1729 1216 1795 τροφῆς
1264 1726 1312 1777 δὲ
1357 1724 1578 1791 δηλονότι
1617 1727 1786 1795 φημῖὀ.

78 1834 127 1859 20
145 1809 220 1858 καὶ
258 1813 422 1859 ποτοῦ.
482 1808 597 1858 ε”οικε
637 1806 686 1857 δὲ
724 1808 873 1858 πάλιν
911 1808 1034 1874 ὕδωρ
1074 1806 1315 1874 ὀνομάζειν
1348 1810 1395 1859 ἐν
1428 1808 1622 1871 τούτοις,
1656 1806 1740 1858 τὸν

145 1888 222 1940 διὰ
268 1888 544 1953 Πνεύματος
589 1888 845 1954 ἁγιασμὸν,
891 1888 919 1953 ἢ
966 1888 1079 1940 αὐτὸ
1127 1889 1181 1940 τὸ
1227 1889 1351 1941 θεῖόν
1389 1913 1439 1941 τε
1485 1891 1559 1940 καὶ
1604 1887 1741 1955 ἅγιον

147 1976 363 2036 Πνεῦμα,
412 1973 534 2022 οὕτω
587 1970 828 2025 πολλάκις
877 1970 1008 2038 παρὰ
1059 1977 1160 2025 ταῖς
1210 1973 1352 2026 θείαις
1403 1970 1741 2036 ὠνομασμένον

145 2058 366 2122 γραφαῖς.
420 2052 635 2119 ζωοποιεῖ
664 2058 915 2121 τοιγαροῦν
948 2053 1002 2104 τὸ
1039 2051 1175 2120 ἅγιον
1206 2059 1350 2119 σῶμα
1375 2058 1595 2122 Χριστοῦ
1633 2051 1740 2106 τοὺς

143 2136 192 2187 ἐν
217 2134 284 2190 οἷς
319 2134 378 2186 ἂν
408 2158 603 2201 γενοιτο,
629 2158 704 2186 και
740 2136 928 2203 συνέχει
963 2135 1082 2202 πρὸς
1117 2137 1410 2206 ἀφθαρσιαν,
1439 2141 1536 2189 τοῖς
1569 2134 1732 2200 ἡμετε-

79 2239 127 2279 25
144 2240 243 2284 ροις
281 2217 647 2283 ἀνακιρνάμενον
686 2218 897 2281 σώμασι.
949 2222 1094 2281 σῶμα
1134 2217 1228 2285 γὰρ
1267 2219 1355 2286 οὐχ
1395 2217 1552 2285 ἑτερου
1590 2214 1734 2278 τινὸς,

145 2300 258 2349 ἀλλ’
299 2299 440 2362 αὐτῆς
487 2303 658 2350 νοεῖται
703 2302 786 2363 τῆς
832 2298 952 2350 κατὰ
996 2299 1148 2368 φύσιν
1191 2300 1321 2367 ζωῆς,
1362 2300 1481 2364 ὅλην
1525 2298 1645 2365 ἔχων
1689 2298 1738 2347 ἐν

146 2382 294 2450 ἑαυτῷ
332 2379 420 2444 τὴν
453 2386 537 2431 τοῦ
576 2381 826 2435 ἑνωθέντος
860 2381 1022 2448 Λόγου
1061 2381 1269 2446 δύναμιν,
1303 2383 1378 2432 καὶ
1415 2378 1775 2443 πεποιωμένονε

146 2462 320 2530 ὥσπερ,
360 2466 551 2526 μᾶλλον
590 2462 638 2513 δὲ
677 2463 765 2528 ἤδη
805 2465 880 2514 καὶ
920 2463 1350 2528 ἀναπεπλησμένον
1387 2465 1470 2526 τῆς
1507 2461 1736 2527 ἐνεργείας

146 2546 302 2606 αὐτοῦ,
327 2544 382 2595 δι’
411 2544 464 2608 ἧς
491 2543 549 2594 τὰ
574 2544 732 2596 πάντα
760 2545 1048 2611 ζωοποιεῖται
1073 2548 1150 2596 καὶ
1175 2543 1294 2611 πρὸς
1320 2543 1374 2595 τὸ
1402 2542 1515 2594 εἶναι
1546 2541 1734 2611 φυλάτ-

79 2649 128 2684 30
147 2650 288 2679 τεται.
362 2625 519 2690 ἐπειδὴ
559 2625 607 2677 δὲ
645 2632 794 2677 ταῦτα
832 2632 999 2678 τοῦτον
1038 2627 1131 2695 ε”χει
1169 2626 1254 2678 τὸν
1291 2626 1480 2692 τρόπον,
1520 2624 1738 2675 ’ίστωσαν

199 2743 228 2766 1.
254 2731 369 2776 Ἰησοῦ
387 2738 611 2776 assumptum
629 2744 671 2766 ex
690 2733 732 2767 Β.
913 2747 946 2776 4.
972 2731 1282 2777 ἐκκεκρεμασμένον
1299 2730 1404 2765 edidi.
1423 2729 1673 2776 ἐκρεμασμενον
1691 2729 1733 2763 Β.

148 2780 221 2814 ἐκκε
397 2789 477 2812 cum
495 2780 622 2813 lacuna
640 2779 685 2814 D.
703 2780 953 2825 κραμαισμένον
971 2780 1005 2813 D
1025 2792 1097 2835 mg.
1116 2778 1352 2823 ἐκκεκαυμένον
1369 2777 1437 2811 Ed.
1533 2777 1566 2811 8.
1591 2774 1659 2821 ναι]
1681 2776 1735 2809 καὶ

149 2827 285 2872 Migne.
387 2835 441 2860 10.
467 2824 566 2871 ὅτι]’
555 2841 604 2860 ετι
624 2826 759 2871 Migne.
823 2829 956 2879 πετρῶν
976 2827 1017 2860 B.
1035 2828 1159 2870 πέτρας
1178 2825 1245 2860 Ed.
1346 2834 1399 2859 12.
1425 2823 1443 2867 ἡ
1462 2829 1541 2868 post
1558 2823 1734 2866 ἐνεποίησε

150 2913 194 2941 tr.
215 2906 256 2941 B.
381 2914 434 2949 13.
462 2904 518 2947 ἐμὲ
538 2904 636 2947 Β.μέ
657 2905 723 2939 Ed.
849 2906 902 2940 18
928 2905 1118 2940 ἐπιδεῖσθαι
1138 2905 1180 2940 Β.
1302 2915 1356 2949 23.
1385 2901 1554 2948 ζωοποιεῖ]
1579 2907 1615 2942 4-
1636 2917 1671 2936 τε
1692 2901 1733 2937 Β.

151 2953 206 2988 26.
233 2954 355 2989 νοεῖται
374 2957 453 2986 ante
470 2950 548 2985 ἀλλ’
568 2957 700 2997 transp,
721 2952 762 2987 Β.
827 2953 907 2997 ἕχον
925 2952 1074 2987 coxrexit
1092 2952 1226 2997 Migne.
1325 2960 1380 2996 27.
1406 2949 1629 2994 πεποιημένον
1647 2949 1689 2983 Β.

890 3019 1006 3061 3Ρ2
