2084 3317
122 131 352 187 vi.38,39.
399 131 472 171 IN
515 131 557 171 S.
591 129 926 171 JOANNEM.
990 129 1113 170 LIB.
1147 128 1225 171 IV.
1287 129 1421 170 CAP.
1457 129 1491 169 1.
1632 127 1714 167 495

121 239 205 291 τὸν
245 240 451 306 Πατέρα,
492 238 558 304 μὴ
603 239 819 308 γελάσῃς
865 240 1099 305 ἄνθρωπε,
1140 239 1256 302 μηδὲ
1303 236 1538 304 ὀφλήσεις
1585 235 1716 299 δίκην

122 321 335 372 κακύνων
369 323 575 384 ἀμαθῶς,
610 321 726 388 ὅπερ
756 321 928 386 ἥκιστα
959 323 1095 388 χρῆν.
1148 319 1253 371 ἔστι
1290 318 1384 386 γὰρ
1418 318 1569 383 δήπου
1604 320 1717 368 θαυ-

121 402 278 468 μάζειν
304 402 446 455 αὐτὸν
472 406 547 454 καὶ
574 405 648 455 ἐπὶ
673 403 824 473 τούτῳ
850 402 1046 469 πρέπον,
1074 401 1145 454 ὅτι
1182 404 1258 453 καὶ
1295 405 1410 471 τιμᾷ
1445 404 1521 452 καὶ
1553 398 1719 467 ἀγαπᾷ

121 483 204 536 τὸν
235 484 547 550 γεννήσαντα·
595 490 691 537 πᾶν
725 485 817 552 γὰρ
855 483 974 540 εἶδος
1009 487 1191 552 ἀρετῆς,
1223 483 1384 550 πηγὴν
1414 480 1576 548 ὥσπερ
1611 480 1717 532 τινὰ

80 569 199 621 5καὶ
236 567 366 634 ῥίζαν
405 567 498 635 ἔχει
536 567 622 632 τὴν
660 567 884 619 ἀνωτάτω
923 571 1097 619 πασῶν
1136 567 1321 618 οὐσίαν·
1364 563 1627 633 ἐκφανέντα
1666 562 1716 615 δὲ

121 653 310 716 πρῶτον
349 651 398 701 ἐν
438 650 586 718 ἐκείνῃ
629 649 688 701 τὰ
730 648 902 715 ἀγαθὰ,
945 652 1020 700 καὶ
1063 653 1123 704 εἱς
1168 650 1290 714 ἡμᾶς
1336 648 1568 715 καταρῥεΐ,
1607 644 1755 700 τοὺςο

123 731 256 798 οἵπερ
294 730 439 796 ἐσμὲν
469 731 713 798 γεγονότες
747 730 868 782 κατὰ
907 730 992 796 τὴν
1026 731 1200 796 ἐκείνης
1237 729 1410 782 εἰκόνα.
1466 728 1542 780 διὰ
1576 733 1716 779 τοῦτο

123 816 199 864 καὶ
239 813 349 877 ἡμῖν
391 814 416 864 ὁ
462 812 718 878 νομοθέτης
758 817 899 876 τιμᾶν
940 813 1010 864 ὅτι
1055 812 1147 881 χρὴ
1192 813 1374 879 πατέρα
1417 813 1492 862 καὶ
1537 811 1716 876 μητέρα

123 895 423 961 διήγγελλεν,
459 894 592 947 ἀλλὰ
630 897 705 945 καὶ
743 895 859 961 γε’ρα
897 894 1079 949 τούτοις
1118 895 1315 946 ἐπετίθει
1353 892 1413 945 τὰ
1451 893 1712 944 κάλλιστα·

57 999 105 1025 10
123 977 353 1043 μέγιστον
385 974 513 1042 οἶμαι
549 975 606 1041 δὴ
640 976 833 1028 πάντων
868 977 923 1028 τὸ
959 981 1161 1044 πρᾶγμα
1197 976 1341 1040 εἰδὼς,
1370 977 1444 1026 καὶ
1480 974 1717 1041 λοιδορίας

123 1057 316 1124 ἁπάσης
354 1065 586 1111 τοσοῦτον
624 1058 1013 1125 ἀπηλλαγμένον,
1055 1061 1118 1113 ὡς
1157 1060 1232 1110 καὶ
1270 1057 1566 1125 μακραίωνος
1609 1057 1718 1117 ,Βίου

125 1141 379 1210 φαίνεσθαι
416 1140 665 1211 πρόξενον’
708 1141 851 1209 ὅνπερ
890 1142 972 1192 οὖν
1006 1140 1184 1208 τρόπον
1219 1142 1348 1205 ἡμεῖς
1387 1138 1463 1191 διὰ
1501 1138 1555 1190 τὸ
1596 1139 1712 1190 ὑπο-

126 1222 382 1275 τάττεσθαι
425 1226 500 1275 καὶ
541 1224 910 1276 καταπείθεσθαι
955 1229 1052 1278 τοῖς
1095 1222 1403 1290 γεννήσασιν,
1442 1221 1529 1289 οὐχ
1573 1220 1723 1287 ἕτεροί

124 1329 245 1360 τινες
280 1306 400 1357 κατὰ
434 1306 520 1370 τὴν
556 1306 706 1374 φύσιν
741 1309 802 1361 ὡς
836 1305 956 1373 πρὸς
991 1305 1160 1360 αὐτοὺς
1193 1303 1568 1368 ἀποτελούμεθα,
1604 1303 1714 1354 ἀλλ’
1735 1311 1763 1353 (1

58 1406 105 1445 15
126 1387 255 1443 ὅντες
281 1388 396 1455 ὅπερ
423 1391 542 1440 εἰσὶν
568 1389 625 1458 ἐξ
648 1388 911 1455 ἀνθρώπων
938 1389 1192 1455 ἄνθρωποι,
1220 1390 1296 1438 καὶ
1327 1385 1509 1439 τέλειον
1534 1384 1718 1453 ἔχοντές

125 1493 176 1522 τε
221 1473 297 1522 καὶ
342 1470 670 1537 ἀποσώζοντες
716 1471 799 1522 τὸν
843 1474 926 1535 τῆς
971 1469 1336 1537 ἀνθρωπότητος
1382 1468 1507 1535 ὅρον,
1552 1469 1715 1531 ἐπιτη-

126 1553 317 1617 δεύομεν
356 1556 418 1608 ὡς
457 1556 505 1605 ἐν
543 1553 676 1622 τάξει
716 1557 941 1620 λαμπρᾶς
980 1555 1147 1619 ἀρετῆς
1186 1551 1240 1604 τὸ
1281 1550 1535 1616 πειθήνιον·
1594 1550 1716 1601 οὕτω

124 1635 311 1701 νοήσεις
350 1637 429 1688 ἐπί
463 1659 513 1688 τε
551 1635 744 1703 Πατρὸς
782 1637 858 1687 καὶ
897 1641 981 1687 τοῦ
1007 1639 1140 1687 Υἱοῦ.
1195 1632 1259 1686 ὧν
1294 1632 1387 1701 γὰρ
1426 1632 1451 1684 ὅ
1490 1634 1635 1696 ἐστιν,
1667 1634 1718 1683 ἐκ

126 1722 252 1770 Θεοῦ
292 1718 413 1772 Θεὸς
449 1717 684 1783 δηλονότι,
715 1717 895 1771 τέλειος
933 1719 984 1769 ἐκ
1021 1716 1214 1780 τελείου,
1247 1715 1491 1784 χαρακτὴρ
1525 1717 1712 1781 ἀπαρα-

58 1822 108 1848 20
123 1800 317 1865 ποίητος
352 1803 436 1865 τῆς
473 1806 556 1852 τοῦ
595 1800 915 1866 γεννήσαντος
954 1800 1133 1861 οὐσίας,
1173 1803 1400 1865 λογιεῖται
1440 1796 1526 1862 μὲν
1563 1796 1718 1864 ἕτερον

124 1881 272 1946 οὐδὲν,
299 1880 328 1947 ἢ
357 1882 472 1949 ὅπερ
500 1881 559 1933 ἂν
585 1884 661 1933 καὶ
688 1880 827 1936 αὐτὸς
855 1882 1109 1948 λογίσαιτο
1140 1880 1301 1949 τυχὸν,
1330 1880 1473 1947 οὗπέρ
1507 1881 1611 1930 ἐστι
1642 1881 1717 1930 καὶ

123 1964 279 2029 βουλὴ
313 1967 388 2016 καὶ
417 1964 591 2030 Λόγος·
634 1963 853 2029 ἐθελήσει
888 1963 936 2015 δὲ
970 1963 1161 2017 πάντως
1195 1961 1254 2014 τά
1289 1961 1408 2014 αὐτὰ
1443 1965 1510 2032 τῷ
1538 1962 1713 2027 Πατρὶ,
1736 1986 1758 2014 e

124 2052 221 2101 τοῖς
255 2048 424 2110 αὐτοῖς,
450 2047 506 2098 ἵν’
536 2047 682 2100 οὕτως
711 2046 839 2108 ε’ίπω,
866 2049 950 2110 τῆς
976 2045 1347 2110 ὁμοουσιότητος
1374 2044 1547 2108 νόμοις,
1573 2047 1636 2098 εἰς
1662 2042 1718 2094 τὸ

123 2128 282 2181 πάντα
308 2128 583 2180 συνεθὲλειν
608 2127 669 2180 τὰ
696 2128 853 2195 ἀγαθὰ
879 2132 946 2198 τῷ
974 2130 1132 2195 Πατρὶ
1159 2126 1663 2194 συνδιακρατούμενος.

59 2229 107 2269 25
200 2211 524 2278 Σκανδαλίζου
550 2216 815 2277 τοιγαροῦν,
843 2210 1075 2279 ἄνθρωπε,
1102 2212 1343 2275 μηδαμῶς,
1371 2209 1484 2260 ὅταν
1510 2206 1720 2275 ἀκούσῃς

124 2294 348 2361 λέγοντος
378 2292 702 2354 Καταβὲβηκά
734 2293 784 2345 ἐκ
816 2295 889 2344 τοῧ
921 2294 1089 2363 οὐρανοῦ
1120 2296 1202 2356 οὐχ
1228 2292 1302 2344 ἵνα,
1328 2290 1444 2343 vot&
1468 2290 1513 2341 τὶ
1545 2288 1720 2357 θέλημά

125 2379 170 2428 τὶ
199 2376 298 2442 ἐμὶν
323 2374 459 2427 ἀλλα,
492 2374 538 2427 τὶ
573 2373 748 2444 θέλημά
779 2377 850 2426 τοῦ
879 2371 1159 2444 πέμψαντός
1192 2397 1267 2443 με.
1310 2372 1335 2424 ὃ
1371 2371 1465 2439 γὰρ
1497 2370 1721 2437 ἐλέγομεν

125 2458 183 2527 ἐξ
205 2459 368 2525 ἀρχῆς,
395 2462 534 2509 τοῦτο
561 2456 710 2509 πάλιν
735 2458 943 2524 ἐροῦμεν.
1003 2456 1122 2508 κατὰ
1148 2455 1430 2523 πράγματος
1456 2453 1720 2520 ὡρισμένου

127 2542 203 2592 καὶ
244 2542 466 2607 ἐναργοῦς
507 2537 591 2590 τὸν
629 2541 704 2592 ἐπὶ
745 2538 897 2610 τούτῳ
941 2537 1092 2606 λόγον
1130 2536 1389 2602 ἐποιήσατο
1427 2538 1452 2588 ὁ
1489 2534 1719 2602 Χριστός.

178 2713 208 2737 1.
234 2700 396 2747 ὂφλὴσῃς
414 2701 460 2736 D.
750 2714 784 2745 4,
802 2710 835 2744 5.
861 2700 1098 2736 πᾶν-οὐσίαν
1115 2699 1198 2734 citat
1216 2699 1355 2733 Veccus
1373 2698 1410 2732 in
1428 2696 1632 2743 Epigraphe
1648 2695 1720 2731 xiii.

127 2759 161 2794 5.
187 2747 325 2794 πασῶν]
348 2748 432 2792 ζωὴν
449 2748 509 2792 τὴν
524 2751 646 2783 πασῶν
664 2747 707 2783 Β.
723 2748 834 2782 invito
850 2748 981 2782 Vecco.
1129 2757 1182 2781 10.
1209 2745 1250 2790 δὴ
1268 2743 1360 2789 οἶμαι
1376 2745 1517 2779 inverso
1535 2743 1658 2778 ordine
1676 2743 1720 2779 B.

132 2795 186 2831 16.
212 2810 249 2830 τε
266 2800 490 2839 assumptum
507 2806 549 2829 ex
569 2795 611 2830 B.
837 2795 890 2829 18.
917 2794 937 2828 ὅ
953 2806 1023 2828 om.
1045 2793 1089 2828 B.
1329 2803 1384 2836 19.
1409 2790 1556 2836 τέλειος]
1579 2794 1617 2831 -1-
1638 2791 1657 2823 ὁ
1676 2789 1719 2824 Β.

129 2854 185 2877 21.
210 2841 332 2887 οὗπερ]
352 2843 370 2875 ὁ
389 2841 492 2886 οὗπερ
511 2841 555 2875 Β.
739 2852 794 2875 22.
821 2841 858 2875 δὲ
876 2853 945 2876 om.
966 2841 1008 2875 B.
1189 2847 1316 2883 25—p.
1333 2837 1413 2883 496,
1436 2846 1491 2882 17.
1519 2837 1617 2871 Haec
1635 2837 1722 2870 citat

130 2889 241 2924 Cone.
261 2900 368 2933 supra
386 2888 443 2922 cit.
462 2888 528 2923 col.
546 2887 628 2934 836.
645 2887 700 2924 ed.
721 2887 843 2928 coleti,
862 2894 896 2922 et
914 2886 1004 2922 Cod.
1022 2886 1173 2920 Vienn.:
1201 2885 1328 2929 partim
1346 2895 1487 2931 quoque
1510 2884 1662 2918 citantur
1684 2883 1721 2917 in

130 2935 240 2972 Cone.
260 2935 374 2970 Later.
393 2946 490 2980 supr.
509 2935 567 2970 cit.
714 2945 769 2980 29.
796 2935 814 2968 ὁ
832 2939 1058 2980 assumptum
1075 2945 1116 2967 ex
1137 2931 1248 2967 Cone.

1783 2463 1891 2504 Supra

1784 2515 1845 2547 333
1859 2517 1887 2539 θ-
