2084 3317
349 149 431 188 5522
750 148 799 188 Β.
834 148 1112 189 CYRILLI
1154 149 1536 190 ALEXANDR.
1795 146 1937 199 vi.51.

350 253 490 318 νόμος
516 254 575 306 τὰ
602 261 793 307 τοιαῦτα
819 258 1049 309 διετύπου·
1087 258 1411 326 προανεφώνει
1439 256 1488 309 δὲ
1513 256 1662 309 πάλιν
1687 254 1770 307 τὸν
1795 255 1940 321 ἄρτον

350 336 496 390 ὅντως
528 337 611 389 τὸν
638 337 867 402 ἀληθινὸν
893 338 974 389 τὸν
1000 340 1057 407 ἐξ
1091 341 1288 406 οὐρανοῦ
1323 343 1698 408 καταφοιτῶντα,
1723 336 1940 388 τουτέστι

125 419 265 504 ἓὲξῑὲδ
350 418 581 484 Χριστὸν,
623 421 697 470 καὶ
741 419 862 485 ζωὴν
903 419 1092 471 διδόντα
1133 424 1200 489 τῷ
1241 419 1426 490 κόσμῳ.
1495 419 1637 472 ἐννόει
1679 418 1773 486 γὰρ
1813 418 1941 471 ὅπως

350 501 597 567 ἄνθρωπος
633 500 740 551 καθ’
769 502 890 565 ἡμᾶς
929 502 1005 552 διὰ
1040 502 1126 566 τὴν
1161 502 1281 568 πρὸς
1320 504 1439 567 ἡμᾶς
1479 504 1706 566 ὁμοίωσιν
1741 522 1936 567 γεγενη-

349 583 498 644 μένος,
549 582 740 651 ἀπαρχή
791 605 861 637 τις
912 582 1078 650 ὥσπερ
1129 590 1212 635 τοῦ
1262 585 1485 652 ἡμετέρου
1536 583 1814 653 φυράματος
1865 582 1940 632 καὶ
1961 597 1982 636 5

124 668 233 754 ᾗῗᾞῤ
310 690 331 716 e
349 663 599 731 ἀφόρισμα
624 663 744 715 κατὰ
778 663 832 715 τὸ
867 666 1207 731 γεγραμμένον,
1235 666 1426 730 ἀνετέθη
1452 669 1519 735 τῷ
1545 668 1654 734 Θεῷ
1681 667 1758 715 καὶ
1786 664 1942 729 Πατρὶ

172 736 178 743 ’
237 736 243 743 ’
347 743 646 810 πρωτότοκος
695 747 744 796 ἐκ
797 751 973 813 νεκρῶν
1024 748 1419 813 ἀναδεδειγμένος,
1474 750 1548 798 καὶ
1607 743 1800 813 ἀπαρχὴ
1858 747 1941 808 τῆς

349 825 572 877 ἁπάντων
616 826 928 881 ἀναστάσεως
978 832 1039 882 εἰς
1091 828 1233 880 αὑτὸν
1284 828 1554 890 ἀναβαίνων
1596 828 1680 879 τὸν
1723 825 1936 893 οὐρανόν

125 907 212 938 Heb.
231 907 264 939 ii.

128 951 176 982 16.
347 906 538 975 ἐλήφθη
572 908 659 971 μὲν
696 908 790 975 γὰρ
825 910 881 978 ἐξ
913 910 1059 974 ἡμῶν,
1091 911 1366 977 σπέρματος
1391 910 1620 978 Ἀβραὰμ
1657 907 1938 970 ἐπελάβετο,

457 989 470 1003 Ι
607 992 617 1005 ξ
750 996 770 1006 Α
823 991 833 1006 Ι
1112 994 1123 1009 5
1221 993 1234 1009 Ι
1367 993 1378 1011 ἱ
1434 995 1445 1009 ‘
1530 995 1540 1009 5
1624 993 1635 1007 ἒ
1697 991 1708 1005 s
1925 991 1940 1009 Ν

347 995 558 1056 καθαπερ
599 1013 622 1041 ο
661 995 860 1045 Παυλος
898 996 1065 1060 φησιν,
1097 997 1289 1057 ανετεθη
1330 996 1377 1044 δε
1418 1016 1480 1046 ως
1518 992 1576 1062 εξ
1609 1014 1832 1043 απαντων
1865 1013 1940 1041 και
1963 1014 2012 1039 10

349 1071 463 1138 ὑπὲρ
498 1072 705 1135 πάντων,
731 1073 807 1124 ἵνα
840 1073 948 1127 τοὺς
981 1073 1162 1129 πάντας
1198 1074 1480 1143 ζωοποιήσῃ,
1518 1076 1592 1126 καὶ
1636 1073 1847 1139 καθάπερ
1888 1072 1946 1141 ἐξ

347 1152 532 1207 ἅλωνος
568 1153 758 1221 δράγμα
793 1154 847 1206 τὸ
882 1161 1072 1221 πρῶτον
1099 1157 1390 1225 ἀναφέρηται
1423 1160 1490 1226 τῷ
1518 1160 1627 1225 Θεῷ
1661 1158 1736 1206 καὶ
1764 1155 1936 1221 Πατρί.

348 1233 512 1301 ὥσπερ
549 1236 597 1287 δὲ
633 1236 859 1304 ὑπάρχων
891 1239 988 1288 κατ’
1019 1237 1247 1302 ἀλήθειαν
1274 1243 1391 1307 φῶς,
1415 1240 1610 1290 ἐπετίθει
1645 1243 1741 1291 τοῖς
1776 1239 1942 1289 ἑαυτοῦ

123 1330 209 1390 ξ56
223 1329 275 1364 Α.
310 1339 331 1363 a
348 1321 579 1381 μαθηταῖς
606 1315 692 1381 τὴν
718 1317 812 1370 ἀπὸ
841 1325 924 1370 τοῦ
949 1319 1229 1386 πράγματος
1255 1320 1408 1388 χάριν·
1439 1328 1466 1350 “
1485 1322 1647 1385 “Υμεῖς
1673 1318 1764 1387 γάρ
1790 1319 1939 1383 ἐστε,”

122 1379 286 1463 ῗῖἲῐίῖὼ
349 1402 486 1467 φησὶ,
523 1407 548 1429 “
574 1399 629 1451 τὸ
669 1405 772 1469 φῶς
810 1407 893 1452 τοῦ
932 1402 1163 1467 κόσμου·”
1205 1403 1326 1454 οὕτω
1366 1405 1440 1454 καὶ
1479 1404 1620 1469 ἄρτος
1659 1401 1885 1470 ὑπάρχων
1916 1402 1941 1453 ὃ
1966 1418 2012 1457 15

347 1482 437 1548 ζῶν
464 1484 538 1532 καὶ
567 1484 590 1533 ὁ
617 1482 774 1534 πάντα
800 1482 1046 1550 ζωογονῶν
1070 1487 1146 1535 καὶ
1182 1484 1301 1552 πρὸς
1337 1484 1392 1536 τὸ
1427 1484 1541 1537 εἶναι
1576 1485 1805 1552 συνέχων,
1833 1484 1942 1535 καθ’

348 1563 605 1628 ὁμοιότητα
642 1565 792 1616 πάλιν
826 1568 900 1617 καὶ
938 1566 1014 1617 διὰ
1049 1571 1188 1622 σκιᾶς
1222 1570 1304 1632 τῆς
1341 1567 1461 1619 κατὰ
1495 1568 1578 1619 τὸν
1615 1567 1775 1630 νόμον,
1806 1568 1869 1620 ὡς
1893 1568 1942 1618 ἐν

348 1646 506 1712 ἄρτοις
546 1647 727 1699 δώδεκα
765 1647 848 1699 τὸν
887 1647 1009 1716 ἱερὸν
1049 1650 1280 1702 ἀνετύπου
1318 1655 1412 1701 τῶν
1451 1648 1741 1701 ἀποστόλων
1779 1648 1939 1717 χορόν.

122 1731 264 1805 {22³—
348 1728 477 1793 λέγει
524 1728 618 1796 γὰρ
664 1731 811 1783 οὕτως
857 1732 906 1781 ἐν
944 1736 1011 1801 τῷ
1051 1735 1278 1802 Λευιτικῲ
1317 1739 1344 1762 “
1370 1734 1463 1784 Καὶ
1508 1731 1720 1796 ἐλάλησε
1769 1730 1943 1797 Κύριος

125 1826 154 1857 3·
348 1816 376 1838 “
401 1810 521 1875 πρὸς
568 1815 790 1876 Μωυσῆν
829 1812 985 1878 λέγων
1014 1813 1262 1865 ’Έντειλαι
1304 1820 1401 1869 τοῖς
1446 1818 1558 1869 υἱοῖς
1602 1812 1822 1880 Ἰσραὴλ,
1866 1814 1942 1864 καὶ
1963 1834 2014 1860 20

348 1898 376 1920 ‘⁶
402 1893 690 1953 λαβέτωσαν
734 1917 814 1945 σοι
867 1893 1028 1946 ἐ’λαιον
1070 1896 1259 1947 ἐλάϊνον
1301 1896 1508 1963 καθαρὸν
1552 1896 1836 1960 κεκομμένον
1879 1899 1943 1949 εἷς

302 1968 376 2008 b“
403 1977 522 2042 φῶς,
565 1981 738 2026 καῦσαι
776 1977 955 2044 λύχνον
997 1977 1073 2028 διὰ
1115 1977 1294 2032 παντὸς
1334 1978 1508 2047 ε”ξωθεν
1548 1984 1632 2029 τοῦ
1670 1976 1939 2029 καταπετά-

348 2063 376 2085 “
403 2079 588 2119 σματος
632 2059 680 2107 ἐν
722 2062 780 2126 τῇ
826 2064 982 2127 σκηνῇ
1030 2066 1113 2111 τοῦ
1162 2061 1461 2126 μαρτυρίου.”
1530 2058 1629 2111 εἶτά
1673 2063 1825 2129 φησιν
1867 2060 1941 2110 ἐπὶ

124 2148 270 2189 1b.5—7.
348 2139 531 2192 τούτοις
564 2147 590 2169 “
614 2142 709 2190 Καὶ
749 2139 973 2210 λήψεσθε
1012 2144 1263 2204 σεμίδαλιν
1303 2145 1377 2193 καὶ
1413 2142 1634 2206 ποιήσετε
1669 2141 1814 2206 αὐτὴν
1843 2140 1938 2191 δώ-

349 2228 376 2250 “
402 2223 514 2272 δεκα
541 2221 723 2288 ἄρτους,
752 2223 834 2273 δύο
860 2224 1069 2274 δεκάτων
1094 2224 1230 2275 ἔσται
1259 2226 1283 2276 ὁ
1314 2225 1456 2290 ἄρτος
1490 2226 1515 2276 ὁ
1549 2223 1627 2279 εἷς·
1672 2225 1747 2275 καὶ
1774 2222 1935 2288 ἐπιθή-
1964 2238 2013 2277 25

347 2309 376 2331 ‘⁶
401 2325 511 2353 σετε
551 2303 718 2358 αὐτοὺς
758 2304 840 2355 δύο
879 2305 1073 2368 θέματα,
1106 2305 1163 2375 ’ἐξ
1198 2306 1367 2372 ἄρτους
1405 2306 1460 2358 τὸ
1499 2305 1549 2356 ἓν
1583 2306 1715 2371 equa,
1748 2307 1822 2357 ἐπὶ
1856 2304 1943 2369 τὴν

350 2391 376 2414 “
401 2384 635 2451 τράπεζαν
669 2385 755 2450 τὴν
795 2386 1006 2453 καθαρὰν
1044 2388 1197 2438 ἔναντι
1240 2390 1430 2455 Κυρίου,
1469 2390 1542 2439 καὶ
1582 2389 1831 2453 ἐπιθήσετε
1868 2390 1944 2440 ἐπὶ

349 2474 376 2497 “
402 2466 456 2518 τὸ
492 2468 611 2531 θέμα
652 2469 852 2530 λίβανον
877 2468 1084 2536 καθαρὸν
1119 2475 1194 2520 καὶ
1230 2469 1367 2534 ἅλας,
1397 2472 1473 2522 καὶ
1508 2471 1642 2522 ε”σται
1678 2474 1740 2524 εἷς
1774 2471 1943 2537 ἄρτους

349 2557 376 2579 “
403 2553 466 2603 εἷς
505 2549 772 2615 ἀνάμνησιν
810 2552 1093 2618 προκείμενα
1130 2556 1195 2621 τῷ
1239 2554 1443 2623 Κυρίω.”

425 2631 616 2699 Λύχνον
651 2632 735 2695 μὲν
771 2634 852 2700 οὖν
888 2633 971 2684 τὸν
1005 2636 1052 2684 ἐν
1088 2638 1145 2702 τῇ
1185 2635 1298 2703 ἁγίᾳ
1336 2639 1508 2704 σκηνῇ,
1539 2638 1614 2686 καὶ
1652 2634 1826 2703 ἔξωθεν
1859 2640 1942 2687 τοῦ
1964 2650 2013 2687 30

312 2740 331 2765 e
352 2713 774 2779 καταπετάσματος
814 2714 896 2767 τὸν
928 2715 1325 2783 καταφωτίζοντα,
1353 2716 1435 2768 τὸν
1464 2716 1693 2783 μακάριον
1717 2715 1942 2782 Ἰωάννην

398 2868 430 2900 9.
456 2857 516 2899 μέν
533 2868 604 2892 om.
625 2858 670 2893 B.
732 2857 944 2904 σπέρματος]
970 2862 1006 2898 4-
1027 2858 1092 2903 γὰρ
1113 2857 1178 2892 Ed.
1196 2858 1307 2892 invito
1331 2859 1369 2892 Β.
1518 2870 1570 2901 14.
1597 2856 1811 2903 πράγματος]
1832 2858 1940 2902 γράμ-

350 2918 453 2945 ματος
475 2903 515 2937 Β.
618 2905 669 2940 16.
694 2907 820 2942 πάντας
843 2906 882 2939 Β.
994 2906 1047 2939 IS.
1073 2903 1205 2949 ἄρτοις]
1226 2905 1313 2949 ἀρχῇ
1335 2907 1406 2941 τοῖς
1426 2905 1454 2939 Β
1473 2918 1513 2939 ex
1532 2917 1620 2940 corr.
1731 2914 1786 2949 25.
1813 2904 1939 2938 δυοδω-

353 2949 492 2984 δέκατον
513 2950 551 2984 Β.
619 2953 636 2983 ὁ
655 2953 752 2997 prius
771 2958 996 2997 assumptum
1016 2964 1056 2986 ex
1079 2952 1169 2986 BD.
1268 2963 1323 2996 31-
1351 2954 1409 2987 τὸν
1427 2953 1524 2997 prius
1543 2958 1766 2997 assumptum
1784 2963 1825 2985 ex
1846 2951 1890 2985 Β.
