2084 3317
149 130 203 171 iv.
227 145 292 175 22.
398 133 471 172 IN
514 133 556 172 S.
592 131 926 172 JOANNEM.
990 131 1113 171 LIB.
1148 131 1206 171 ΙΙ.
1270 132 1402 171 CAP.
1433 133 1480 171 V.
1654 134 1730 172 5281

148 240 383 306 τυχούσης
410 241 642 303 ἀκοσμίας
669 240 783 290 ε’ίσω
809 238 1014 304 γεγονὼς
1041 239 1323 306 ὀφθήσεται.
1379 239 1497 307 δόξα
1531 239 1616 302 μὲν
1642 242 1734 304 γὰρ

148 322 272 390 αὐτῷ
316 321 370 372 τὸ
415 325 641 386 γεννῆσαι
689 326 913 382 τοιοῦτον,
955 321 1113 373 ὁποῖός
1151 343 1239 386 περ
1280 319 1337 371 ἂν
1377 320 1577 388 ὑπάρχοι
1615 321 1734 371 κατὰ

148 403 296 467 φύσιν
322 404 473 456 αὐτός’
512 404 561 453 ἐκ
588 402 635 453 δὲ
661 407 756 453 τῶν
779 402 998 453 ἐναντίων
1024 400 1194 469 αἶσχος
1220 403 1274 452 οὐ
1299 400 1466 467 μικρὸν
1491 405 1732 468 ἑτερογενῆ

145 506 194 533 τε
231 488 305 534 καὶ
341 485 551 550 ἔκφυλον
575 484 696 552 ε”χειν
722 483 805 536 τὸν
830 485 886 553 ἐξ
916 485 1097 542 ἑαυτοῦ,
1127 486 1200 534 καὶ
1232 489 1398 535 παθεῖν
1425 507 1468 534 τι
1500 489 1729 543 τοιοῦτον,

105 563 171 618 5ῖ)
206 567 280 615 καὶ
318 565 434 630 αὑτὴ
470 571 565 617 τῶν
589 571 799 632 γενητῶν
826 566 1206 633 ἀπενάρκησενὴ
1244 566 1405 633 φύσις.
1462 567 1602 616 τίκτει
1639 565 1733 631 γὰρ

145 647 321 698 ἑαυτῶν
353 649 435 698 οὐκ
475 649 694 716 αἰσχίονα
732 647 791 699 τὰ
829 654 911 699 τοῦ
949 649 1117 699 τίκτειν
1151 648 1365 716 λαχόντα
1403 647 1489 711 τὴν
1524 647 1733 712 δύναμιν,

146 727 240 798 ὅρῳ
271 732 344 780 καὶ
379 729 613 794 βουλήσει
644 736 726 780 τοῦ
760 729 951 781 πάντων
980 735 1299 796 Δημιουργοῦ.
1357 737 1382 759 “
1408 729 1733 798 Ἐξενεγκάτω

146 816 173 838 “
199 809 306 876 γὰρ,
347 813 511 880 φησὶν,
552 812 579 875 ἡ
622 814 682 877 γῆ
725 810 932 875 βοτάνην
972 810 1158 878 χόρτου,
1199 814 1274 862 καὶ
1313 812 1463 880 ξύλον
1502 811 1735 877 κάρπιμον

145 898 173 920 “
198 892 344 960 φέρον
374 893 567 958 σπέρμα
602 892 722 943 κατὰ
757 893 889 958 γένος
923 895 998 943 καὶ
1033 895 1140 943 καθ’
1171 893 1446 956 ὁμοι’ωσιν.”
1496 896 1663 944 οὐκοῦν
1688 896 1736 944 ἐν

79 995 125 1018 10
145 974 372 1040 δευτέροις
398 975 482 1038 μὲν
508 980 601 1025 τῶν
627 979 836 1041 γενητῶν
862 974 995 1025 ε”σται
1021 973 1075 1025 τὸ
1100 980 1237 1037 θεῖον,
1255 975 1381 1041 ε’ίπερ
1407 977 1555 1026 ἐκεῖνα
1582 975 1668 1038 μὲν
1689 979 1736 1026 ἐν

143 1054 336 1118 τούτοις,
364 1056 418 1107 τὸ
446 1057 493 1107 δὲ
521 1059 751 1120 οὐδαμῶς·
795 1055 820 1107 ὃ
847 1056 896 1107 δὲ
921 1056 1116 1122 πρέπειν
1142 1080 1189 1107 τε
1225 1058 1342 1120 ὁμοῦ
1378 1060 1452 1108 καὶ
1489 1060 1734 1124 διωρίσθαι

144 1142 301 1192 καλῶς
336 1140 410 1189 ἐπὶ
446 1144 544 1192 ταῖς
575 1140 624 1189 ἐκ
649 1143 744 1190 τῶν
770 1138 919 1189 ὄντων
946 1140 1184 1206 διαδοχαῖς
1209 1139 1541 1208 ἐπεψηφίζετο,
1568 1140 1734 1190 τούτου

143 1218 199 1283 δὴ
227 1221 302 1270 καὶ
328 1219 469 1281 μόνος
496 1220 737 1272 ἁλώσεται
763 1221 1047 1286 διαμαρτών.

217 1302 303 1356 Τίς
341 1301 398 1352 ἂν
436 1303 530 1365 οὖν,
571 1301 608 1354 ὦ
646 1301 912 1366 βέλτιστοι,
952 1301 1191 1369 λεγόντων
1229 1304 1504 1371 ἀνάσχοιτο,
1542 1305 1736 1369 πρέπειν

78 1394 123 1432 15
143 1387 209 1452 τῷ
235 1383 333 1453 ἰδίῳ
360 1384 602 1451 γεννήτορι
627 1390 910 1451 προσκυνεῖν
942 1384 1024 1435 τὸν
1050 1383 1198 1445 Υἱόν;
1239 1385 1398 1449 ἐπειδὴ
1427 1385 1476 1436 δὲ
1500 1391 1596 1440 τοῖς
1622 1388 1731 1452 παρ’

143 1466 272 1527 ὑμῶν
309 1466 639 1530 προστέθειται
678 1466 854 1532 λόγοις,
888 1469 951 1520 ὡς
989 1466 1094 1517 οὐδὲ
1133 1467 1419 1531 ἀνεθέλητον
1457 1470 1523 1535 τῷ
1564 1472 1728 1518 Μονο-

143 1551 269 1610 γενεῖ
308 1546 361 1597 τὸ
407 1547 607 1614 πρᾶγμά
651 1550 768 1611 ἐστι,
814 1551 888 1599 καὶ
940 1549 1114 1612 ταύτην
1159 1549 1268 1612 ἡμῖν
1314 1549 1603 1616 ἐπιτειχίζετε
1649 1550 1735 1614 τὴν

142 1628 478 1680 ἀναπόδεικτον
504 1630 726 1699 ἀφορμὴν
753 1629 847 1681 ἀπὸ
882 1630 1029 1694 μόνου
1065 1629 1296 1692 λαβόντες
1331 1637 1415 1682 τοῦ
1449 1633 1730 1698 πρέποντος,

143 1710 255 1779 φέρε
281 1710 430 1762 πάλιν
455 1713 506 1762 ἐκ
530 1717 626 1762 τῶν
653 1715 787 1778 ἱερῶν
814 1712 1109 1778 γραμμάτων
1135 1714 1209 1763 καὶ
1243 1719 1382 1764 τοῦτο
1408 1714 1729 1781 κατασκεψώ-

76 1810 124 1835 20
141 1796 276 1855 μεθα,
316 1792 421 1844 ὅθεν
460 1791 586 1857 οἶμαι
625 1793 840 1856 μάλιστα
878 1793 1136 1859 προσήκειν
1175 1799 1414 1860 θηρᾶσθαι
1453 1794 1735 1860 σπουδάζειν

141 1873 227 1937 τὴν
263 1875 335 1943 ἐφ’
372 1874 560 1945 ἑκάστῳ
598 1880 693 1926 τῶν
732 1875 1023 1942 ζητουμένων
1061 1876 1319 1946 ἀπόδειξιν.
1379 1878 1548 1928 οὐκοῦν
1588 1879 1612 1928 ὁ
1651 1878 1734 1940 μὲν

143 1955 283 2020 νόμος
327 1961 663 2008 συντελεῖσθαι
708 1959 817 2024 παρ’
865 1958 1071 2009 ἑκάστου
1120 1963 1216 2009 τῶν
1260 1960 1499 2011 Ἰουδαίων
1543 1963 1610 2029 τῷ
1661 1962 1736 2011 ἐπὶ

141 2037 323 2092 πάντας
359 2038 458 2090 ὅντι
495 2043 604 2108 Θεῷ
631 2047 642 2068 ‘

646 2039 733 2091 ίτὸ
768 2041 917 2105 ἥμισυ
952 2046 1035 2091 τοῦ
1072 2040 1364 2108 διδράχμου”
1391 2043 1732 2107 προσέταττεν,

143 2121 226 2171 οὐκ
257 2122 604 2188 ἀργυρολογίας
636 2121 890 2187 ἐπινοήσας
923 2124 1124 2188 εὕρεσιν,
1154 2123 1257 2174 οὐδὲ
1285 2123 1541 2191 χρημάτων
1567 2128 1737 2174 εἰκαῖον

77 2215 124 2253 25
143 2201 412 2268 ἐρανισμὸν,
460 2203 592 2254 ἀλλά
637 2204 884 2254 παίδευσίν
927 2227 1032 2254 τινα
1077 2205 1133 2254 δι’
1179 2205 1541 2271 ἐναργεστάτων
1586 2207 1732 2269 ὑπεμ-

144 2285 411 2352 φαίνουσαν
442 2285 620 2336 τύπων”
668 2290 858 2351 πρῶτον
890 2289 986 2350 μὲν,
1015 2286 1085 2337 ὅτι
1115 2286 1273 2352 κύριός
1311 2289 1442 2338 ἐστιν
1479 2288 1625 2341 οὐδεὶς
1657 2290 1739 2351 τῆς

144 2367 261 2420 ἰδίας
295 2370 522 2434 κεφαλῆς,
554 2368 634 2419 ἕνα
673 2368 722 2418 δὲ
761 2372 803 2418 οἱ
843 2367 1016 2423 πάντες
1048 2369 1309 2433 κεκτήμεθα
1343 2374 1401 2437 τῇ
1436 2374 1531 2420 τῶν
1562 2376 1732 2421 τελεσ-

142 2446 305 2510 μάτων
331 2448 571 2517 καταθήκῃ
609 2449 729 2517 πρὸς
766 2453 982 2502 δουλείαν
1009 2451 1436 2520 καταγραφόμενοι·
1490 2449 1586 2501 εἶτα
1619 2450 1737 2517 πρὸς

143 2529 325 2584 τούτοις
360 2529 445 2584 τὰς
480 2532 530 2581 ἐκ
566 2537 647 2582 νοῦ
685 2555 735 2583 τε
771 2534 846 2583 καὶ
880 2532 1198 2597 πνευματικὰς
1233 2534 1574 2600 καρποφορίας·,
1602 2536 1663 2586 ὡς
1690 2535 1738 2583 ἐν

1754 492 1780 532 (1

1796 737 1880 767 Gen.
1895 738 1914 767 i.

1801 789 1847 810 Η.

1753 1903 1774 1926 a
1808 1893 1958 1927 189A,

1798 2051 1901 2081 Exml.

1798 2105 1876 2124 xxx.
1898 2104 1945 2132 τῇ),

77 2627 127 2663 30
144 2611 392 2682 παχυτέρῳ
424 2611 572 2664 πάλιν
604 2613 955 2684 ζωγραφοῦσαν
989 2613 1238 2681 γράμματί
1272 2637 1319 2667 τε
1359 2617 1433 2665 καὶ
1472 2613 1732 2680 πράγματι.
1754 2623 1781 2662 h

193 2756 226 2778 2.
252 2744 292 2778 ὅν
308 2759 372 2789 περ
391 2744 528 2778 inverso
546 2744 668 2779 ordine
687 2746 730 2781 Β.
854 2757 888 2790 3.
915 2748 933 2780 ὁ
952 2746 1051 2781 αὐτός
1070 2746 1112 2782 Β,
1237 2758 1269 2788 4.
1296 2747 1415 2779 ἑαυτοῦ
1435 2745 1528 2782 B.D.
1546 2745 1649 2779 αὐτοῦ
1668 2745 1735 2782 Ed,

146 2791 180 2824 8.
206 2790 224 2834 ἡ
242 2792 298 2836 γῆ,
316 2791 427 2835 φησὶν
442 2791 580 2825 inverso
598 2792 719 2826 ordine
739 2792 780 2826 B.
847 2792 969 2838 ξύλον]
987 2795 1054 2826 πᾶν
1071 2792 1175 2835 ξύλον
1195 2792 1261 2827 Ed.
1278 2792 1388 2826 invito
1408 2792 1448 2826 B.
1550 2791 1602 2826 16.
1624 2807 1735 2836 προσ-

145 2837 290 2871 τέθειται
311 2837 352 2872 Β.
374 2837 508 2880 Migne.
526 2838 783 2881 προστέθεινται
804 2839 871 2873 Ed.
937 2839 1145 2883 ἀναθέλητον
1164 2839 1210 2874 D.
1358 2849 1412 2874 20.
1438 2839 1607 2882 θηρᾶσθαι
1626 2853 1735 2873 σπουῆ

145 2884 256 2927 δάζειν
274 2890 353 2929 post
370 2883 541 2927 ἀπόδειξιν
560 2885 756 2930 transponit
776 2885 817 2921 B.
971 2885 1027 2920 26.
1053 2885 1148 2920 ἐστὶν
1165 2885 1274 2921 οὐδεὶς
1291 2886 1349 2929 τῆς
1366 2885 1451 2922 ἰδίας
1468 2885 1535 2921 hoc
1553 2885 1675 2922 ordine
1695 2885 1735 2924 B.

146 2930 242 2965 ἐστὶν
259 2937 338 2975 post
356 2930 440 2966 ἰδίας
457 2937 498 2966 tr.
519 2930 584 2965 Ed.

204 2997 295 3025 VOL.
320 2998 349 3026 Ι,
903 2998 928 3026 Ο
950 3001 973 3026 Ο
