<?xml version="1.0" encoding="UTF-8"?>
<!DOCTYPE html PUBLIC "-//W3C//DTD XHTML 1.0 Transitional//EN"
    "http://www.w3.org/TR/xhtml1/DTD/xhtml1-transitional.dtd">
<html xmlns="http://www.w3.org/1999/xhtml" xml:lang="en" lang="en">
 <head>
  <title>
</title>
<meta http-equiv="Content-Type" content="text/html;charset=utf-8" />
  <meta name='ocr-system' content='tesseract 3.04.00' />
  <meta name='ocr-capabilities' content='ocr_page ocr_carea ocr_par ocr_line ocrx_word'/>
</head>
<body>
  <div class='ocr_page' id='page_1' title='image "./operacyrilli03cyriuoft/operacyrilli03cyriuoft_0260.png"; bbox 0 0 2084 3317; ppageno 0'>
   <div class='ocr_carea' id='block_1_1' title="bbox 332 167 1915 211">
    <p class='ocr_par' dir='ltr' id='par_1_1' title="bbox 332 167 1915 211">
     <span class='ocr_line' id='line_1_1' title="bbox 332 167 1915 211; baseline -0.002 -2"><span class='ocrx_word' id='word_1_1' title='bbox 332 170 417 211; x_wconf 74' lang='lat'>204</span> <span class='ocrx_word' id='word_1_2' title='bbox 735 170 783 209; x_wconf 91' lang='lat' dir='ltr'>B.</span> <span class='ocrx_word' id='word_1_3' title='bbox 817 169 1085 210; x_wconf 83' lang='lat' dir='ltr'>CYRILLI</span> <span class='ocrx_word' id='word_1_4' title='bbox 1128 169 1507 209; x_wconf 86' lang='lat' dir='ltr'><strong>ALEXANDR.</strong></span> <span class='ocrx_word' id='word_1_5' title='bbox 1784 167 1825 207; x_wconf 87' lang='lat' dir='ltr'>ii.</span> <span class='ocrx_word' id='word_1_6' title='bbox 1852 179 1915 206; x_wconf 90' lang='lat'>11.</span> 
     </span>
    </p>
   </div>
   <div class='ocr_carea' id='block_1_2' title="bbox 333 273 1919 347">
    <p class='ocr_par' dir='ltr' id='par_1_2' title="bbox 333 273 1919 347">
     <span class='ocr_line' id='line_1_2' title="bbox 333 273 1919 347; baseline 0 -20"><span class='ocrx_word' id='word_1_7' title='bbox 333 278 358 327; x_wconf 84' lang='grc' dir='ltr'>ὁ</span> <span class='ocrx_word' id='word_1_8' title='bbox 397 277 592 341; x_wconf 78' lang='grc' dir='ltr'>σύμπας</span> <span class='ocrx_word' id='word_1_9' title='bbox 633 279 917 345; x_wconf 82' lang='grc' dir='ltr'>ε’κμετρεΐται</span> <span class='ocrx_word' id='word_1_10' title='bbox 955 278 1136 345; x_wconf 84' lang='grc' dir='ltr'>χρόνος.</span> <span class='ocrx_word' id='word_1_11' title='bbox 1198 278 1348 347; x_wconf 77' lang='grc' dir='ltr'>τούτῳ</span> <span class='ocrx_word' id='word_1_12' title='bbox 1388 282 1601 346; x_wconf 81' lang='grc' dir='ltr'>φανεῖται</span> <span class='ocrx_word' id='word_1_13' title='bbox 1640 273 1919 342; x_wconf 78' lang='grc' dir='ltr'>προσεοικὸς</span> 
     </span>
    </p>
   </div>
   <div class='ocr_carea' id='block_1_3' title="bbox 108 355 1961 845">
    <p class='ocr_par' dir='ltr' id='par_1_3' title="bbox 109 355 1961 752">
     <span class='ocr_line' id='line_1_3' title="bbox 109 355 1916 446; baseline -0.002 -37"><span class='ocrx_word' id='word_1_14' title='bbox 109 363 242 446; x_wconf 37' lang='lat' dir='ltr'>{siffis-3·</span> <span class='ocrx_word' id='word_1_15' title='bbox 331 358 385 409; x_wconf 83' lang='grc' dir='ltr'>τὸ</span> <span class='ocrx_word' id='word_1_16' title='bbox 422 360 475 408; x_wconf 87' lang='grc' dir='ltr'>δι’</span> <span class='ocrx_word' id='word_1_17' title='bbox 505 358 605 413; x_wconf 87' lang='grc' dir='ltr'>ἑνός</span> <span class='ocrx_word' id='word_1_18' title='bbox 642 383 734 411; x_wconf 87' lang='grc' dir='ltr'>που</span> <span class='ocrx_word' id='word_1_19' title='bbox 770 365 863 410; x_wconf 87' lang='grc' dir='ltr'>τῶν</span> <span class='ocrx_word' id='word_1_20' title='bbox 898 360 1044 425; x_wconf 84' lang='grc' dir='ltr'>ἁγίων</span> <span class='ocrx_word' id='word_1_21' title='bbox 1079 364 1340 427; x_wconf 81' lang='grc' dir='ltr'>προφητῶν</span> <span class='ocrx_word' id='word_1_22' title='bbox 1376 360 1612 424; x_wconf 77' lang='grc' dir='ltr'>εἰρημένον</span> <span class='ocrx_word' id='word_1_23' title='bbox 1640 365 1665 386; x_wconf 82' lang='grc'><strong>“</strong></span> <span class='ocrx_word' id='word_1_24' title='bbox 1688 355 1916 424; x_wconf 74' lang='grc' dir='ltr'>Πατάξει,</span> 
     </span>
     <span class='ocr_line' id='line_1_4' title="bbox 334 439 1920 506; baseline -0.002 -16"><span class='ocrx_word' id='word_1_25' title='bbox 334 447 359 468; x_wconf 85' lang='grc'><strong>“</strong></span> <span class='ocrx_word' id='word_1_26' title='bbox 386 442 461 491; x_wconf 82' lang='grc' dir='ltr'>καὶ</span> <span class='ocrx_word' id='word_1_27' title='bbox 499 440 708 503; x_wconf 88' lang='grc' dir='ltr'>μοτώσει</span> <span class='ocrx_word' id='word_1_28' title='bbox 747 442 880 505; x_wconf 82' lang='grc' dir='ltr'>ἡμᾶς,</span> <span class='ocrx_word' id='word_1_29' title='bbox 916 440 1102 506; x_wconf 85' lang='grc' dir='ltr'>ὑγιάσει</span> <span class='ocrx_word' id='word_1_30' title='bbox 1140 441 1258 504; x_wconf 82' lang='grc' dir='ltr'>ἡμᾶς</span> <span class='ocrx_word' id='word_1_31' title='bbox 1297 439 1415 503; x_wconf 81' lang='grc' dir='ltr'>μετὰ</span> <span class='ocrx_word' id='word_1_32' title='bbox 1450 440 1532 491; x_wconf 81' lang='grc' dir='ltr'>δύο</span> <span class='ocrx_word' id='word_1_33' title='bbox 1573 439 1744 505; x_wconf 74' lang='grc' dir='ltr'>ἡμέρας</span> <span class='ocrx_word' id='word_1_34' title='bbox 1782 440 1830 488; x_wconf 87' lang='grc' dir='ltr'>ἐν</span> <span class='ocrx_word' id='word_1_35' title='bbox 1862 442 1920 505; x_wconf 88' lang='grc' dir='ltr'>τῇ</span> 
     </span>
     <span class='ocr_line' id='line_1_5' title="bbox 332 519 1921 590; baseline -0.001 -19"><span class='ocrx_word' id='word_1_36' title='bbox 332 528 359 550; x_wconf 86' lang='lat'>“</span> <span class='ocrx_word' id='word_1_37' title='bbox 387 522 536 590; x_wconf 75' lang='grc' dir='ltr'>ἡμέρᾳ</span> <span class='ocrx_word' id='word_1_38' title='bbox 569 527 626 589; x_wconf 84' lang='grc' dir='ltr'>τῇ</span> <span class='ocrx_word' id='word_1_39' title='bbox 663 523 810 590; x_wconf 65' lang='grc' dir='ltr'>τρίτη</span> <span class='ocrx_word' id='word_1_40' title='bbox 858 526 932 572; x_wconf 81' lang='grc' dir='ltr'>καὶ</span> <span class='ocrx_word' id='word_1_41' title='bbox 959 521 1331 585; x_wconf 80' lang='grc' dir='ltr'>ἀναστησόμεθα</span> <span class='ocrx_word' id='word_1_42' title='bbox 1358 524 1432 572; x_wconf 76' lang='grc' dir='ltr'>καὶ</span> <span class='ocrx_word' id='word_1_43' title='bbox 1460 520 1698 588; x_wconf 75' lang='grc' dir='ltr'>ζησόμεθα</span> <span class='ocrx_word' id='word_1_44' title='bbox 1724 519 1921 570; x_wconf 86' lang='grc' dir='ltr'>ε’νώπιον</span> 
     </span>
     <span class='ocr_line' id='line_1_6' title="bbox 332 600 1961 671; baseline 0 -18"><span class='ocrx_word' id='word_1_45' title='bbox 332 611 357 632; x_wconf 80' lang='grc'><strong>“</strong></span> <span class='ocrx_word' id='word_1_46' title='bbox 385 605 540 665; x_wconf 82' lang='grc' dir='ltr'>αὐτοῦ,</span> <span class='ocrx_word' id='word_1_47' title='bbox 576 606 650 653; x_wconf 79' lang='grc' dir='ltr'>καὶ</span> <span class='ocrx_word' id='word_1_48' title='bbox 684 602 985 668; x_wconf 77' lang='grc' dir='ltr'>γνωσόμεθα·</span> <span class='ocrx_word' id='word_1_49' title='bbox 1030 603 1259 671; x_wconf 75' lang='grc' dir='ltr'>διώξομεν</span> <span class='ocrx_word' id='word_1_50' title='bbox 1293 609 1375 654; x_wconf 83' lang='grc' dir='ltr'>τοῦ</span> <span class='ocrx_word' id='word_1_51' title='bbox 1409 607 1584 668; x_wconf 90' lang='grc' dir='ltr'>γνῶναι</span> <span class='ocrx_word' id='word_1_52' title='bbox 1617 602 1700 652; x_wconf 80' lang='grc' dir='ltr'>τὸν</span> <span class='ocrx_word' id='word_1_53' title='bbox 1729 600 1961 666; x_wconf 83' lang='grc' dir='ltr'>Κύριον,5</span> 
     </span>
     <span class='ocr_line' id='line_1_7' title="bbox 332 680 1921 752; baseline -0.001 -18"><span class='ocrx_word' id='word_1_54' title='bbox 332 692 359 714; x_wconf 82' lang='lat'>“</span> <span class='ocrx_word' id='word_1_55' title='bbox 385 687 445 738; x_wconf 88' lang='grc' dir='ltr'>ὡς</span> <span class='ocrx_word' id='word_1_56' title='bbox 472 684 644 751; x_wconf 73' lang='grc' dir='ltr'>ὄρθρον</span> <span class='ocrx_word' id='word_1_57' title='bbox 671 685 855 748; x_wconf 79' lang='grc' dir='ltr'>ἕτοιμον</span> <span class='ocrx_word' id='word_1_58' title='bbox 883 684 1143 751; x_wconf 83' lang='grc' dir='ltr'>εὑρήσομεν</span> <span class='ocrx_word' id='word_1_59' title='bbox 1169 683 1354 735; x_wconf 82' lang='grc' dir='ltr'>αὐτόν.”</span> <span class='ocrx_word' id='word_1_60' title='bbox 1409 684 1583 752; x_wconf 69' lang='grc' dir='ltr'>ε”πληξε</span> <span class='ocrx_word' id='word_1_61' title='bbox 1610 683 1695 747; x_wconf 75' lang='grc' dir='ltr'>μὲν</span> <span class='ocrx_word' id='word_1_62' title='bbox 1721 682 1813 748; x_wconf 76' lang='grc' dir='ltr'>γὰρ</span> <span class='ocrx_word' id='word_1_63' title='bbox 1846 680 1921 732; x_wconf 75' lang='grc' dir='ltr'>διὰ</span> 
     </span>
    </p>

    <p class='ocr_par' dir='ltr' id='par_1_4' title="bbox 108 762 1918 845">
     <span class='ocr_line' id='line_1_8' title="bbox 108 762 1918 845; baseline -0.002 -29"><span class='ocrx_word' id='word_1_64' title='bbox 108 762 254 845; x_wconf 44' lang='lat' dir='ltr'>ffinAn.</span> <span class='ocrx_word' id='word_1_65' title='bbox 331 766 416 830; x_wconf 86' lang='grc' dir='ltr'>τὴν</span> <span class='ocrx_word' id='word_1_66' title='bbox 453 769 500 816; x_wconf 83' lang='grc' dir='ltr'>ἐν</span> <span class='ocrx_word' id='word_1_67' title='bbox 534 766 692 830; x_wconf 77' lang='grc' dir='ltr'>Ἀδὰμ</span> <span class='ocrx_word' id='word_1_68' title='bbox 731 767 1011 834; x_wconf 78' lang='grc' dir='ltr'>παράβασιν</span> <span class='ocrx_word' id='word_1_69' title='bbox 1047 767 1189 818; x_wconf 77' lang='grc' dir='ltr'>εἰπών</span> <span class='ocrx_word' id='word_1_70' title='bbox 1220 774 1247 796; x_wconf 82' lang='grc'>“</span> <span class='ocrx_word' id='word_1_71' title='bbox 1271 769 1340 830; x_wconf 81' lang='grc' dir='ltr'>Γῆ</span> <span class='ocrx_word' id='word_1_72' title='bbox 1382 764 1422 816; x_wconf 78' lang='grc' dir='ltr'>εἶ</span> <span class='ocrx_word' id='word_1_73' title='bbox 1457 767 1532 816; x_wconf 76' lang='grc' dir='ltr'>καὶ</span> <span class='ocrx_word' id='word_1_74' title='bbox 1572 769 1633 818; x_wconf 77' lang='grc' dir='ltr'>εἷς</span> <span class='ocrx_word' id='word_1_75' title='bbox 1671 768 1762 830; x_wconf 81' lang='grc' dir='ltr'>γῆν</span> <span class='ocrx_word' id='word_1_76' title='bbox 1801 766 1918 814; x_wconf 85' lang='grc' dir='ltr'>ἀπε-</span> 
     </span>
    </p>
   </div>
   <div class='ocr_carea' id='block_1_4' title="bbox 294 844 1992 1164">
    <p class='ocr_par' dir='ltr' id='par_1_5' title="bbox 294 844 1992 1164">
     <span class='ocr_line' id='line_1_9' title="bbox 294 844 1916 918; baseline -0.001 -20"><span class='ocrx_word' id='word_1_77' title='bbox 294 855 359 887; x_wconf 78' lang='lat' dir='ltr'>C“</span> <span class='ocrx_word' id='word_1_78' title='bbox 386 847 579 916; x_wconf 78' lang='grc' dir='ltr'>λεύσῃ·”</span> <span class='ocrx_word' id='word_1_79' title='bbox 634 849 688 899; x_wconf 86' lang='grc' dir='ltr'>τὸ</span> <span class='ocrx_word' id='word_1_80' title='bbox 729 848 776 899; x_wconf 76' lang='grc' dir='ltr'>δὲ</span> <span class='ocrx_word' id='word_1_81' title='bbox 815 853 975 918; x_wconf 77' lang='grc' dir='ltr'>φθορᾷ</span> <span class='ocrx_word' id='word_1_82' title='bbox 1012 852 1088 899; x_wconf 80' lang='grc' dir='ltr'>καὶ</span> <span class='ocrx_word' id='word_1_83' title='bbox 1127 848 1314 917; x_wconf 74' lang='grc' dir='ltr'>θανάτῳ</span> <span class='ocrx_word' id='word_1_84' title='bbox 1347 847 1594 913; x_wconf 80' lang='grc' dir='ltr'>πεπληγὸς</span> <span class='ocrx_word' id='word_1_85' title='bbox 1628 845 1776 898; x_wconf 87' lang='grc' dir='ltr'>πάλιν</span> <span class='ocrx_word' id='word_1_86' title='bbox 1808 844 1916 908; x_wconf 86' lang='grc' dir='ltr'>ἐμό-</span> 
     </span>
     <span class='ocr_line' id='line_1_10' title="bbox 332 929 1922 998; baseline -0.001 -18"><span class='ocrx_word' id='word_1_87' title='bbox 332 953 486 981; x_wconf 90' lang='grc' dir='ltr'>τωσεν</span> <span class='ocrx_word' id='word_1_88' title='bbox 531 930 669 984; x_wconf 81' lang='grc' dir='ltr'>αὐτὸς</span> <span class='ocrx_word' id='word_1_89' title='bbox 715 931 834 982; x_wconf 78' lang='grc' dir='ltr'>κατὰ</span> <span class='ocrx_word' id='word_1_90' title='bbox 879 930 964 996; x_wconf 86' lang='grc' dir='ltr'>τὴν</span> <span class='ocrx_word' id='word_1_91' title='bbox 1009 932 1171 998; x_wconf 82' lang='grc' dir='ltr'>τρίτην</span> <span class='ocrx_word' id='word_1_92' title='bbox 1211 930 1400 996; x_wconf 79' lang='grc' dir='ltr'>ἡμέραν,</span> <span class='ocrx_word' id='word_1_93' title='bbox 1445 929 1702 991; x_wconf 81' lang='grc' dir='ltr'>τουτέστιν,</span> <span class='ocrx_word' id='word_1_94' title='bbox 1748 929 1830 979; x_wconf 81' lang='grc' dir='ltr'>οὐκ</span> <span class='ocrx_word' id='word_1_95' title='bbox 1875 929 1922 978; x_wconf 85' lang='grc' dir='ltr'>ἐν</span> 
     </span>
     <span class='ocr_line' id='line_1_11' title="bbox 331 1010 1992 1080; baseline -0.002 -17"><span class='ocrx_word' id='word_1_96' title='bbox 331 1011 549 1078; x_wconf 79' lang='grc' dir='ltr'>πρώτοις,</span> <span class='ocrx_word' id='word_1_97' title='bbox 584 1012 687 1063; x_wconf 76' lang='grc' dir='ltr'>οὐδὲ</span> <span class='ocrx_word' id='word_1_98' title='bbox 726 1015 774 1063; x_wconf 89' lang='grc' dir='ltr'>ἐν</span> <span class='ocrx_word' id='word_1_99' title='bbox 812 1013 989 1076; x_wconf 73' lang='grc' dir='ltr'>με’σοις,</span> <span class='ocrx_word' id='word_1_100' title='bbox 1026 1015 1135 1064; x_wconf 84' lang='grc' dir='ltr'>ἀλλ’</span> <span class='ocrx_word' id='word_1_101' title='bbox 1179 1014 1226 1063; x_wconf 90' lang='grc' dir='ltr'>ἐν</span> <span class='ocrx_word' id='word_1_102' title='bbox 1264 1012 1484 1080; x_wconf 78' lang='grc' dir='ltr'>ἐσχάτοις</span> <span class='ocrx_word' id='word_1_103' title='bbox 1523 1016 1709 1078; x_wconf 80' lang='grc' dir='ltr'>καιροῖς,</span> <span class='ocrx_word' id='word_1_104' title='bbox 1750 1010 1825 1061; x_wconf 79' lang='grc' dir='ltr'>ὅτε</span> <span class='ocrx_word' id='word_1_105' title='bbox 1865 1010 1919 1060; x_wconf 86' lang='grc' dir='ltr'>δι’</span> <span class='ocrx_word' id='word_1_106' title='bbox 1946 1031 1992 1055; x_wconf 79' lang='lat'>10</span> 
     </span>
     <span class='ocr_line' id='line_1_12' title="bbox 331 1092 1922 1164; baseline -0.001 -21"><span class='ocrx_word' id='word_1_107' title='bbox 331 1093 451 1156; x_wconf 82' lang='grc' dir='ltr'>ἡμᾶς</span> <span class='ocrx_word' id='word_1_108' title='bbox 490 1093 740 1159; x_wconf 81' lang='grc' dir='ltr'>γενόμενος</span> <span class='ocrx_word' id='word_1_109' title='bbox 780 1095 1028 1161; x_wconf 77' lang='grc' dir='ltr'>ἅνθρωπος</span> <span class='ocrx_word' id='word_1_110' title='bbox 1066 1097 1173 1161; x_wconf 82' lang='grc' dir='ltr'>ὑγιᾶ</span> <span class='ocrx_word' id='word_1_111' title='bbox 1211 1096 1296 1159; x_wconf 88' lang='grc' dir='ltr'>τὴν</span> <span class='ocrx_word' id='word_1_112' title='bbox 1332 1094 1482 1164; x_wconf 82' lang='grc' dir='ltr'>φύσιν</span> <span class='ocrx_word' id='word_1_113' title='bbox 1516 1093 1755 1162; x_wconf 74' lang='grc' dir='ltr'>ἀπέδειξεν</span> <span class='ocrx_word' id='word_1_114' title='bbox 1790 1092 1922 1156; x_wconf 80' lang='grc' dir='ltr'>ὅλην,</span> 
     </span>
    </p>
   </div>
   <div class='ocr_carea' id='block_1_5' title="bbox 331 1175 1922 1246">
    <p class='ocr_par' dir='ltr' id='par_1_6' title="bbox 331 1175 1922 1246">
     <span class='ocr_line' id='line_1_13' title="bbox 331 1175 1922 1246; baseline -0.001 -21"><span class='ocrx_word' id='word_1_115' title='bbox 331 1176 381 1225; x_wconf 86' lang='grc' dir='ltr'>ἐκ</span> <span class='ocrx_word' id='word_1_116' title='bbox 418 1180 593 1242; x_wconf 81' lang='grc' dir='ltr'>νεκρῶν</span> <span class='ocrx_word' id='word_1_117' title='bbox 627 1176 907 1241; x_wconf 84' lang='grc' dir='ltr'>ἀναστήσας</span> <span class='ocrx_word' id='word_1_118' title='bbox 942 1179 989 1227; x_wconf 82' lang='grc' dir='ltr'>ἐν</span> <span class='ocrx_word' id='word_1_119' title='bbox 1019 1177 1178 1246; x_wconf 73' lang='grc' dir='ltr'>ἑαυτῷ.</span> <span class='ocrx_word' id='word_1_120' title='bbox 1231 1175 1379 1227; x_wconf 87' lang='grc' dir='ltr'>διάτοι</span> <span class='ocrx_word' id='word_1_121' title='bbox 1418 1182 1556 1227; x_wconf 83' lang='grc' dir='ltr'>τοῦτο</span> <span class='ocrx_word' id='word_1_122' title='bbox 1598 1179 1808 1225; x_wconf 83' lang='grc' dir='ltr'>καλεῖται</span> <span class='ocrx_word' id='word_1_123' title='bbox 1846 1175 1922 1224; x_wconf 75' lang='grc' dir='ltr'>καὶ</span> 
     </span>
    </p>
   </div>
   <div class='ocr_carea' id='block_1_6' title="bbox 113 1256 360 1287">
    <p class='ocr_par' dir='ltr' id='par_1_7' title="bbox 113 1256 360 1287">
     <span class='ocr_line' id='line_1_14' title="bbox 113 1256 360 1287; baseline -0.004 -1"><span class='ocrx_word' id='word_1_124' title='bbox 113 1265 124 1286; x_wconf 94' lang='lat'>1</span> <span class='ocrx_word' id='word_1_125' title='bbox 137 1256 209 1286; x_wconf 82' lang='lat' dir='ltr'>Cor.</span> <span class='ocrx_word' id='word_1_126' title='bbox 218 1266 271 1287; x_wconf 82' lang='lat' dir='ltr'>xv,</span> <span class='ocrx_word' id='word_1_127' title='bbox 335 1264 360 1285; x_wconf 74' lang='lat' dir='ltr'>cc</span> 
     </span>
    </p>
   </div>
   <div class='ocr_carea' id='block_1_7' title="bbox 113 1256 1923 1329">
    <p class='ocr_par' dir='ltr' id='par_1_8' title="bbox 113 1256 1923 1329">
     <span class='ocr_line' id='line_1_15' title="bbox 113 1256 1923 1329; baseline -0.001 -21"><span class='ocrx_word' id='word_1_128' title='bbox 113 1309 151 1329; x_wconf 70' lang='lat'>20</span> <span class='ocrx_word' id='word_1_129' title='bbox 387 1257 579 1324; x_wconf 80' lang='grc' dir='ltr'>ἀπαρχὴ</span> <span class='ocrx_word' id='word_1_130' title='bbox 618 1262 712 1308; x_wconf 88' lang='grc' dir='ltr'>τῶν</span> <span class='ocrx_word' id='word_1_131' title='bbox 754 1258 1138 1322; x_wconf 73' lang='grc' dir='ltr'>κεκοιμημε’νων·”</span> <span class='ocrx_word' id='word_1_132' title='bbox 1197 1260 1362 1309; x_wconf 82' lang='grc' dir='ltr'>οὐκοῦν</span> <span class='ocrx_word' id='word_1_133' title='bbox 1401 1257 1476 1309; x_wconf 81' lang='grc' dir='ltr'>διὰ</span> <span class='ocrx_word' id='word_1_134' title='bbox 1516 1263 1598 1308; x_wconf 84' lang='grc' dir='ltr'>τοῦ</span> <span class='ocrx_word' id='word_1_135' title='bbox 1639 1256 1724 1320; x_wconf 86' lang='grc' dir='ltr'>τὴν</span> <span class='ocrx_word' id='word_1_136' title='bbox 1762 1257 1923 1322; x_wconf 88' lang='grc' dir='ltr'>τρίτην</span> 
     </span>
    </p>
   </div>
   <div class='ocr_carea' id='block_1_8' title="bbox 111 1337 2000 2635">
    <p class='ocr_par' dir='ltr' id='par_1_9' title="bbox 111 1337 2000 2635">
     <span class='ocr_line' id='line_1_16' title="bbox 332 1337 1924 1405; baseline 0 -17"><span class='ocrx_word' id='word_1_137' title='bbox 332 1339 510 1404; x_wconf 76' lang='grc' dir='ltr'>ἡμέραν</span> <span class='ocrx_word' id='word_1_138' title='bbox 555 1343 714 1401; x_wconf 78' lang='grc' dir='ltr'>εἰπεῖν,</span> <span class='ocrx_word' id='word_1_139' title='bbox 759 1341 867 1391; x_wconf 88' lang='grc' dir='ltr'>καθ’</span> <span class='ocrx_word' id='word_1_140' title='bbox 912 1339 970 1404; x_wconf 80' lang='grc' dir='ltr'>ἢν</span> <span class='ocrx_word' id='word_1_141' title='bbox 1012 1342 1036 1390; x_wconf 86' lang='grc' dir='ltr'>ὁ</span> <span class='ocrx_word' id='word_1_142' title='bbox 1082 1340 1233 1405; x_wconf 81' lang='grc' dir='ltr'>γάμος</span> <span class='ocrx_word' id='word_1_143' title='bbox 1277 1342 1493 1402; x_wconf 84' lang='grc' dir='ltr'>ἐτελεῖτο,</span> <span class='ocrx_word' id='word_1_144' title='bbox 1535 1337 1617 1389; x_wconf 74' lang='grc' dir='ltr'>τὸν</span> <span class='ocrx_word' id='word_1_145' title='bbox 1657 1342 1924 1389; x_wconf 77' lang='grc' dir='ltr'>τελευταῖον</span> 
     </span>
     <span class='ocr_line' id='line_1_17' title="bbox 331 1418 1992 1488; baseline 0.002 -18"><span class='ocrx_word' id='word_1_146' title='bbox 331 1422 551 1484; x_wconf 86' lang='grc' dir='ltr'>σημαίνει</span> <span class='ocrx_word' id='word_1_147' title='bbox 575 1421 752 1487; x_wconf 90' lang='grc' dir='ltr'>καιρόν·</span> <span class='ocrx_word' id='word_1_148' title='bbox 796 1421 1078 1486; x_wconf 81' lang='grc' dir='ltr'>καταμηνύει</span> <span class='ocrx_word' id='word_1_149' title='bbox 1106 1420 1153 1472; x_wconf 77' lang='grc' dir='ltr'>δὲ</span> <span class='ocrx_word' id='word_1_150' title='bbox 1179 1424 1254 1473; x_wconf 76' lang='grc' dir='ltr'>καὶ</span> <span class='ocrx_word' id='word_1_151' title='bbox 1281 1421 1363 1472; x_wconf 78' lang='grc' dir='ltr'>τὸν</span> <span class='ocrx_word' id='word_1_152' title='bbox 1389 1421 1549 1473; x_wconf 87' lang='grc' dir='ltr'>τόπον·</span> <span class='ocrx_word' id='word_1_153' title='bbox 1593 1422 1640 1471; x_wconf 87' lang='grc' dir='ltr'>ἐν</span> <span class='ocrx_word' id='word_1_154' title='bbox 1669 1423 1805 1488; x_wconf 75' lang='grc' dir='ltr'>Κανᾷ</span> <span class='ocrx_word' id='word_1_155' title='bbox 1831 1418 1924 1485; x_wconf 76' lang='grc' dir='ltr'>γὰρ</span> <span class='ocrx_word' id='word_1_156' title='bbox 1948 1436 1992 1473; x_wconf 86' lang='lat'>15</span> 
     </span>
     <span class='ocr_line' id='line_1_18' title="bbox 288 1500 1925 1571; baseline -0.001 -18"><span class='ocrx_word' id='word_1_157' title='bbox 288 1508 315 1548; x_wconf 87' lang='lat' dir='ltr'><strong>d</strong></span> <span class='ocrx_word' id='word_1_158' title='bbox 333 1506 414 1567; x_wconf 83' lang='grc' dir='ltr'>τῆς</span> <span class='ocrx_word' id='word_1_159' title='bbox 442 1505 706 1557; x_wconf 88' lang='grc' dir='ltr'>Γαλιλαίας</span> <span class='ocrx_word' id='word_1_160' title='bbox 734 1505 900 1571; x_wconf 85' lang='grc' dir='ltr'>φησίν.</span> <span class='ocrx_word' id='word_1_161' title='bbox 947 1504 1217 1568; x_wconf 87' lang='grc' dir='ltr'>ἐπιτηρείτω</span> <span class='ocrx_word' id='word_1_162' title='bbox 1245 1502 1293 1554; x_wconf 81' lang='grc' dir='ltr'>δὲ</span> <span class='ocrx_word' id='word_1_163' title='bbox 1319 1502 1467 1554; x_wconf 87' lang='grc' dir='ltr'>πάλιν</span> <span class='ocrx_word' id='word_1_164' title='bbox 1492 1505 1517 1554; x_wconf 85' lang='grc' dir='ltr'>ό</span> <span class='ocrx_word' id='word_1_165' title='bbox 1544 1500 1831 1571; x_wconf 87' lang='grc' dir='ltr'>φιλομαθής·</span> <span class='ocrx_word' id='word_1_166' title='bbox 1871 1501 1925 1551; x_wconf 81' lang='grc' dir='ltr'>οὐ</span> 
     </span>
     <span class='ocr_line' id='line_1_19' title="bbox 333 1583 1924 1654; baseline -0.002 -18"><span class='ocrx_word' id='word_1_167' title='bbox 333 1584 428 1651; x_wconf 79' lang='grc' dir='ltr'>γὰρ</span> <span class='ocrx_word' id='word_1_168' title='bbox 454 1587 501 1635; x_wconf 85' lang='grc' dir='ltr'>ἐν</span> <span class='ocrx_word' id='word_1_169' title='bbox 528 1590 624 1638; x_wconf 81' lang='grc' dir='ltr'>τοῖς</span> <span class='ocrx_word' id='word_1_170' title='bbox 649 1584 1002 1651; x_wconf 78' lang='grc' dir='ltr'>Ἰεροσολύμοις</span> <span class='ocrx_word' id='word_1_171' title='bbox 1028 1585 1056 1648; x_wconf 87' lang='grc' dir='ltr'>ἡ</span> <span class='ocrx_word' id='word_1_172' title='bbox 1082 1585 1356 1651; x_wconf 83' lang='grc' dir='ltr'>πανήγυρις,</span> <span class='ocrx_word' id='word_1_173' title='bbox 1384 1584 1474 1654; x_wconf 72' lang='grc' dir='ltr'>ἔξω</span> <span class='ocrx_word' id='word_1_174' title='bbox 1507 1585 1554 1635; x_wconf 80' lang='grc' dir='ltr'>δὲ</span> <span class='ocrx_word' id='word_1_175' title='bbox 1591 1587 1673 1648; x_wconf 85' lang='grc' dir='ltr'>τῆς</span> <span class='ocrx_word' id='word_1_176' title='bbox 1698 1583 1924 1636; x_wconf 81' lang='grc' dir='ltr'>Ἰουδαίας</span> 
     </span>
     <span class='ocr_line' id='line_1_20' title="bbox 111 1665 1921 1735; baseline -0.002 -18"><span class='ocrx_word' id='word_1_177' title='bbox 111 1678 167 1708; x_wconf 61' lang='lat' dir='ltr'>ES-</span> <span class='ocrx_word' id='word_1_178' title='bbox 187 1677 272 1707; x_wconf 81' lang='lat' dir='ltr'>ix.1.</span> <span class='ocrx_word' id='word_1_179' title='bbox 334 1666 388 1718; x_wconf 79' lang='grc' dir='ltr'>τὸ</span> <span class='ocrx_word' id='word_1_180' title='bbox 426 1671 627 1728; x_wconf 82' lang='grc' dir='ltr'>δεῖπνον,</span> <span class='ocrx_word' id='word_1_181' title='bbox 654 1669 716 1720; x_wconf 85' lang='grc' dir='ltr'>ὡς</span> <span class='ocrx_word' id='word_1_182' title='bbox 751 1668 799 1716; x_wconf 82' lang='grc' dir='ltr'>ἐν</span> <span class='ocrx_word' id='word_1_183' title='bbox 826 1670 883 1734; x_wconf 86' lang='grc' dir='ltr'>τῇ</span> <span class='ocrx_word' id='word_1_184' title='bbox 917 1671 1010 1717; x_wconf 89' lang='grc' dir='ltr'>τῶν</span> <span class='ocrx_word' id='word_1_185' title='bbox 1040 1669 1186 1718; x_wconf 81' lang='grc' dir='ltr'>ἐθνῶν</span> <span class='ocrx_word' id='word_1_186' title='bbox 1214 1668 1490 1717; x_wconf 84' lang='grc' dir='ltr'>ἐπιτελεῖται</span> <span class='ocrx_word' id='word_1_187' title='bbox 1525 1665 1672 1735; x_wconf 79' lang='grc' dir='ltr'>χώρᾳ.</span> <span class='ocrx_word' id='word_1_188' title='bbox 1727 1668 1921 1715; x_wconf 83' lang='grc' dir='ltr'>“Γαλι-</span> 
     </span>
     <span class='ocr_line' id='line_1_21' title="bbox 335 1746 1925 1817; baseline -0.001 -19"><span class='ocrx_word' id='word_1_189' title='bbox 335 1756 362 1777; x_wconf 79' lang='grc'><strong>“</strong></span> <span class='ocrx_word' id='word_1_190' title='bbox 389 1748 502 1799; x_wconf 90' lang='grc' dir='ltr'>λαία</span> <span class='ocrx_word' id='word_1_191' title='bbox 540 1747 634 1813; x_wconf 78' lang='grc' dir='ltr'>γὰρ</span> <span class='ocrx_word' id='word_1_192' title='bbox 672 1753 768 1798; x_wconf 88' lang='grc' dir='ltr'>τῶν</span> <span class='ocrx_word' id='word_1_193' title='bbox 803 1750 988 1811; x_wconf 84' lang='grc' dir='ltr'>ἐθνῶν,”</span> <span class='ocrx_word' id='word_1_194' title='bbox 1026 1752 1087 1802; x_wconf 83' lang='grc' dir='ltr'>ὡς</span> <span class='ocrx_word' id='word_1_195' title='bbox 1127 1751 1151 1799; x_wconf 85' lang='grc' dir='ltr'>ὁ</span> <span class='ocrx_word' id='word_1_196' title='bbox 1191 1748 1438 1817; x_wconf 84' lang='grc' dir='ltr'>προφήτης</span> <span class='ocrx_word' id='word_1_197' title='bbox 1478 1749 1642 1816; x_wconf 87' lang='grc' dir='ltr'>φησίν.</span> <span class='ocrx_word' id='word_1_198' title='bbox 1696 1750 1842 1811; x_wconf 81' lang='grc' dir='ltr'>δῆλον</span> <span class='ocrx_word' id='word_1_199' title='bbox 1877 1746 1925 1797; x_wconf 77' lang='grc' dir='ltr'>δὲ</span> 
     </span>
     <span class='ocr_line' id='line_1_22' title="bbox 337 1828 1996 1895; baseline -0.001 -15"><span class='ocrx_word' id='word_1_200' title='bbox 337 1830 487 1893; x_wconf 86' lang='grc' dir='ltr'>δήπου</span> <span class='ocrx_word' id='word_1_201' title='bbox 513 1829 702 1882; x_wconf 85' lang='grc' dir='ltr'>πάντως</span> <span class='ocrx_word' id='word_1_202' title='bbox 728 1832 873 1892; x_wconf 80' lang='grc' dir='ltr'>ἐστὶν,</span> <span class='ocrx_word' id='word_1_203' title='bbox 902 1833 962 1884; x_wconf 88' lang='grc' dir='ltr'>ὡς</span> <span class='ocrx_word' id='word_1_204' title='bbox 991 1831 1018 1895; x_wconf 86' lang='grc' dir='ltr'>ἡ</span> <span class='ocrx_word' id='word_1_205' title='bbox 1053 1829 1139 1894; x_wconf 75' lang='grc' dir='ltr'>μὲν</span> <span class='ocrx_word' id='word_1_206' title='bbox 1166 1835 1260 1881; x_wconf 89' lang='grc' dir='ltr'>τῶν</span> <span class='ocrx_word' id='word_1_207' title='bbox 1286 1831 1524 1881; x_wconf 83' lang='grc' dir='ltr'>Ἰουδαίων</span> <span class='ocrx_word' id='word_1_208' title='bbox 1553 1829 1817 1895; x_wconf 74' lang='grc' dir='ltr'>Συναγωγή</span> <span class='ocrx_word' id='word_1_209' title='bbox 1843 1828 1926 1880; x_wconf 80' lang='grc' dir='ltr'>τὸν</span> <span class='ocrx_word' id='word_1_210' title='bbox 1948 1853 1996 1878; x_wconf 82' lang='lat'>20</span> 
     </span>
     <span class='ocr_line' id='line_1_23' title="bbox 336 1911 1926 1981; baseline 0 -19"><span class='ocrx_word' id='word_1_211' title='bbox 336 1912 394 1980; x_wconf 76' lang='grc' dir='ltr'>ἐξ</span> <span class='ocrx_word' id='word_1_212' title='bbox 431 1913 641 1977; x_wconf 77' lang='grc' dir='ltr'>οὐρανῶν</span> <span class='ocrx_word' id='word_1_213' title='bbox 681 1912 934 1963; x_wconf 80' lang='grc' dir='ltr'>ἀπεώσατο</span> <span class='ocrx_word' id='word_1_214' title='bbox 976 1913 1193 1980; x_wconf 83' lang='grc' dir='ltr'>νυμφίον,</span> <span class='ocrx_word' id='word_1_215' title='bbox 1234 1913 1558 1981; x_wconf 77' lang='grc' dir='ltr'>προσεδέξατο</span> <span class='ocrx_word' id='word_1_216' title='bbox 1598 1911 1659 1974; x_wconf 78' lang='grc' dir='ltr'>δὲ,</span> <span class='ocrx_word' id='word_1_217' title='bbox 1699 1914 1774 1963; x_wconf 81' lang='grc' dir='ltr'>καὶ</span> <span class='ocrx_word' id='word_1_218' title='bbox 1817 1911 1926 1962; x_wconf 86' lang='grc' dir='ltr'>λίαν</span> 
     </span>
     <span class='ocr_line' id='line_1_24' title="bbox 336 1992 1927 2062; baseline 0.002 -19"><span class='ocrx_word' id='word_1_219' title='bbox 336 1993 567 2057; x_wconf 77' lang='grc' dir='ltr'>ἀσμένως,</span> <span class='ocrx_word' id='word_1_220' title='bbox 619 1994 647 2057; x_wconf 88' lang='grc' dir='ltr'>ἡ</span> <span class='ocrx_word' id='word_1_221' title='bbox 696 1994 761 2062; x_wconf 76' lang='grc' dir='ltr'>ἐξ</span> <span class='ocrx_word' id='word_1_222' title='bbox 799 1996 945 2045; x_wconf 83' lang='grc' dir='ltr'>ἐθνῶν</span> <span class='ocrx_word' id='word_1_223' title='bbox 995 1995 1279 2058; x_wconf 81' lang='grc' dir='ltr'>Ἐκκλησία.</span> <span class='ocrx_word' id='word_1_224' title='bbox 1358 1994 1541 2062; x_wconf 77' lang='grc' dir='ltr'>ε”ρχεται</span> <span class='ocrx_word' id='word_1_225' title='bbox 1601 1994 1648 2044; x_wconf 79' lang='grc' dir='ltr'>δὲ</span> <span class='ocrx_word' id='word_1_226' title='bbox 1709 1998 1770 2047; x_wconf 80' lang='grc' dir='ltr'>εἷς</span> <span class='ocrx_word' id='word_1_227' title='bbox 1819 1992 1927 2046; x_wconf 75' lang='grc' dir='ltr'>τοὺς</span> 
     </span>
     <span class='ocr_line' id='line_1_25' title="bbox 337 2075 1924 2142; baseline -0.001 -16"><span class='ocrx_word' id='word_1_228' title='bbox 337 2077 519 2141; x_wconf 81' lang='grc' dir='ltr'>γάμους</span> <span class='ocrx_word' id='word_1_229' title='bbox 557 2077 640 2126; x_wconf 83' lang='grc' dir='ltr'>οὐκ</span> <span class='ocrx_word' id='word_1_230' title='bbox 680 2075 944 2139; x_wconf 81' lang='grc' dir='ltr'>αὐτόμολος</span> <span class='ocrx_word' id='word_1_231' title='bbox 983 2078 1007 2127; x_wconf 87' lang='grc' dir='ltr'>ὁ</span> <span class='ocrx_word' id='word_1_232' title='bbox 1042 2075 1224 2142; x_wconf 83' lang='grc' dir='ltr'>Σωτήρ·</span> <span class='ocrx_word' id='word_1_233' title='bbox 1266 2081 1472 2130; x_wconf 80' lang='grc' dir='ltr'>πολλαῖς</span> <span class='ocrx_word' id='word_1_234' title='bbox 1507 2075 1601 2142; x_wconf 80' lang='grc' dir='ltr'>γὰρ</span> <span class='ocrx_word' id='word_1_235' title='bbox 1637 2075 1783 2142; x_wconf 87' lang='grc' dir='ltr'>ἁγίων</span> <span class='ocrx_word' id='word_1_236' title='bbox 1815 2077 1924 2126; x_wconf 87' lang='grc' dir='ltr'>ἐκα-</span> 
     </span>
     <span class='ocr_line' id='line_1_26' title="bbox 339 2156 1925 2225; baseline 0.002 -17"><span class='ocrx_word' id='word_1_237' title='bbox 339 2162 466 2208; x_wconf 85' lang='grc' dir='ltr'>λεῖτο</span> <span class='ocrx_word' id='word_1_238' title='bbox 512 2161 703 2225; x_wconf 78' lang='grc' dir='ltr'>φωναῖς.</span> <span class='ocrx_word' id='word_1_239' title='bbox 777 2158 887 2208; x_wconf 83' lang='grc' dir='ltr'>ἀλλ’</span> <span class='ocrx_word' id='word_1_240' title='bbox 934 2156 1055 2211; x_wconf 77' lang='grc' dir='ltr'>οἶνος</span> <span class='ocrx_word' id='word_1_241' title='bbox 1105 2159 1392 2209; x_wconf 84' lang='grc' dir='ltr'>ἐπιλελοίπει</span> <span class='ocrx_word' id='word_1_242' title='bbox 1443 2157 1551 2212; x_wconf 76' lang='grc' dir='ltr'>τοὺς</span> <span class='ocrx_word' id='word_1_243' title='bbox 1600 2157 1925 2222; x_wconf 77' lang='grc' dir='ltr'>ἑστιωμένους·</span> 
     </span>
     <span class='ocr_line' id='line_1_27' title="bbox 300 2238 2000 2309; baseline -0.001 -18"><span class='ocrx_word' id='word_1_244' title='bbox 300 2263 323 2291; x_wconf 87' lang='lat' dir='ltr'>e</span> <span class='ocrx_word' id='word_1_245' title='bbox 341 2239 473 2290; x_wconf 77' lang='grc' dir='ltr'>οὐδὲν</span> <span class='ocrx_word' id='word_1_246' title='bbox 498 2238 592 2305; x_wconf 76' lang='grc' dir='ltr'>γὰρ</span> <span class='ocrx_word' id='word_1_247' title='bbox 618 2238 889 2290; x_wconf 84' lang='grc' dir='ltr'>ἐτελείωσεν</span> <span class='ocrx_word' id='word_1_248' title='bbox 916 2241 940 2290; x_wconf 82' lang='grc' dir='ltr'>ὁ</span> <span class='ocrx_word' id='word_1_249' title='bbox 968 2239 1124 2303; x_wconf 86' lang='grc' dir='ltr'>νόμος,</span> <span class='ocrx_word' id='word_1_250' title='bbox 1151 2240 1233 2290; x_wconf 77' lang='grc' dir='ltr'>οὐκ</span> <span class='ocrx_word' id='word_1_251' title='bbox 1260 2239 1439 2308; x_wconf 75' lang='grc' dir='ltr'>ἐξήρκει</span> <span class='ocrx_word' id='word_1_252' title='bbox 1469 2239 1587 2306; x_wconf 84' lang='grc' dir='ltr'>πρὸς</span> <span class='ocrx_word' id='word_1_253' title='bbox 1618 2240 1672 2291; x_wconf 83' lang='grc' dir='ltr'>τὸ</span> <span class='ocrx_word' id='word_1_254' title='bbox 1703 2241 1929 2309; x_wconf 81' lang='grc' dir='ltr'>εὐφρᾶναι</span> <span class='ocrx_word' id='word_1_255' title='bbox 1952 2261 2000 2300; x_wconf 90' lang='lat'>25</span> 
     </span>
     <span class='ocr_line' id='line_1_28' title="bbox 339 2319 1930 2386; baseline 0.001 -15"><span class='ocrx_word' id='word_1_256' title='bbox 339 2321 529 2373; x_wconf 83' lang='grc' dir='ltr'>τελείως</span> <span class='ocrx_word' id='word_1_257' title='bbox 561 2319 615 2371; x_wconf 83' lang='grc' dir='ltr'>τὸ</span> <span class='ocrx_word' id='word_1_258' title='bbox 651 2319 849 2386; x_wconf 88' lang='grc' dir='ltr'>γράμμα</span> <span class='ocrx_word' id='word_1_259' title='bbox 883 2321 936 2372; x_wconf 86' lang='grc' dir='ltr'>τὸ</span> <span class='ocrx_word' id='word_1_260' title='bbox 967 2320 1278 2372; x_wconf 83' lang='grc' dir='ltr'>Μωυσαϊκόν·</span> <span class='ocrx_word' id='word_1_261' title='bbox 1324 2322 1434 2371; x_wconf 87' lang='grc' dir='ltr'>ἀλλ’</span> <span class='ocrx_word' id='word_1_262' title='bbox 1465 2321 1569 2372; x_wconf 79' lang='grc' dir='ltr'>οὐδὲ</span> <span class='ocrx_word' id='word_1_263' title='bbox 1603 2321 1716 2372; x_wconf 83' lang='grc' dir='ltr'>αὐτὸ</span> <span class='ocrx_word' id='word_1_264' title='bbox 1755 2320 1809 2372; x_wconf 79' lang='grc' dir='ltr'>τὸ</span> <span class='ocrx_word' id='word_1_265' title='bbox 1846 2324 1930 2385; x_wconf 86' lang='grc' dir='ltr'>τῆς</span> 
     </span>
     <span class='ocr_line' id='line_1_29' title="bbox 340 2401 1930 2470; baseline 0.001 -17"><span class='ocrx_word' id='word_1_266' title='bbox 340 2401 552 2470; x_wconf 82' lang='grc' dir='ltr'>ἐμφύτου</span> <span class='ocrx_word' id='word_1_267' title='bbox 595 2401 782 2470; x_wconf 77' lang='grc' dir='ltr'>νήψεως</span> <span class='ocrx_word' id='word_1_268' title='bbox 825 2403 996 2469; x_wconf 73' lang='grc' dir='ltr'>με’τρον</span> <span class='ocrx_word' id='word_1_269' title='bbox 1037 2406 1098 2456; x_wconf 78' lang='grc' dir='ltr'>εἰς</span> <span class='ocrx_word' id='word_1_270' title='bbox 1142 2401 1196 2453; x_wconf 79' lang='grc' dir='ltr'>τὸ</span> <span class='ocrx_word' id='word_1_271' title='bbox 1241 2401 1474 2454; x_wconf 79' lang='grc' dir='ltr'>δύνασθαι</span> <span class='ocrx_word' id='word_1_272' title='bbox 1521 2402 1765 2468; x_wconf 77' lang='grc' dir='ltr'>διασώζειν</span> <span class='ocrx_word' id='word_1_273' title='bbox 1809 2403 1930 2467; x_wconf 80' lang='grc' dir='ltr'>ἡμᾶς</span> 
     </span>
     <span class='ocr_line' id='line_1_30' title="bbox 339 2483 1930 2553; baseline 0.001 -19"><span class='ocrx_word' id='word_1_274' title='bbox 339 2484 602 2552; x_wconf 78' lang='grc' dir='ltr'>ἐξετείνετο.</span> <span class='ocrx_word' id='word_1_275' title='bbox 656 2485 823 2535; x_wconf 82' lang='grc' dir='ltr'>οὐκοῦν</span> <span class='ocrx_word' id='word_1_276' title='bbox 851 2483 1025 2548; x_wconf 76' lang='grc' dir='ltr'>ἀληθὲς</span> <span class='ocrx_word' id='word_1_277' title='bbox 1052 2483 1110 2535; x_wconf 77' lang='grc' dir='ltr'>ἂν</span> <span class='ocrx_word' id='word_1_278' title='bbox 1136 2485 1204 2548; x_wconf 83' lang='grc' dir='ltr'>ε’ίη</span> <span class='ocrx_word' id='word_1_279' title='bbox 1232 2487 1306 2535; x_wconf 76' lang='grc' dir='ltr'>καὶ</span> <span class='ocrx_word' id='word_1_280' title='bbox 1334 2486 1405 2553; x_wconf 86' lang='grc' dir='ltr'>ἐφ’</span> <span class='ocrx_word' id='word_1_281' title='bbox 1435 2485 1566 2548; x_wconf 82' lang='grc' dir='ltr'>ἡμῶν</span> <span class='ocrx_word' id='word_1_282' title='bbox 1592 2484 1646 2535; x_wconf 86' lang='grc' dir='ltr'>τό</span> <span class='ocrx_word' id='word_1_283' title='bbox 1674 2483 1821 2536; x_wconf 78' lang='grc' dir='ltr'>Οἶνον</span> <span class='ocrx_word' id='word_1_284' title='bbox 1847 2485 1930 2535; x_wconf 81' lang='grc' dir='ltr'>οὐκ</span> 
     </span>
     <span class='ocr_line' id='line_1_31' title="bbox 340 2565 1930 2635; baseline 0.001 -20"><span class='ocrx_word' id='word_1_285' title='bbox 340 2566 546 2633; x_wconf 75' lang='grc' dir='ltr'>ἔχουσιν,</span> <span class='ocrx_word' id='word_1_286' title='bbox 579 2570 737 2616; x_wconf 75' lang='grc' dir='ltr'>εἰπεῖν·</span> <span class='ocrx_word' id='word_1_287' title='bbox 782 2567 806 2616; x_wconf 84' lang='grc' dir='ltr'><em>ὁ</em></span> <span class='ocrx_word' id='word_1_288' title='bbox 847 2565 894 2616; x_wconf 80' lang='grc' dir='ltr'>δὲ</span> <span class='ocrx_word' id='word_1_289' title='bbox 933 2565 1294 2632; x_wconf 87' lang='grc' dir='ltr'>πλουσιόδωρος</span> <span class='ocrx_word' id='word_1_290' title='bbox 1328 2566 1460 2629; x_wconf 83' lang='grc' dir='ltr'>ἡμῶν</span> <span class='ocrx_word' id='word_1_291' title='bbox 1491 2566 1613 2621; x_wconf 78' lang='grc' dir='ltr'>Θεὸς</span> <span class='ocrx_word' id='word_1_292' title='bbox 1648 2567 1700 2617; x_wconf 80' lang='grc' dir='ltr'>οὐ</span> <span class='ocrx_word' id='word_1_293' title='bbox 1735 2569 1930 2635; x_wconf 79' lang='grc' dir='ltr'>περιορᾷ</span> 
     </span>
    </p>
   </div>
   <div class='ocr_carea' id='block_1_9' title="bbox 340 2647 2003 2717">
    <p class='ocr_par' dir='ltr' id='par_1_10' title="bbox 340 2647 2003 2717">
     <span class='ocr_line' id='line_1_32' title="bbox 340 2647 2003 2717; baseline 0.001 -20"><span class='ocrx_word' id='word_1_294' title='bbox 340 2651 399 2713; x_wconf 82' lang='grc' dir='ltr'>τῇ</span> <span class='ocrx_word' id='word_1_295' title='bbox 442 2651 536 2698; x_wconf 88' lang='grc' dir='ltr'>τῶν</span> <span class='ocrx_word' id='word_1_296' title='bbox 575 2649 767 2712; x_wconf 85' lang='grc' dir='ltr'>ἀγαθῶν</span> <span class='ocrx_word' id='word_1_297' title='bbox 807 2649 955 2717; x_wconf 75' lang='grc' dir='ltr'>ἐνδείᾳ</span> <span class='ocrx_word' id='word_1_298' title='bbox 996 2648 1277 2714; x_wconf 75' lang='grc' dir='ltr'>τριβομένην</span> <span class='ocrx_word' id='word_1_299' title='bbox 1317 2648 1402 2712; x_wconf 84' lang='grc' dir='ltr'>τὴν</span> <span class='ocrx_word' id='word_1_300' title='bbox 1442 2649 1604 2717; x_wconf 82' lang='grc' dir='ltr'>φύσιν.</span> <span class='ocrx_word' id='word_1_301' title='bbox 1658 2647 1783 2700; x_wconf 70' lang='grc' dir='ltr'>οἶνον</span> <span class='ocrx_word' id='word_1_302' title='bbox 1823 2650 1931 2712; x_wconf 82' lang='grc' dir='ltr'>ἡμῖν</span> <span class='ocrx_word' id='word_1_303' title='bbox 1953 2671 2003 2707; x_wconf 85' lang='lat'>30</span> 
     </span>
    </p>
   </div>
   <div class='ocr_carea' id='block_1_10' title="bbox 346 2781 1931 2968">
    <p class='ocr_par' dir='ltr' id='par_1_11' title="bbox 346 2781 1931 2968">
     <span class='ocr_line' id='line_1_33' title="bbox 390 2781 1931 2828; baseline 0.003 -14"><span class='ocrx_word' id='word_1_304' title='bbox 390 2792 422 2825; x_wconf 81' lang='lat'>3.</span> <span class='ocrx_word' id='word_1_305' title='bbox 449 2782 582 2826; x_wconf 81' lang='grc' dir='ltr'>ὑγιάσει</span> <span class='ocrx_word' id='word_1_306' title='bbox 601 2781 685 2825; x_wconf 83' lang='grc' dir='ltr'>ἡμᾶς</span> <span class='ocrx_word' id='word_1_307' title='bbox 702 2790 925 2828; x_wconf 78' lang='lat' dir='ltr'>assumptum</span> <span class='ocrx_word' id='word_1_308' title='bbox 943 2795 985 2817; x_wconf 83' lang='lat' dir='ltr'>ex</span> <span class='ocrx_word' id='word_1_309' title='bbox 1006 2782 1047 2816; x_wconf 93' lang='lat' dir='ltr'>B.</span> <span class='ocrx_word' id='word_1_310' title='bbox 1068 2782 1174 2817; x_wconf 80' lang='lat' dir='ltr'><strong>Cord.</strong></span> <span class='ocrx_word' id='word_1_311' title='bbox 1488 2795 1540 2818; x_wconf 91' lang='lat'>12.</span> <span class='ocrx_word' id='word_1_312' title='bbox 1568 2784 1603 2818; x_wconf 85' lang='grc' dir='ltr'>ἐκ</span> <span class='ocrx_word' id='word_1_313' title='bbox 1624 2783 1664 2818; x_wconf 90' lang='grc' dir='ltr'>Β.</span> <span class='ocrx_word' id='word_1_314' title='bbox 1685 2783 1791 2818; x_wconf 84' lang='lat' dir='ltr'>Cord.</span> <span class='ocrx_word' id='word_1_315' title='bbox 1811 2784 1845 2818; x_wconf 82' lang='grc' dir='ltr'>ἐν</span> <span class='ocrx_word' id='word_1_316' title='bbox 1864 2784 1931 2819; x_wconf 90' lang='lat' dir='ltr'>Ed.</span> 
     </span>
     <span class='ocr_line' id='line_1_34' title="bbox 349 2828 1931 2875; baseline 0.003 -14"><span class='ocrx_word' id='word_1_317' title='bbox 349 2838 402 2869; x_wconf 89' lang='lat'>14.</span> <span class='ocrx_word' id='word_1_318' title='bbox 423 2828 609 2862; x_wconf 81' lang='grc' dir='ltr'>ἐπιτελεῑτο</span> <span class='ocrx_word' id='word_1_319' title='bbox 630 2829 670 2862; x_wconf 85' lang='grc' dir='ltr'>Β.</span> <span class='ocrx_word' id='word_1_320' title='bbox 765 2838 817 2873; x_wconf 91' lang='lat'>17.</span> <span class='ocrx_word' id='word_1_321' title='bbox 839 2830 875 2863; x_wconf 79' lang='grc' dir='ltr'>δέ</span> <span class='ocrx_word' id='word_1_322' title='bbox 893 2836 1114 2873; x_wconf 81' lang='lat' dir='ltr'>assumptum</span> <span class='ocrx_word' id='word_1_323' title='bbox 1132 2842 1171 2863; x_wconf 88' lang='lat' dir='ltr'>ex</span> <span class='ocrx_word' id='word_1_324' title='bbox 1194 2830 1235 2863; x_wconf 85' lang='lat' dir='ltr'>B.</span> <span class='ocrx_word' id='word_1_325' title='bbox 1330 2842 1383 2875; x_wconf 87' lang='lat'>19.</span> <span class='ocrx_word' id='word_1_326' title='bbox 1402 2830 1437 2864; x_wconf 82' lang='grc' dir='ltr'>δέ</span> <span class='ocrx_word' id='word_1_327' title='bbox 1455 2843 1525 2864; x_wconf 84' lang='lat' dir='ltr'>om.</span> <span class='ocrx_word' id='word_1_328' title='bbox 1546 2830 1586 2864; x_wconf 90' lang='lat' dir='ltr'>B.</span> <span class='ocrx_word' id='word_1_329' title='bbox 1677 2841 1732 2864; x_wconf 89' lang='lat'>21.</span> <span class='ocrx_word' id='word_1_330' title='bbox 1750 2831 1931 2865; x_wconf 81' lang='grc' dir='ltr'>ἀπεώσατο</span> 
     </span>
     <span class='ocr_line' id='line_1_35' title="bbox 346 2873 1929 2920; baseline 0.003 -14"><span class='ocrx_word' id='word_1_331' title='bbox 346 2873 380 2906; x_wconf 89' lang='lat' dir='ltr'>D</span> <span class='ocrx_word' id='word_1_332' title='bbox 400 2886 470 2918; x_wconf 75' lang='lat' dir='ltr'>mg.</span> <span class='ocrx_word' id='word_1_333' title='bbox 490 2874 688 2909; x_wconf 84' lang='grc' dir='ltr'>ἀπεώσαντο</span> <span class='ocrx_word' id='word_1_334' title='bbox 708 2876 752 2920; x_wconf 72' lang='grc' dir='ltr'>(ἓ)</span> <span class='ocrx_word' id='word_1_335' title='bbox 774 2875 815 2910; x_wconf 89' lang='grc' dir='ltr'>Β.</span> <span class='ocrx_word' id='word_1_336' title='bbox 832 2877 995 2910; x_wconf 85' lang='grc' dir='ltr'>ἀπώσατο</span> <span class='ocrx_word' id='word_1_337' title='bbox 1015 2876 1060 2910; x_wconf 84' lang='lat' dir='ltr'>D.</span> <span class='ocrx_word' id='word_1_338' title='bbox 1081 2875 1147 2910; x_wconf 86' lang='lat' dir='ltr'>Ed.</span> <span class='ocrx_word' id='word_1_339' title='bbox 1293 2888 1346 2919; x_wconf 77' lang='lat'>24.</span> <span class='ocrx_word' id='word_1_340' title='bbox 1374 2877 1565 2912; x_wconf 81' lang='grc' dir='ltr'>ἐκλελοίπει</span> <span class='ocrx_word' id='word_1_341' title='bbox 1583 2889 1613 2911; x_wconf 80' lang='lat' dir='ltr'>a.</span> <span class='ocrx_word' id='word_1_342' title='bbox 1633 2877 1802 2911; x_wconf 79' lang='grc' dir='ltr'>ἐλελοίπει</span> <span class='ocrx_word' id='word_1_343' title='bbox 1822 2877 1929 2911; x_wconf 82' lang='lat' dir='ltr'><strong>Cord.</strong></span> 
     </span>
     <span class='ocr_line' id='line_1_36' title="bbox 347 2920 1927 2968; baseline 0.004 -16"><span class='ocrx_word' id='word_1_344' title='bbox 347 2929 402 2964; x_wconf 79' lang='lat'>25.</span> <span class='ocrx_word' id='word_1_345' title='bbox 429 2920 591 2964; x_wconf 78' lang='grc' dir='ltr'>ἐξήρκεσε</span> <span class='ocrx_word' id='word_1_346' title='bbox 612 2921 702 2956; x_wconf 84' lang='lat' dir='ltr'>Catt.</span> <span class='ocrx_word' id='word_1_347' title='bbox 881 2933 934 2967; x_wconf 90' lang='lat'>27.</span> <span class='ocrx_word' id='word_1_348' title='bbox 961 2921 1112 2967; x_wconf 75' lang='grc' dir='ltr'>νήψεως]</span> <span class='ocrx_word' id='word_1_349' title='bbox 1133 2922 1296 2968; x_wconf 74' lang='grc' dir='ltr'>στύψεως</span> <span class='ocrx_word' id='word_1_350' title='bbox 1315 2923 1405 2957; x_wconf 85' lang='lat' dir='ltr'>Catt.</span> <span class='ocrx_word' id='word_1_351' title='bbox 1575 2924 1629 2957; x_wconf 82' lang='lat'>28.</span> <span class='ocrx_word' id='word_1_352' title='bbox 1657 2924 1775 2958; x_wconf 77' lang='grc' dir='ltr'>οὐκοῦν</span> <span class='ocrx_word' id='word_1_353' title='bbox 1793 2936 1861 2958; x_wconf 86' lang='lat' dir='ltr'>om.</span> <span class='ocrx_word' id='word_1_354' title='bbox 1882 2924 1927 2958; x_wconf 88' lang='lat' dir='ltr'>D.</span> 
     </span>
    </p>
   </div>
   <div class='ocr_carea' id='block_1_11' title="bbox 346 2965 1113 3013">
    <p class='ocr_par' dir='ltr' id='par_1_12' title="bbox 346 2965 1113 3013">
     <span class='ocr_line' id='line_1_37' title="bbox 346 2965 1113 3013; baseline 0.007 -15"><span class='ocrx_word' id='word_1_355' title='bbox 346 2965 475 3000; x_wconf 70' lang='lat' dir='ltr'>habent</span> <span class='ocrx_word' id='word_1_356' title='bbox 496 2967 587 3001; x_wconf 78' lang='lat' dir='ltr'><strong>Catt.</strong></span> <span class='ocrx_word' id='word_1_357' title='bbox 733 2980 790 3013; x_wconf 81' lang='lat'>30.</span> <span class='ocrx_word' id='word_1_358' title='bbox 817 2968 895 3003; x_wconf 79' lang='grc' dir='ltr'>ἀλλ’</span> <span class='ocrx_word' id='word_1_359' title='bbox 914 2967 1003 3004; x_wconf 83' lang='grc' dir='ltr'>οἶνον</span> <span class='ocrx_word' id='word_1_360' title='bbox 1022 2968 1113 3003; x_wconf 79' lang='lat' dir='ltr'>Catt.</span> 
     </span>
    </p>
   </div>
  </div>
 </body>
</html>
