2084 3317
134 155 204 196 vii.
226 167 291 206 24.
365 155 439 195 IN
481 155 522 195 S.
558 153 897 195 JOANNEM.
960 153 1084 192 LIB.
1119 152 1197 191 IV.
1260 151 1392 191 CAP.
1418 150 1497 190 VI.
1635 149 1718 189 643

132 264 182 314 ἐν
218 264 412 326 τούτοις,
452 264 684 329 ἀναγκαία
723 262 767 314 δ’
808 263 890 314 οὖν
929 261 1068 326 ὅμως.
1145 260 1198 311 τὸ
1239 259 1332 326 γὰρ
1376 259 1522 328 ἄμφω
1563 257 1628 322 μὴ
1673 258 1720 307 ἐν

133 345 312 415 ἑβδόμῃ
337 350 579 398 τελεῖσθαι
601 344 932 411 προστάττειν,
958 343 1075 408 μήτε
1099 341 1193 406 μὴν
1218 343 1265 393 ἐν
1292 339 1438 409 ὀγδόῃ
1464 339 1621 407 τυχὸν,
1650 338 1720 389 ὅτι

133 428 413 479 διέσταλταί
442 451 543 482 πως
579 429 604 478 ὁ
639 428 712 496 ἐφ’
741 426 929 496 ἑκάστῳ
963 426 1110 491 λόγος
1145 425 1340 475 δίδωσιν
1366 426 1550 474 ἐννοεῖν.
1606 422 1717 472 ἀλλ’

132 509 226 577 ἕχει
255 509 361 561 τινὰ
391 511 467 560 καὶ
499 516 638 561 τοῦτο
666 508 886 571 διάνοιαν,
913 508 997 559 οὐκ
1033 507 1269 575 ἄκομψον,
1302 504 1363 558 ὥς
1397 528 1451 569 γε
1485 526 1564 567 μοι
1600 503 1716 572 φαί-

89 608 111 647 5
134 613 272 644 νεται.
326 591 381 643 τὸ
409 590 503 658 γὰρ
527 593 736 658 ἀργῆσαι
774 589 1090 659 φαυλότητος,
1119 590 1248 640 οὔπω
1283 587 1472 640 πάντως
1506 586 1610 636 ἐστὶ
1644 586 1720 635 καὶ

134 673 436 742 φαυλότητος
480 672 715 738 ἀποβολή.
786 674 949 739 ἠρεμεῖ
987 670 1080 737 γὰρ
1131 668 1368 723 πολλάκις
1414 670 1462 719 ἐν
1508 668 1618 731 ἡμῖν
1661 666 1721 717 τὰ

131 755 274 820 πάθη,
316 759 399 820 τῆς
436 756 521 818 μὲν
560 756 765 810 διανοίας
806 756 889 806 οὐκ
930 755 1104 823 ε”ξωθεν
1142 753 1256 804 ὄντα
1295 751 1414 803 κατὰ
1451 750 1506 802 τὸ
1545 749 1717 815 πάντη·

132 842 356 908 λογισμῷ
382 838 431 889 δὲ
456 841 522 906 τῷ
549 838 782 906 σώφρονι,
806 835 1018 903 καθάπερ
1045 838 1133 887 τινὶ
1160 839 1342 904 χαλινῷ
1366 832 1721 900 περιενεχθέντα

130 921 296 981 βιαίως
342 924 405 974 εἷς
450 919 732 988 ἀπᾴδουσαν
772 920 927 972 αὐτοῖς
972 919 1190 985 ἡσυχίαν,
1232 916 1363 968 ἀλλὰ
1403 919 1477 966 καὶ
1519 920 1615 968 τοῖς
1660 920 1722 968 εἷς

63 1024 111 1049 10
133 1002 343 1066 ἄσκησιν
369 1000 530 1055 πόνοις
556 1003 631 1052 καὶ
657 1002 744 1068 οὐχ
771 1000 936 1052 ἑκόντα
961 1004 1249 1068 παραχωρεῖ·
1293 998 1346 1049 τὸ
1375 998 1423 1049 δὲ
1449 997 1716 1048 ἀποσείσα-

132 1086 249 1134 σθαι
286 1081 450 1145 πάθος,
490 1082 608 1134 ὅσον
647 1082 882 1151 ἀνθρώπῳ
920 1082 1100 1148 πρέπει,
1135 1080 1325 1134 πάντως
1362 1103 1416 1146 γε
1456 1078 1607 1144 δήπου
1646 1080 1723 1128 καὶ

132 1163 288 1231 ἕτερόν
328 1187 373 1216 τι
416 1166 524 1229 παρ’
567 1164 711 1216 ἐκεῖνό
756 1166 875 1227 ἐστι,
914 1166 991 1214 καὶ
1035 1163 1163 1215 πολύ
1208 1186 1253 1214 τι
1296 1162 1453 1229 μεῖζον
1493 1159 1624 1227 παρὰ
1667 1158 1721 1211 τὸ

133 1248 344 1313 ἀργῆσαι
377 1246 571 1301 πάθους.
623 1246 1032 1310 διεσκευασμένων
1065 1245 1114 1296 δὲ
1149 1247 1270 1297 οὕτω
1306 1250 1399 1296 τῶν
1433 1246 1507 1296 ἐπὶ
1543 1243 1722 1296 τούτοις

131 1327 308 1394 λόγων,
346 1328 577 1395 προσήκει
622 1328 792 1380 λοιπὸν
831 1331 1015 1390 ἐννοεῖν,
1058 1331 1119 1382 ὡς
1159 1329 1212 1378 οὐ
1250 1326 1481 1392 πρότερον
1519 1327 1594 1376 ἐπὶ
1636 1322 1723 1388 τὴν

65 1429 110 1468 15
131 1415 226 1462 τῶν
259 1414 441 1472 παθῶν,
474 1411 576 1475 ἤτοι
615 1415 709 1461 τῶν
741 1410 799 1479 ἐξ
833 1411 1002 1474 ἡδονῆς
1039 1409 1367 1473 πταισμάτων,
1394 1408 1570 1477 ἥξομεν
1605 1409 1723 1457 ἀπο-

131 1491 300 1557 βολὴν,
340 1491 366 1542 ὃ
407 1495 483 1543 καὶ
525 1492 601 1544 διὰ
639 1495 721 1557 τῆς
764 1495 1019 1558 περιτομῆς
1059 1492 1353 1556 σημαίνεται,
1392 1490 1457 1554 μὴ
1497 1490 1600 1557 οὐχὶ
1640 1492 1722 1552 τῆς

136 1575 236 1625 κατ’
264 1573 497 1641 ἐνέργειαν
525 1577 780 1641 δραστικῆς
807 1575 970 1629 κακίας
995 1573 1421 1641 προκαταλύοντες,
1450 1575 1524 1623 καὶ
1552 1575 1723 1622 ἱστῶν-

136 1679 212 1710 τες
239 1655 402 1723 ὥσπερ
428 1661 489 1711 εἷς
517 1658 686 1724 ἀργίαν
712 1656 772 1708 τὰ
807 1660 869 1711 εἰς
904 1655 1240 1721 πλημμέλειαν
1266 1655 1495 1722 τρέχοντα
1526 1659 1608 1705 τοῦ
1645 1659 1725 1704 νοῦ

133 1738 378 1803 κινήματα.
431 1740 604 1809 βαθμῷ
636 1738 730 1806 γὰρ
767 1738 931 1805 ὥσπερ
968 1741 1057 1789 τινὶ
1090 1737 1196 1789 τότε
1222 1742 1289 1807 τῷ
1315 1736 1510 1806 τοιούτῳ
1536 1736 1722 1803 χρησά-

61 1846 111 1871 20
134 1844 277 1885 μενοι,
304 1823 380 1872 καὶ
411 1822 611 1888 προσέτι
644 1820 798 1887 μεῖζον
834 1813 910 1872 καὶ
950 1823 1232 1887 ὑπερτεροῦν
1263 1820 1434 1888 ῥαδίως
1473 1818 1719 1882 ἀναβησό-

134 1907 270 1967 μεθα,
296 1903 381 1968 τὴν
416 1904 656 1971 ὁλοσχερῆ
697 1908 820 1972 φημι
860 1907 955 1954 τῶν
984 1906 1153 1954 παθῶν
1185 1900 1446 1966 ἀποτομήν.
1502 1899 1635 1951 ἀλλὰ
1670 1899 1723 1951 τὸ

133 1984 220 2049 μὲν
261 1987 470 2053 ἀργῆσαι
513 1984 707 2048 πάθους,
751 1986 841 2053 ε”χει
888 1984 992 2036 τινὰ
1037 1989 1208 2050 μοῖραν
1248 1989 1331 2035 τοῦ
1375 1985 1452 2034 καὶ
1495 1984 1567 2052 ἐφ’
1616 1983 1726 2047 ἡμῖν

138 2072 324 2119 κεῖσθαι
363 2070 528 2119 δοκεῖν·
575 2066 908 2137 καταλήξομεν
939 2065 1032 2133 γὰρ
1070 2072 1153 2117 τοῦ
1192 2072 1337 2117 κακοῦ
1375 2071 1472 2120 τοῖς
1508 2065 1724 2129 ἀμείνοσι

134 2154 230 2201 τῶν
264 2151 391 2201 ἰδίων
424 2149 706 2215 θελημάτων
738 2149 1015 2203 ἐπιδιδόντες
1054 2148 1140 2213 τὴν
1167 2148 1334 2215 ῥοπήν·
1378 2147 1432 2198 τὸ
1472 2147 1520 2198 δὲ
1560 2149 1721 2199 ἀπαλ-

62 2249 110 2287 25
133 2232 394 2283 λάττεσθαι
432 2233 625 2295 πάθους,
663 2233 767 2300 οὐχὶ
804 2232 993 2285 πάντως
1032 2232 1103 2300 ἐφ’
1142 2232 1267 2295 ἡμῖν,
1300 2230 1439 2296 ἔργον
1478 2231 1523 2280 δ’
1561 2228 1617 2280 ἂν
1656 2231 1723 2294 εἴη

132 2313 313 2380 πρέπον
357 2313 502 2368 ὅντως
543 2318 744 2384 Χριστῷ
788 2318 855 2383 τῷ
901 2313 1103 2366 παθόντι
1157 2311 1272 2379 ὑπὲρ
1325 2313 1473 2376 ἡμῶν,
1522 2312 1597 2362 ἵνα
1649 2315 1724 2362 καὶ

131 2395 312 2451 πάντας
357 2397 687 2464 ἀναρῥυθμίσῃ
730 2396 850 2463 πρὸς
896 2396 1148 2460 καινότητα
1190 2396 1319 2462 ζωῆς.
1389 2394 1538 2445 διάτοι
1583 2400 1724 2446 τοῦτο

182 2595 216 2628 3.
243 2583 430 2626 διεστάλθη
450 2582 493 2616 Β.
651 2592 684 2628 5.
712 2583 836 2629 Usque
855 2583 896 2617 ad
917 2583 976 2617 fin.
994 2582 1075 2617 libri
1093 2583 1174 2616 citat
1193 2594 1225 2627 p.
1390 2580 1423 2614 6.
1450 2579 1720 2625 ἠρεμεῖ-πάθη]

136 2629 272 2675 ἠρεμεῖν
288 2631 354 2675 γὰρ
373 2645 408 2664 εν
426 2630 503 2673 ἡμῖν
520 2629 560 2663 τὰ
577 2629 666 2673 πάθη
684 2631 851 2665 πολλάκις
870 2630 912 2664 Β.
1128 2639 1160 2674 7.
1128 2628 1311 2674 Ίὲξωθεν
1329 2627 1425 2673 οντα]
1444 2626 1660 2672 ἐξιιιρεθεντα
1679 2628 1721 2661 Β.

139 2689 193 2712 10.
220 2678 280 2710 οὐκ
306 2678 427 2722 ἔχοντα
457 2676 496 2710 Β.
571 2676 698 2710 Stamm
723 2679 921 2721 παραχωρεῖ
949 2676 988 2710 Β.
992 2688 1026 2720 p.
1053 2682 1092 2709 ut
1117 2676 1264 2721 conjecit
1289 2681 1323 2708 et
1348 2675 1483 2718 Bllgne.
1508 2676 1723 2718 παραχωρεῖν

134 2723 230 2757 Aub.
420 2734 472 2757 12.
499 2738 530 2756 τι
549 2722 664 2768 prius]
685 2723 792 2767 δήπου
812 2724 854 2758 Β.
872 2730 1038 2757 neutrum
1056 2723 1161 2757 habet
1180 2735 1214 2767 p.
1283 2721 1408 2755 Statim
1425 2721 1502 2764 παρ’
1524 2721 1660 2755 ἐκείνοις
1680 2721 1721 2756 Β,

140 2782 193 2812 14.
219 2768 296 2815 τὴν]
317 2785 349 2803 τι
369 2770 411 2803 Β.
558 2780 611 2814 17.
638 2771 691 2803 καὶ
710 2772 871 2805 ἶστῶντες
888 2782 959 2804 om.
980 2770 1021 2803 Β
1159 2780 1213 2803 20.
1239 2770 1291 2802 καὶ
1309 2768 1453 2812 προσέτι
1470 2766 1600 2812 μεῖζον]
1620 2765 1722 2810 οἶμαι,

136 2819 190 2851 καὶ
214 2816 359 2861 προσέτι
386 2817 424 2850 τὸ
449 2816 609 2859 μεῖζον,
593 2832 611 2860 η
639 2818 691 2850 καὶ
715 2820 800 2861 πρός
827 2832 857 2851 τι
883 2818 996 2860 μεῖζον
1015 2816 1048 2849 D
1067 2827 1138 2860 mg.
1212 2815 1453 2858 ἀνσβησόμεθα
1472 2814 1513 2848 Β.
1521 2814 1564 2847 D.
1570 2826 1604 2858 p.
1622 2821 1655 2847 et
1676 2815 1723 2848 ita

135 2864 282 2909 conjecit
300 2863 394 2897 Aub.
412 2863 652 2907 ἅναθησομεθα
670 2863 737 2898 Ed.
1024 2874 1078 2896 22.
1104 2863 1246 2915 πάθους]
1267 2862 1382 2896 παθῶν
1402 2861 1442 2895 Β.
1532 2859 1643 2905 ἐφΗ]
1627 2876 1660 2894 εν
1680 2861 1722 2895 Β.

138 2922 194 2952 24.
220 2914 288 2944 τῶν
305 2910 398 2943 ιδίων
415 2911 616 2953 θελημάτων
632 2915 712 2945 ante
730 2913 800 2946 τοῖς
817 2910 971 2953 ἀμεινοσι
990 2910 1186 2954 transponit
1204 2922 1239 2954 p.
1346 2908 1402 2943 26.
1429 2906 1548 2953 ὅντως]
1570 2913 1605 2947 -4-
1623 2910 1668 2954 τῴ
1686 2920 1721 2952 p.

138 2967 194 3001 27.
220 2958 346 2992 πάντας
365 2956 446 3001 B.p.
464 2958 572 2990 πάντα
592 2956 658 2991 Ed.

869 3024 994 3063 4N2

1740 1186 1762 1210 a
1791 1176 1881 1211 440
1896 1176 1949 1211 A.

1742 2079 1768 2119 b
