2073 3296
276 119 376 158 ·100
694 119 743 160 B.
777 119 1050 160 CYRILLI
1092 117 1475 160 ALEXANDR.
1789 114 1816 154 i·
1836 126 1875 168 9·

293 227 435 276 ἐδεῖτο
472 231 555 277 τοῦ
594 227 877 294 φωτίζοντος
914 226 1087 292 Λόγου,
1120 228 1170 278 τί
1203 226 1358 290 μάτην
1396 225 1595 276 ἐκάλουν
1628 222 1710 274 τὸν
1747 220 1880 272 οὐδὲν

250 318 277 358 d
295 310 547 376 ὠφελῆσαι
582 308 872 372 δυνάμενον;
922 310 1031 359 ἀλλ’
1069 309 1151 359 οὐκ
1185 308 1316 358 ε”στιν
1349 311 1501 368 εἰπεῖν,
1533 306 1604 357 ὅτι
1638 307 1720 368 τῆς
1753 305 1876 366 ἀλη-

293 390 416 443 θείας
442 390 788 457 ἀπεσφάλλετο
814 395 908 441 τῶν
935 390 1081 456 ἁγίων
1107 391 1132 440 ὁ
1168 395 1286 452 νοῦς,
1313 391 1388 440 καὶ
1424 387 1564 442 αὐτὸς
1599 385 1648 438 δὲ
1682 385 1830 437 πάλιν
1855 385 1880 434 ὁ

292 469 414 524 Θεὸς
458 473 533 521 καὶ
581 471 771 538 Πατὴρ,
821 475 882 525 ὡς
928 471 1086 541 φωτὸς
1133 472 1365 532 δεομένοις
1407 471 1578 534 πέμπει
1622 467 1704 519 τὸν
1744 465 1876 519 Υἱόν.

291 552 443 618 ἕτερος
472 552 563 617 ἄρα
590 553 708 603 κατὰ
736 552 902 621 φύσιν,
929 556 991 608 ὡς
1014 552 1132 621 πρὸς
1159 552 1245 617 τὴν
1271 553 1426 604 κτίσιν
1455 553 1479 602 ὁ
1508 549 1798 616 Μονογενὴς,
1819 551 1881 602 ὡς
1901 564 1922 603 5

291 633 506 700 φωτίζων
532 632 591 684 τὰ
618 634 776 702 φωτὸς
803 634 1012 696 δεόμενα.

365 736 497 765 ΑΛΛΟ.
538 718 597 766 ΕΖ
639 715 798 784 φωτὸς
843 717 1025 783 ὁρῶμεν
1065 715 1152 781 τὴν
1195 716 1350 767 κτίσιν
1391 717 1561 777 ἐπιδεᾶ,
1603 712 1789 782 φωτίζει
1833 712 1882 763 δὲ

291 796 435 860 αὐτὴν
462 798 487 848 ὁ
517 797 808 863 Μονογενὴς,
834 799 921 865 οὐχ
947 798 1113 859 ἑαυτὴν
1138 799 1166 862 ἡ
1202 798 1355 852 κτίσις
1386 798 1490 863 ἄγει
1523 794 1640 863 πρὸς
1673 794 1727 846 τὸ
1758 798 1876 863 φῶς·

253 903 274 929 e
292 880 459 930 οὐκοῦν
485 878 590 930 οὐδὲ
617 880 716 948 φῶς
744 877 932 940 άληθινδν
958 879 1123 946 ὥσπερ
1151 881 1175 930 ὁ
1202 880 1331 933 Υἱός.

366 981 497 1011 ΑΛΛΟ.
538 964 596 1011 ΕΞ
624 960 677 1011 τὸ
705 961 849 1030 φύσει
875 964 949 1012 καὶ
976 961 1095 1012 κατὰ
1128 961 1353 1026 ἀλήθειαν
1380 965 1481 1030 φῶς
1513 960 1567 1010 οὐ
1597 956 1878 1023 σκοτίζὲται,
1906 984 1953 1008 10

292 1042 390 1112 φῶς
431 1042 479 1094 δὲ
523 1041 714 1103 ἀληθινὸν
754 1045 778 1094 ὁ
821 1043 1111 1109 Μονογενὴς,
1152 1047 1226 1094 καὶ
1271 1043 1369 1113 φῶς
1414 1043 1582 1106 ὁμοίως
1621 1039 1812 1101 ἀληθινὸν
1854 1040 1881 1103 ἡ

291 1125 457 1187 κτίσις,
483 1123 594 1175 ὅτου
629 1123 684 1188 δὴ
720 1124 859 1192 χάριν
884 1126 959 1177 ἐπὶ
994 1125 1080 1189 μὲν
1105 1131 1188 1176 τοῦ
1212 1129 1331 1176 Υὶοῡ
1357 1124 1545 1188 τίθησιν
1569 1123 1597 1187 ἡ
1631 1120 1796 1191 γραφὴ
1827 1119 1883 1171 τό

69 1205 176 1245 Supra

69 1256 197 1306 ve1:.5:
343 1290 352 1304 φ
480 1288 500 1308 ς
567 1290 577 1304 t
677 1287 690 1304 x
821 1295 841 1304 Α
912 1294 958 1307 ,Α
1152 1289 1163 1305 t
1297 1292 1306 1305 ²
1351 1289 1361 1305 t
1613 1286 1626 1304 Χ
1740 1286 1750 1300 Ι

68 1292 231 1373 ΞΙΟΟΓΉ·
293 1296 320 1318 “
359 1293 428 1339 Εν
456 1311 522 1341 οις
558 1312 583 1339 ο
620 1293 722 1342 θεος
759 1312 842 1340 του
877 1313 1041 1343 αιωνος
1079 1313 1246 1341 τουτου
1285 1294 1535 1358 ετυφλωσε
1574 1310 1633 1337 τα
1672 1308 1883 1350 νοηματα

69 1377 163 1437 1¹}f1'a
177 1377 231 1407 xii.
294 1378 320 1400 ‘⁶
347 1375 441 1421 τῶν
468 1370 685 1422 ἀπίστων
705 1371 745 1431 ;”
787 1373 861 1422 καὶ
889 1370 1037 1422 πάλιν
1064 1371 1202 1425 αὐτὸς
1229 1373 1253 1422 ὁ
1281 1370 1449 1436 Σωτήρ
1480 1377 1506 1400 “
1525 1368 1655 1422 ’Έως
1688 1367 1742 1419 τὸ
1779 1372 1883 1435 φῶς
1906 1389 1952 1427 15

71 1431 109 1462 3³
293 1460 320 1483 ‘⁶
348 1453 487 1520 ἔχετε,
529 1457 824 1518 περιπατεῖτε
869 1454 918 1503 ἐν
958 1457 1025 1523 τῷ
1071 1456 1207 1522 φωτὶ,
1248 1453 1323 1504 ἵνα
1367 1452 1432 1517 μὴ
1477 1451 1505 1516 ἡ
1550 1451 1719 1502 σκοτία
1763 1451 1882 1514 ὑμᾶς

292 1214 319 1236 ‘6
343 1208 354 1223 (
583 1206 593 1224 Ι
704 1207 714 1222 3
754 1206 765 1221 Ν
854 1208 864 1222 )
1010 1209 1022 1223 Ι
1191 1209 1214 1224 ,9
1281 1209 1290 1223 9
1329 1208 1339 1222 9
1387 1208 1397 1220 ἰ
1452 1211 1472 1220 Α
1575 1205 1586 1222 Χ
1634 1206 1644 1219 C
1776 1209 1795 1218 Λ

361 1210 409 1258 Η
450 1229 620 1257 σκοτια
660 1230 773 1257 αυτο
815 1230 868 1258 ου
907 1213 1184 1269 κατελαβεν·
1268 1212 1328 1276 εφ
1372 1230 1504 1271 ημων
1539 1208 1587 1256 δε
1626 1228 1650 1256 ο
1687 1208 1883 1257 Παυλος

70 1549 127 1583 68
144 1548 197 1583 Α.
253 1542 321 1582 a“
347 1532 648 1602 καταλάβῃ.”
701 1532 945 1601 πρόδηλον
973 1533 1067 1602 γὰρ
1105 1533 1256 1600 δήπου
1290 1535 1441 1586 πᾶσίν
1472 1535 1616 1596 ἐστιν,
1650 1534 1713 1587 ὡς
1745 1535 1782 1583 εὶ
1816 1531 1882 1596 μή

290 1640 419 1670 τινας
447 1615 536 1666 ὑπὸ
562 1619 645 1680 τῆς
685 1618 878 1671 σκοτίας
914 1617 1126 1685 ἐνεχώρει
1162 1615 1618 1680 καταλαμβάνεσθαι
1650 1619 1745 1666 τῶν
1771 1615 1881 1665 καθ’

291 1700 425 1763 ἡμᾶς,
454 1699 552 1748 οὐδ’
584 1697 640 1749 ἂν
667 1698 758 1766 ἔφη
785 1721 829 1749 τι
852 1704 1062 1750 τοιοῦτον
1089 1701 1114 1750 ὁ
1143 1698 1325 1766 Σωτήρ.
1377 1702 1478 1752 πῶς
1505 1698 1587 1748 οὖν
1613 1697 1680 1748 ε”τι
1713 1694 1885 1748 ταύτὸν

290 1784 351 1834 εἷς
397 1780 547 1848 φύσιν
592 1780 616 1830 ὁ
666 1780 942 1846 Μονογενὴς
987 1782 1064 1831 καὶ
1108 1781 1135 1845 ἡ
1181 1782 1347 1844 κτίσις,
1389 1781 1414 1831 ὁ
1458 1779 1781 1832 ἀναλλοίωτος
1824 1781 1884 1846 τῇ
1904 1802 1953 1826 20

293 1861 624 1930 ἀλλοιουμένῃ,
651 1863 676 1912 ὁ
710 1867 876 1914 παθεῖν
907 1862 1041 1914 οὐδὲν
1072 1867 1167 1914 τῶν
1196 1862 1480 1913 ἀδικούντων
1511 1859 1791 1929 ἀνεχόμενος
1824 1865 1884 1927 τῇ

293 1944 599 2013 σκοτιζομένῃ
633 1947 708 1995 καὶ
744 1944 1113 2009 ἀποκτήσασθαι
1148 1945 1379 2013 δυναμένῃ
1413 1944 1496 1995 τὸν
1527 1942 1794 2012 φωτισμὸν,
1822 1945 1884 1997 ὡς

293 2028 341 2076 ἐν
366 2026 646 2092 προσθήκης
672 2027 801 2093 μέρει
825 2027 1073 2093 προσόντα
1099 2026 1332 2092 δηλονότι,
1359 2028 1435 2077 καὶ
1462 2027 1565 2094 οὐχὶ
1589 2024 1710 2077 κατὰ
1735 2024 1885 2095 φύσιν

292 2107 596 2175 ἐρριζωμένην
622 2110 670 2160 ἐν
695 2110 836 2177 ἑαυτῇ
857 2132 867 2171 ;

248 2201 275 2242 b
367 2211 499 2240 ΑΛΛΟ.
547 2195 605 2242 Εἰ
646 2189 710 2255 μὴ
751 2191 894 2255 μόνος
929 2192 954 2242 ὁ
997 2191 1274 2258 Μονογενὴς
1314 2191 1359 2243 τὶ
1401 2190 1500 2260 φῶς
1540 2191 1644 2242 ἐστι
1683 2190 1729 2242 τὸ
1770 2193 1885 2250 ἀλη-
1905 2207 1953 2245 25

294 2272 408 2336 Odor,
453 2273 546 2341 ἔχει
588 2271 636 2323 δὲ
676 2272 789 2324 αὐτὸ
829 2275 904 2324 καὶ
945 2274 973 2337 ἡ
1015 2274 1184 2337 κτίσις,
1227 2276 1289 2327 ὡς
1331 2271 1544 2340 ὁμοφυὴς
1584 2272 1723 2341 αὐτῷ,
1764 2271 1885 2323 κατὰ

294 2356 398 2406 τίνα
436 2355 613 2422 τρόπον
652 2356 931 2419 ἀναβοῶμεν
968 2355 1108 2419 ἡμεῖς,
1149 2358 1211 2409 ὡς
1253 2354 1371 2422 πρὸς
1411 2353 1536 2406 Θεὸν
1574 2356 1649 2405 καὶ
1690 2354 1884 2420 Πατέρα

73 2433 233 2507 ῗζςΧΧΧῩ·
294 2444 321 2467 “
346 2437 432 2489 Ἐν
477 2441 544 2506 τῷ
587 2437 716 2505 φωτί
755 2459 847 2487 σου
889 2436 1109 2504 ὀψόμεθα
1154 2438 1316 2505 φῶς;”
1370 2440 1407 2488 εἰ
1452 2435 1547 2503 γὰρ
1592 2440 1694 2505 φῶς
1739 2437 1885 2500 ἐσμεν

293 2519 532 2584 ἀληθινὸν,
572 2523 673 2572 πῶς
716 2520 764 2569 ἐν
802 2518 942 2588 ἑτέρῳ
987 2517 1429 2587 φωτισθησόμεθα;
1487 2522 1524 2569 εὶ
1565 2517 1613 2569 δὲ
1654 2521 1717 2572 ὡς
1760 2516 1879 2585 χρῄ-

293 2600 447 2666 ζοντες
497 2599 777 2653 ἐπεισάκτου
826 2599 999 2669 φωτὸς,
1049 2598 1108 2650 τὰ
1160 2599 1352 2651 τοιαῦτά
1402 2604 1571 2669 φαμεν,
1623 2601 1706 2651 οὐκ
1755 2599 1884 2654 ὅντες
1904 2616 1954 2653 30

345 2793 375 2814 1.
401 2781 469 2814 ἔδει
489 2780 530 2814 Β.
732 2792 766 2823 4.
792 2780 919 2824 ἔπεμπε
940 2779 982 2813 Β.
1181 2780 1213 2814 8.
1240 2779 1342 2823 αὐτὴν
1362 2780 1501 2815 B.D.E.
1521 2780 1587 2815 Ed.
1609 2792 1679 2825 mg.
1697 2780 1799 2814 αὐτὸν
1816 2779 1884 2815 Ed.

297 2838 350 2861 10.
377 2828 430 2860 καὶ
448 2839 518 2861 om.
540 2827 581 2861 B.
836 2838 888 2872 13.
916 2826 1007 2870 ἡμῶν
1026 2825 1166 2860 B.D.E.
1184 2826 1261 2870 ἡμῖν
1279 2827 1345 2860 Ed.
1599 2836 1652 2870 15.
1676 2826 1755 2872 ἕως]
1776 2827 1820 2862 ὡς
1839 2826 1883 2860 Β.

297 2883 350 2917 19.
377 2873 446 2906 οὐδ’
465 2874 505 2906 ἂν
523 2873 565 2908 Β.
585 2873 682 2908 οὐδέν
700 2873 767 2908 Ed.
833 2873 900 2918 ἔτι]
921 2873 975 2907 ἐπὶ
994 2873 1036 2907 Β.
1139 2884 1194 2907 21.
1221 2875 1238 2906 ὁ
1256 2879 1479 2919 assumptum
1496 2886 1538 2908 ex
1558 2874 1599 2909 Β.
1701 2885 1756 2917 24.
1781 2875 1881 2917 ἑαυτῇ

293 2919 336 2953 Β.
355 2919 437 2963 αὐτῇ
458 2919 524 2954 Ed.
716 2920 770 2955 26.
797 2920 878 2955 αὐτὸ
897 2921 950 2954 καὶ
969 2919 1034 2954 hoc
1053 2918 1175 2955 Ordine
1195 2919 1334 2955 B.D.E.
