2084 3317
358 122 443 162 656
762 123 811 164 Β.
846 123 1123 164 CYRILLI
1165 123 1545 164 ALEXANDR.
1791 121 1860 163 vii.
1882 122 1947 164 28.

359 229 457 283 εἶτα
483 231 602 298 πρὸς
627 232 808 287 τούτοις
835 234 899 283 ε”τι
927 235 1002 283 καὶ
1034 233 1090 301 ἐξ
1117 231 1182 283 ὧν
1208 232 1279 282 ὅτι
1312 231 1404 300 χρὴ
1438 232 1503 296 μὴ
1540 231 1778 283 πιστεύειν
1803 230 1952 300 ᾤοντο

359 313 694 384 παραφρόνως,
743 314 820 365 διὰ
870 314 1050 365 τούτων
1101 315 1255 364 αὐτῶν
1307 313 1379 364 ὅτι
1429 312 1662 380 προσήκει
1712 312 1952 364 πιστεύειν

316 405 342 444 b
361 396 526 450 αὐτοὺς
553 396 789 448 ἀναπείθει
815 400 1018 462 γοργῶς·
1061 396 1165 446 ε”στι
1191 394 1239 446 δὲ
1265 400 1359 446 τῶν
1385 395 1657 460 λεγομένων
1683 401 1891 448 τοιοῦτος
1925 395 1951 445 ὁ

363 484 483 532 νοῦς.
537 476 841 541 ἐθαυμάσατέ
870 483 1036 545 φησιν,
1070 480 1144 528 καὶ
1181 477 1378 545 σφόδρα
1412 482 1655 531 ποιοῦντες
1689 477 1854 542 ὀρθῶς,
1881 476 1952 527 ὅτι

362 558 623 626 θεοπρεπὴς
650 559 795 613 ὅντως
827 558 1076 626 ἐνυπάρχει
1111 582 1190 623 μοι
1217 558 1423 621 δύναμις,
1452 559 1751 627 ἐξημεροῦσα
1782 559 1952 626 ῥᾳδίως
1972 578 1994 617 5

360 642 509 692 καίτοι
548 646 779 710 φονῶσαν
818 641 904 705 τὴν
942 646 1037 692 τῶν
1074 641 1315 692 Ἰουδαίων
1354 639 1575 691 διάνοιαν·
1626 639 1819 705 ζητοῦσι
1857 640 1952 706 γὰρ

360 724 634 775 ἀποκτεῖναί
679 747 737 787 με
789 722 909 774 κατὰ
958 723 1041 774 τὸν
1091 721 1201 789 παρ’
1251 724 1382 786 ὑμῶν
1433 724 1621 791 ἀψευδῆ
1672 745 1723 773 τε
1774 723 1850 773 καὶ
1899 722 1957 791 ἐξ

360 806 597 871 ἀκριβείας
642 806 750 871 παρ’
795 806 925 864 ὑμῶν
966 805 1220 869 ποιηθέντα
1265 805 1426 869 λόγον,
1469 805 1546 854 καὶ
1589 802 1785 867 πολλὴν
1828 804 1953 869 ἄγαν

360 890 423 940 εἷς
460 892 598 937 τοῦτο
636 887 839 938 τίθενται
877 885 963 950 τὴν
998 885 1231 950 σπουδήν.
1284 887 1395 936 ἀλλ’
1425 884 1520 949 ἐμὲ,
1554 887 1721 953 φησὶν,
1752 885 1950 954 ἐξίστα-

360 972 476 1019 σθαι
512 968 616 1019 δέον
645 970 721 1019 καὶ
759 970 1028 1037 ἀποφοιτᾶν
1058 971 1120 1022 ὡς
1158 967 1448 1035 πορῥωτάτω
1487 971 1581 1018 τῶν
1613 967 1685 1018 ὅτι
1722 967 1953 1032 προσήκει
1977 992 2024 1016 10
2066 997 2068 1007 ·

320 1049 573 1119 Οφονεύειν
609 1051 1013 1114 βεβουλευμένων,
1052 1048 1186 1101 οὐδὲν
1224 1049 1348 1103 ὅλως
1387 1052 1469 1113 τῆς
1507 1050 1692 1100 ἐκείνων
1729 1050 1953 1103 ἀπονοίας

361 1133 637 1201 φροντίσας,
664 1134 714 1183 ἐκ
739 1137 834 1184 τῶν
859 1132 1080 1183 ἐναντίων
1106 1134 1154 1183 ἐν
1179 1133 1424 1200 παῤῥησίᾳ
1455 1136 1594 1181 λαλῶ
1622 1133 1698 1181 καὶ
1724 1131 1953 1198 διελέγχω

361 1219 628 1268 λυποῦντας
663 1213 747 1265 τὸν
783 1214 928 1278 νόμον
963 1213 1038 1264 διὰ
1071 1219 1155 1265 τοῦ
1188 1213 1254 1278 μὴ
1292 1213 1352 1265 τὰ
1391 1214 1544 1264 δίκαια
1582 1212 1752 1279 κρίνειν
1778 1211 1954 1263 ἐθέλειν

361 1295 541 1350 αὐτούς·
581 1295 759 1364 πάσχω
787 1294 834 1347 δὲ
859 1295 914 1347 τὸ
940 1295 1140 1360 σύμπαν
1166 1295 1317 1346 οὐδέν.
1373 1296 1704 1363 ἀνεξικακοῦσι
1738 1293 1832 1360 γὰρ
1866 1294 1954 1361 οὐχ

361 1376 541 1431 ἑκόντες
580 1381 622 1429 οἱ
655 1378 808 1428 πάλαι
843 1380 995 1440 δεινοὶ,
1023 1379 1100 1428 καὶ
1138 1378 1192 1428 οὐ
1227 1380 1309 1441 τῆς
1346 1378 1530 1428 ἐκείνων
1556 1377 1874 1443 προαιρέσεως
1899 1375 1954 1426 τὸ
1979 1396 2023 1434 15
2064 1381 2067 1420 ἶ

359 1465 561 1527 πρᾶγμα
587 1459 779 1526 καρπὸς,
807 1459 938 1511 ἀλλὰ
964 1463 1047 1524 τῆς
1070 1461 1182 1524 ε’μῆς
1208 1459 1429 1528 ἐξουσίας
1456 1459 1484 1523 ἡ
1511 1458 1719 1521 δύναμις.
1772 1459 1826 1509 οὐ
1861 1457 1955 1524 γὰρ

361 1544 524 1611 ἐφίημι
576 1543 724 1593 καίτοι
776 1541 1126 1607 λελυττηκόσιν
1174 1543 1330 1596 αὐτοῖς
1387 1543 1465 1592 καὶ
1519 1544 1581 1594 εἷς
1635 1539 1955 1606 ἀπάνθρωπον

361 1626 758 1690 ἀποτεθηγμένοις
809 1624 971 1692 ὀργὴν,
1020 1623 1239 1691 πρόωρον
1294 1627 1356 1678 εἰς
1411 1622 1489 1685 ἐμὲ
1546 1623 1632 1686 τὴν
1682 1622 1956 1689 μιαιφονίαν

317 1708 659 1771 (Ιάποτολμᾶν.
713 1709 786 1758 ἐπὶ
825 1707 1006 1760 τούτοις
1043 1707 1125 1757 οῦν
1163 1706 1269 1772 ἄρα,
1306 1710 1445 1774 φησὶ,
1485 1707 1559 1756 καὶ
1599 1705 1710 1754 λίαν
1747 1703 1951 1766 εἰκότως,
2062 1771 2067 1780 ⁴

362 1789 733 1857 καταπέπληχθε
771 1788 855 1852 μὲν
895 1790 1034 1853 ὑμεῖς,
1067 1788 1315 1855 ἐγνωκέναι
1354 1787 1402 1838 δὲ
1441 1789 1630 1851 ἀληθῶς
1667 1785 1775 1840 τοὺς
1815 1787 1955 1852 ἡγου-
1977 1812 2027 1836 20
2062 1785 2066 1821 ἶ

360 1870 527 1934 μένους
571 1870 706 1940 φατὲ,
753 1870 824 1922 ὅτι
872 1871 964 1937 ἐγώ
1008 1875 1099 1935 εἶμι
1145 1872 1170 1921 ὁ
1214 1868 1444 1936 Χριστός.
1516 1871 1742 1937 λογισμῷ
1791 1868 1840 1919 δὲ
1889 1872 1957 1937 τῷ
2063 1863 2065 1866 ‚

360 1953 589 2019 πρέποντι
612 1957 1069 2006 κατακολουθοῦντες
1095 1953 1144 2003 ἐν
1169 1952 1363 2013 τούτοις,
1389 1950 1508 2016 πρὸς
1540 1949 1600 2001 τὰ
1633 1951 1683 2000 ἐκ
1717 1952 1800 2014 τῆς
1831 1950 1956 2003 θείας

361 2037 552 2103 γραφῆς
584 2034 888 2088 ἀπονεύοντες
915 2034 1072 2100 λόγια,
1099 2034 1203 2085 δέον
1230 2035 1521 2101 ὠφελεῖσθαι
1552 2036 1746 2096 μᾶλλον
1772 2035 1834 2086 εἰς
1870 2031 1956 2096 τὴν

362 2117 431 2167 ἐπ’
484 2118 583 2182 ἐμοὶ
632 2115 996 2180 βεβαιουμένους
1056 2114 1349 2184 κατάληψιν,
1403 2114 1674 2165 τούναντίον
1724 2111 1956 2167 παθόντες

362 2199 786 2263 ἐσκανδαλίσθητε.
838 2198 933 2250 ἀπὸ
959 2198 1052 2265 γὰρ
1084 2204 1168 2249 τοῦ
1203 2198 1349 2263 μόνον
1375 2199 1666 2248 ἐπίστασθαι
1693 2195 1817 2248 πάθεν
1843 2202 1950 2266 εἰμὶ,
1977 2220 2025 2258 25

365 2283 439 2331 καὶ
467 2280 542 2331 διὰ
567 2282 692 2335 τίνος
720 2280 1014 2347 γεγέννημαι,
1043 2280 1325 2343 νενομίκατε,
1351 2281 1518 2349 φησὶν,
1544 2279 1626 2329 οὐκ
1651 2277 1768 2329 εἶναί
1788 2301 1846 2343 με
1872 2278 1956 2331 τὸν

415 2447 444 2469 1.
470 2435 524 2469 καὶ
541 2440 766 2479 assumptum
783 2446 824 2468 ex
845 2434 887 2468 Β.
902 2433 1060 2468 exhibuit
1078 2439 1110 2467 et
1130 2433 1249 2467 Holst.
1306 2432 1414 2480 ᾠοντο
1434 2433 1476 2466 Β.
1495 2432 1633 2466 favente
1651 2444 1680 2466 a.
1698 2432 1788 2477 αὐτῷ
1808 2431 1871 2466 Ht.
1887 2431 1954 2467 Ed.

363 2494 398 2527 3.
416 2482 588 2516 ἀναπείθει
605 2485 749 2527 γοργῶς·
777 2482 852 2515 ἔστι
870 2481 906 2514 δέ
926 2481 969 2514 Β.
986 2480 1079 2526 [ἔστι
1098 2480 1134 2513 δὲ
1152 2479 1293 2514 exhibet
1310 2486 1344 2513 et
1362 2479 1410 2525 8.]
1426 2479 1608 2514 ἀναπείθει.
1634 2480 1760 2524 γοργός
1778 2478 1873 2513 ἐστιν
1888 2478 1953 2512 Ed.

364 2528 397 2563 6.
423 2531 588 2586 φονῶσιιν
605 2528 738 2562 correxi
756 2534 835 2586 poet
854 2528 989 2572 Migne.
1008 2529 1181 2572 φωνῶσαν
1201 2526 1242 2561 Β
1264 2526 1329 2560 E.d
1496 2535 1527 2570 7.
1554 2541 1590 2560 τε
1607 2531 1830 2571 assumptum
1849 2537 1889 2558 ex
1910 2525 1952 2559 Β.

364 2588 398 2621 9.
422 2574 501 2609 ἀλλ’
519 2575 576 2619 ε’μὲ
598 2575 638 2608 Β.
658 2575 748 2608 ἀλλὰ
767 2574 823 2619 ε’με
841 2587 871 2609 8.
889 2574 980 2608 ἀλλά
997 2589 1039 2617 με
1058 2573 1124 2607 Ε(].
1225 2584 1277 2607 ΙΙ.
1304 2571 1419 2618 οὐδεν]
1439 2573 1539 2608 αὐτὸς
1556 2572 1653 2607 οὐδεν
1669 2584 1701 2607 8.
1813 2583 1864 2616 1.3
1891 2573 1953 2605 λυ-

364 2621 527 2666 ποῦντας]
547 2621 690 2657 λύοντας
707 2621 1280 2665 8.17.λελυττηκόσιν
1299 2619 1407 2654 edldit
1425 2620 1518 2653 Aub.
1537 2620 1777 2662 λελοιτηκόσιν
1799 2618 1838 2652 Β.
1858 2618 1952 2664 quod

363 2670 596 2712 λελυπηκόσιν
614 2668 813 2702 emendavit
832 2667 897 2702 Ht.
965 2668 1063 2702 Haec
1080 2679 1150 2701 om.
1169 2678 1199 2701 a.
1353 2667 1406 2700 18.
1430 2668 1588 2711 πρόωρον
1605 2666 1803 2699 emendavit
1823 2665 1901 2710 Hey
1904 2677 1952 2699 se.

364 2715 522 2749 Adnotat
551 2715 643 2749 idem
670 2714 910 2749 emendavisse
935 2719 968 2748 et
995 2713 1206 2748 Cotelerium
1233 2712 1414 2756 (Monum.
1442 2713 1535 2746 Eecl.
1564 2712 1626 2746 Gr.
1648 2713 1683 2746 ii.
1703 2713 1787 2757 636)
1816 2712 1951 2757 Migne.

366 2762 547 2796 Edebatur
562 2765 730 2807 προορῶν.
889 2772 944 2796 20.
971 2759 1232 2805 καταπέπληχθε
1251 2771 1280 2793 8.
1299 2759 1580 2804 καταπεπλῆχθαι
1599 2758 1666 2793 Fd.
1824 2769 1879 2792 21.
1905 2760 1952 2804 τῷ

1634 2815 1653 2830 π
1671 2815 1699 2832 Ος
1787 2815 1807 2829 π
1841 2814 1852 2832 ς

365 2848 590 2887 assumptum
608 2853 649 2876 ex
670 2841 712 2875 B.
772 2841 880 2875 Deest
899 2847 932 2875 et
949 2842 985 2874 in
1004 2840 1066 2874 Ht.
1214 2850 1269 2873 22.
1287 2841 1372 2885 πρὸς
1390 2840 1431 2873 τὰ
1449 2839 1485 2873 ἐκ
1503 2839 1607 2873 edidi.
1627 2854 1698 2873 ειτα
1718 2839 1772 2884 [=
1792 2814 1839 2873 εἷς
1855 2853 1895 2871 τα
1913 2843 1952 2871 ut

364 2887 489 2933 vld.]
473 2904 508 2923 εκ
529 2889 569 2922 Β.
588 2890 672 2933 πρὸς
689 2888 756 2922 Ed.
942 2899 996 2932 23.
1023 2887 1071 2922 εἷς
1087 2889 1174 2931 τὴν
1164 2898 1194 2921 8.
1212 2886 1321 2921 εἷστιν
1341 2886 1381 2921 Β.
1401 2886 1497 2922 ἐστιν
1517 2885 1580 2920 Ht.
1603 2885 1667 2921 Ed.
1685 2886 1718 2921 ἐς
1735 2885 1794 2929 τὴν
1814 2884 1950 2930 Migne.

365 2935 420 2969 26.
447 2937 504 2969 τὸν
521 2941 744 2980 assumptum
763 2947 805 2969 ex
824 2933 900 2969 B.a.
