2021 3296
684 554 1139 603 ΚΕΦΑΛΑΙΑ

569 714 638 743 ΕΝ
686 715 754 744 ΤΩ
800 715 990 745 ΠΡΩΤΩ
1039 714 1251 745 ΒΙΒΛΙΩ.

121 892 160 915 α.
192 873 286 916 ’Ότι
316 874 437 918 ἀΐδιος
468 877 530 917 καὶ
560 877 635 929 πρὸ
665 882 742 919 τῶν
772 879 925 920 αἰώνων
956 881 976 919 6
1006 878 1250 932 Μονογενής·
1307 875 1562 930 προκειμένου
1591 878 1709 928 ῥητοῦ

291 941 364 983 Ἐν
391 943 490 999 ἀρχῇ
517 944 566 995 ἦν
591 946 612 985 6
632 947 774 999 Λόγος.
1635 944 1700 998 [7]

75 1054 98 1095 5
119 1045 162 1093 β.
187 1041 282 1084 Ὅτι
312 1045 374 1085 καὶ
405 1045 510 1088 Θεὸς
542 1047 747 1098 ὁμοούσιος
775 1048 961 1102 ὑπάρχων
991 1050 1043 1104 τῷ
1075 1049 1203 1100 Πατρὶ
1236 1049 1256 1088 6
1289 1047 1384 1090 ’Υἱὸς
1416 1048 1459 1088 ἐν
1493 1047 1568 1100 ἰδίᾳ
1600 1045 1708 1086 ἐστὶν

287 1113 518 1162 ὑποστάσει,
551 1116 691 1166 ὁμοίως
724 1117 767 1156 δὲ
803 1116 865 1156 καὶ
896 1117 916 1156 6
946 1115 1097 1168 Πατήρ·
1140 1115 1395 1168 προκειμένου
1427 1115 1543 1167 ῥητοῦ
1576 1113 1652 1154 Καὶ
1687 1114 1751 1155 6b

287 1182 417 1234 Λόγος
441 1181 490 1233 ἢν
515 1182 611 1235 πρὸς
639 1182 705 1224 τὸν
727 1185 846 1225 Θεόν.
1606 1182 1699 1236 [14]

119 1299 158 1335 γ.
194 1281 286 1323 ’Ότι
326 1283 389 1323 καὶ
430 1284 536 1328 Θεὸς
576 1286 673 1326 κατὰ
713 1286 849 1338 φύσιν,
889 1285 969 1327 κατ’
1013 1285 1166 1327 οὐδένα
1197 1286 1356 1338 τρόπον,
1393 1285 1417 1336 ἢ
1459 1284 1644 1334 ἐλάττων,
1682 1283 1706 1335 ἢ

287 1351 465 1402 ἀνόμοιός
493 1353 578 1393 ἐστι
605 1357 672 1394 τοῦ
699 1353 856 1406 Πατρὸς
883 1355 904 1394 6
933 1353 1040 1402 Ύῖὸς,
1064 1353 1320 1406 προκειμένου
1347 1354 1465 1406 ῥητοῦ
1496 1353 1573 1393 Καὶ
1601 1352 1708 1395 Θεὸς

46 1433 94 1458 ιο
285 1418 335 1470 ἣν
362 1421 381 1459 ὁ
404 1421 545 1472 Λόγος.
1602 1420 1696 1475 [19]

117 1521 152 1560 δ.
201 1519 308 1572 Πρὸς
337 1521 425 1565 τοὺς
455 1526 681 1573 τολμῶντας
710 1523 855 1576 λέγειν,
886 1524 943 1563 ὅτι
972 1523 1103 1575 ἕτερός
1132 1524 1242 1563 ἐστιν
1273 1523 1293 1563 6
1325 1521 1545 1564 ἐνδιάθετός
1572 1538 1614 1562 τε
1642 1523 1704 1562 καὶ

291 1589 456 1640 φυσικὸς
481 1592 524 1630 ἐν
547 1591 638 1646 Θεῷ
663 1592 724 1632 καὶ
747 1591 874 1643 Πατρὶ
894 1591 1038 1643 Λόγος,
1060 1591 1122 1631 καὶ
1145 1590 1273 1642 ἕτερος
1292 1591 1313 1630 6
1340 1591 1443 1641 παρὰ
1469 1593 1554 1632 ταῖς
1581 1590 1704 1632 θείαις

286 1661 455 1709 γραφαῖς
475 1660 690 1711 λεγόμενος
704 1660 808 1702 Ύῖός·
833 1659 919 1700 ἔστι
941 1660 983 1699 δὲ
1003 1662 1080 1699 τῶν
1101 1659 1190 1711 περὶ
1210 1657 1278 1699 τὸν
1296 1657 1491 1708 Εὐνόμιον
1507 1658 1530 1708 ἡ
1548 1658 1702 1707 τοιαύτη

287 1727 504 1776 κακοδοξία·
551 1727 748 1778 πρόκειται
789 1728 830 1767 δὲ
868 1726 984 1778 ῥητόν
1022 1725 1150 1768 Οὗτος
1189 1725 1238 1776 ἦν
1277 1725 1320 1765 ἐν
1356 1725 1459 1780 ἀρχῇ
1499 1724 1595 1776 πρὸς
1633 1723 1741 1765 τὸνο

46 1804 92 1843 15
286 1793 408 1834 Θεόν.
1601 1792 1694 1847 [29]

115 1907 145 1933 ε.
185 1890 279 1933 “Orc
316 1895 411 1934 κατὰ
446 1896 568 1947 φύσιν
604 1895 834 1949 δημιουργὸς
869 1896 889 1935 6
920 1897 1015 1938 Ὑῑός
1046 1896 1144 1946 μετὰ
1177 1897 1246 1935 τοῦ
1278 1893 1446 1946 Πατρὸς,
1478 1894 1530 1936 ὡς
1562 1895 1604 1934 ἐκ
1635 1896 1702 1944 τῆς

283 1962 417 2006 οὐσίας
443 1963 631 2018 ὑπάρχων
659 1964 790 2014 αὐτοῦ,
817 1964 881 2004 καὶ
907 1964 981 2017 οὐχ
1008 1964 1141 2014 ὥσπερ
1168 1961 1362 2014 ὑπουργὸς
1387 1961 1700 2013 παραλαμβανό-

282 2044 412 2081 μενος·
444 2031 698 2083 προκειμένου
720 2033 837 2084 ῥητοῦ
859 2031 1001 2072 Πάντα
1022 2029 1067 2071 δι’
1090 2031 1208 2072 αὐτοῦ
1229 2029 1399 2083 ἐγένετο.
1601 2028 1693 2082 [43]

113 2148 150 2177 ς.
191 2130 285 2173 ’Ότι
305 2132 379 2184 ζωὴ
401 2135 498 2174 κατὰ
520 2134 642 2186 φύσιν
667 2134 775 2175 ἐστὶν
796 2135 816 2174 ὁ
836 2133 942 2183 Ύῖὸς,
966 2134 1027 2174 καὶ
1048 2134 1109 2173 διὰ
1136 2135 1249 2172 τοῦτο
1276 2131 1322 2172 οὐ
1348 2129 1523 2183 γενητὸς,
1545 2128 1634 2170 ἀλλ’
1657 2131 1699 2170 ἐκ

43 2212 92 2239 20
283 2204 348 2252 τῆς
368 2201 503 2245 οὐσίας
528 2205 596 2242 τοῦ
619 2205 726 2244 Θεοῦ
755 2202 815 2243 καὶ
836 2202 1004 2254 Πατρός·
1037 2199 1293 2253 προκειμένου
1319 2200 1434 2251 ῥητοῦ
1455 2196 1514 2238 Ὃ
1535 2197 1700 2250 γέγονεν

284 2269 329 2310 ἐν
351 2269 452 2324 αὐτῷ
476 2269 550 2322 ζωὴ
570 2269 630 2321 ἧν.
1598 2265 1691 2320 [49]

111 2375 142 2418 ζ.
186 2369 280 2411 ι’Ότι
300 2374 384 2424 φῶς
409 2373 506 2412 κατὰ
531 2372 653 2424 φύσιν
675 2371 783 2412 ἐστὶν
805 2371 825 2411 6
845 2370 950 2420 Υἱὸς,
976 2371 1037 2411 καὶ
1057 2372 1121 2411 διὰ
1140 2372 1253 2410 τοῦτο
1275 2369 1320 2409 οὐ
1343 2368 1518 2421 γενητὸς,
1542 2365 1631 2407 ἀλλ’
1656 2367 1698 2406 ἐκ

282 2442 349 2490 τῆς
380 2439 516 2482 οὐσίας
545 2443 613 2480 τοῦ
644 2442 752 2481 Θεοῦ
783 2439 845 2480 καὶ
875 2438 1045 2491 Πατρὸς,
1078 2438 1129 2480 ὡς
1160 2441 1242 2491 φῶς
1275 2435 1461 2486 ἀληθινὸν
1491 2436 1532 2475 ἐκ
1568 2433 1698 2486 φωτὸς

282 2506 483 2558 ἀληθινοῦ,
518 2506 774 2559 προκειμένου
808 2507 923 2559 ῥητοῦ
961 2505 1035 2547 Καὶ
1069 2505 1093 2556 ἡ
1128 2504 1203 2556 ζωὴ
1238 2504 1287 2555 ἣν
1320 2502 1364 2543 τὸ
1399 2506 1483 2554 φῶς
1517 2505 1594 2542 τῶν
1629 2499 1742 2541 ὄιν-ἆ

43 2583 91 2624 25
282 2575 458 2627 θρώπων.
1595 2569 1688 2623 [53]

160 2743 194 2775 5.
219 2731 273 2765 καὶ
290 2737 513 2777 assumptum
529 2744 571 2767 ex
589 2732 633 2767 B.
697 2732 859 2777 ὑπάρχων
876 2733 923 2778 τῷ
942 2731 1052 2775 Πατρὶ
1068 2731 1136 2765 hoc
1153 2729 1274 2763 ordine
1293 2728 1336 2762 B.
1479 2726 1512 2760 8.
1538 2725 1592 2760 καὶ
1610 2726 1696 2761 Θεὸς

114 2779 197 2814 κατὰ
213 2777 322 2822 φύσιν
338 2778 406 2812 hoc
423 2778 545 2813 ordine
564 2779 606 2814 Β.
623 2779 676 2812 καὶ
694 2785 773 2824 post
789 2779 899 2824 φυσὶν
916 2783 1049 2822 transp.
1069 2776 1136 2811 Ed.
1346 2786 1358 2808 1
1369 2786 1398 2814 1,
1421 2784 1473 2807 12.
1500 2773 1695 2816 Assumpta

114 2826 132 2858 6
149 2837 191 2859 ex
210 2824 347 2859 B.D.E.
366 2827 441 2871 Θεῷ
459 2827 512 2860 καὶ
529 2837 571 2859 ex
591 2826 634 2861 B.
698 2824 818 2870 θείαις]
839 2825 936 2860 ἰδίαις
953 2824 1007 2858 καὶ
1023 2824 1127 2859 θείαις
1145 2822 1186 2856 Β.
1320 2831 1371 2865 13.
1397 2820 1456 2853 τὸν
1471 2825 1694 2863 assumptum

113 2882 156 2906 ex
173 2871 216 2907 B.
433 2882 487 2915 14.
511 2871 565 2918 δὲ]
589 2876 626 2914 -1-
647 2873 685 2907 τὸ
702 2872 819 2907 invitis
838 2871 978 2906 B.D.E.
1196 2867 1248 2902 16.
1274 2869 1334 2902 τοῦ
1351 2870 1573 2911 assumptum
1590 2877 1632 2899 ex
1651 2864 1694 2899 B.

118 2946 171 2981 19.
195 2924 334 2981 γεὸητὸς
352 2934 394 2969 Β.
503 2946 558 2970 22.
584 2936 624 2970 οὐ
640 2935 685 2979 μὴ
701 2935 858 2981 γεννητὸς
876 2933 918 2968 Β.
1027 2943 1082 2977 23.
1109 2932 1145 2966 ἐκ
1161 2931 1277 2976 φωτὸς
1292 2929 1454 2974 ἀληθινοῦ
1470 2940 1540 2964 om.
1559 2928 1600 2964 E.

170 3001 262 3032 VOL.
286 3002 315 3030 I.
890 3000 912 3031 C

1837 567 1938 603 ΘΑ.
