2084 3317
123 153 150 195 i.
170 169 209 210 9,
235 167 292 195 ιο.
370 153 441 194 ΙΝ
486 153 528 194 S.
563 152 899 194 ιῘΟΑΝΝΕΜ.
963 151 1087 192 LIB.
1121 152 1156 192 I.
1219 151 1350 192 CAP.
1386 151 1462 193 IX.
1629 152 1709 192 113

123 264 207 315 τὸν
231 265 279 315 ἐν
306 263 501 332 ὑπάρξει
527 263 777 326 λαμβάνει.
834 264 1001 314 οὐκοῦν
1027 261 1301 329 οἰκειότερόν
1327 285 1377 313 τε
1409 263 1485 313 καὶ
1515 283 1707 327 πρεπω-

124 345 345 411 δέστερον
381 346 408 409 ἡ
443 349 537 396 τῶν
569 345 832 411 ἀνθρώπων
863 344 1120 413 ἐπιδέξεται
1155 344 1303 411 φύσις
1337 342 1392 393 τὸ
1426 344 1475 393 ἐκ
1509 342 1712 409 πρώτων

123 425 254 479 εὐθὺς
279 426 566 494 φωτίζεσθαι
592 426 790 494 χρόνων,
811 426 1083 492 σύνδρομόν
1109 449 1157 476 τε
1184 428 1259 476 καὶ
1286 447 1709 490 συγκατεσκευασ-

122 507 264 571 με’νην
300 511 367 577 τῷ
405 506 522 559 εἶναι
561 508 825 572 λαμβάνειν
859 507 945 572 τὴν
980 507 1178 558 σύνεσιν
1212 507 1342 574 παρὰ
1376 512 1460 558 τοῦ
1495 506 1628 559 ὄντος
1664 507 1751 556 ἐνο

81 592 189 657 5τῷ
240 588 407 659 κόσμῳ
459 589 631 659 φωτὸς,
675 590 892 641 τουτέστι
941 595 1025 640 τοῦ
1072 593 1389 655 Μονογενοῦς,
1435 588 1485 642 ὃς
1535 587 1591 652 δὴ
1637 589 1714 638 καὶ

123 669 309 740 ἀῤῥήτῳ
359 676 417 739 τῇ
463 675 546 736 τῆς
591 670 808 735 θεότητος
859 671 1048 736 δυνάμει
1094 670 1153 721 τὰ
1202 669 1360 722 πάντα
1403 674 1593 736 πληροῖ,
1639 671 1715 719 καὶ

123 753 428 820 συμπάρεστι
466 754 551 818 μὲν
589 754 811 820 ἀγγέλοις
858 756 906 804 ἐν
945 755 1143 823 οὐρανῷ,
1184 753 1383 804 σύνεστι
1422 752 1470 803 δὲ
1508 757 1604 805 τοῖς
1642 753 1716 803 ἐπὶ

123 838 206 898 τῆς
244 838 343 901 γῆς,
378 835 513 887 κενὸν
549 835 597 887 δὲ
636 838 718 899 τῆς
758 838 922 887 ἑαυτοῦ
961 834 1181 899 θεότητος
1220 833 1325 885 οὐδὲ
1363 834 1505 885 αὐτὸν
1544 834 1717 902 ἀφίησι

124 915 207 967 τὸν
233 914 362 985 ᾅδην,
390 919 465 968 καὶ
498 920 718 985 πανταχῆ
756 922 852 971 τοῖς
887 922 1040 968 πᾶσιν
1065 919 1303 981 ἐπιδημῶν
1330 915 1515 969 οὐδενὸς
1551 916 1718 967 ἀπανί-

58 1023 106 1048 10
125 1021 312 1063 σταται,
339 1001 400 1053 ὡς
436 1001 510 1051 ἐπὶ
546 999 698 1068 τούτῳ
737 1001 813 1050 καὶ
847 1000 958 1050 λίαν
984 997 1172 1053 εἰκότως
1206 997 1601 1062 ἀποθαυμάζοντα
1636 996 1718 1048 τὸν

124 1080 411 1147 σοφώτατον
444 1082 601 1147 λέγειν
633 1079 849 1151 μελῳδόν
875 1088 903 1110 “
926 1084 1030 1132 Ποῦ
1066 1084 1283 1148 πορευθῶ
1321 1079 1415 1131 ἀπὸ
1448 1086 1532 1130 τοῦ
1567 1078 1718 1130 Πνεύ-
1779 1098 1834 1128 Ps.

1780 1139 1936 1171 cxxxviii.

126 1170 153 1192 ‘⁶
178 1162 326 1226 ματός
363 1186 469 1227 σου,
501 1166 577 1215 καὶ
616 1163 709 1215 ἀπὸ
744 1169 827 1214 τοῦ
861 1163 1127 1230 προσώπου
1165 1186 1257 1213 σου
1291 1168 1384 1214 ποῦ
1418 1161 1592 1230 φύγω,
1639 1160 1718 1211 ἐὰν
1736 1168 1762 1208 d
1783 1191 1877 1225 7-10·

127 1253 154 1275 ‘⁶
181 1247 344 1307 ἀναβῶ
384 1250 446 1300 εἷς
484 1246 567 1298 τὸν
603 1246 817 1312 οὐρανὸν,
852 1245 916 1296 σὺ
955 1244 997 1296 εἶ
1031 1247 1134 1296 ἐκεῖ·
1195 1244 1275 1296 ἐὰν
1311 1249 1505 1306 καταβῶ
1541 1247 1603 1297 εἷς
1638 1243 1720 1294 τὸν

129 1334 155 1357 “
182 1327 316 1396 ᾅδην,
345 1327 501 1395 πάρει·
542 1326 622 1379 ἐὰν
648 1326 878 1390 ἀναλάβω
914 1326 999 1381 τὰς
1035 1327 1271 1394 πτέρυγάς
1305 1350 1396 1390 μου
1422 1327 1520 1377 κατ’
1551 1324 1722 1392 ὄρθρον

61 1427 108 1466 15
129 1417 157 1440 “
183 1412 259 1461 καὶ
284 1411 646 1475 κατασκηνώσει)
683 1414 746 1464 εἷς
782 1410 842 1461 τὰ
876 1410 1060 1478 ε”σχατα
1094 1412 1178 1473 τῆς
1213 1410 1486 1473 θαλάσσης,
1515 1410 1589 1459 καὶ
1628 1407 1722 1474 γὰρ

130 1498 158 1522 “
181 1493 274 1543 ἐκεῖ
302 1493 330 1556 ἡ
365 1494 466 1560 χείρ
500 1516 592 1544 σου
624 1492 851 1558 ὁδηγήσει
877 1516 949 1556 με,
979 1494 1052 1542 καὶ
1081 1491 1265 1559 καθέξει
1290 1515 1348 1555 με
1374 1491 1402 1554 ἡ
1428 1489 1559 1559 δεξιά
1582 1491 1720 1541 σου.”

130 1573 307 1628 παντὸς
341 1573 435 1640 γὰρ
471 1573 617 1626 τόπου
648 1576 724 1625 καὶ
758 1573 921 1640 πάσης
945 1575 1143 1627 κτίσεως
1177 1574 1203 1636 ἡ
1239 1574 1338 1624 θειά
1369 1571 1723 1639 περιδράττεται

130 1658 244 1723 χεὶρ,
271 1656 543 1725 συνέχουσα
568 1656 687 1723 πρὸς
713 1657 766 1708 τὸ
795 1655 908 1709 εἶναι
936 1656 994 1707 τὰ
1019 1656 1324 1720 πεποιημένα,
1352 1659 1426 1706 καὶ
1459 1656 1717 1722 περισφίγ-

131 1760 289 1803 γουσα
339 1737 457 1805 πρὸς
509 1738 629 1804 ζωὴν
681 1738 739 1789 τὰ
790 1739 908 1805 ζωῆς
959 1738 1169 1801 δεόμενα,
1214 1739 1290 1788 καὶ
1341 1742 1436 1791 τοῖς
1485 1736 1724 1805 οζννέσεως

65 1843 113 1868 20
132 1822 353 1874 δεκτικοῖς
380 1820 434 1872 τὸ
462 1820 630 1886 νοητὸν
655 1822 972 1887 ε’νσπείρουσα
1001 1824 1120 1888 φῶς,
1177 1820 1280 1870 ἔστι
1308 1818 1356 1870 δὲ
1384 1820 1466 1870 οὐκ
1493 1821 1541 1870 ἐν
1567 1818 1718 1888 τόπῳ,
1743 1845 1763 1871 e

131 1901 343 1969 καθάπερ
387 1902 476 1967 ἤδη
521 1903 820 1969 προείπομεν,
864 1902 968 1953 οὐδὲ
1012 1901 1099 1966 τὴν
1143 1902 1463 1965 μεταβατικὴν
1509 1901 1725 1965 ὑπομένει

133 1985 331 2049 κίνησιν·
367 1984 604 2048 σωμάτων
632 1983 725 2051 γὰρ
752 1985 869 2035 ἴδιον
895 1983 1035 2035 τοῦτό
1063 2003 1133 2049 γε·
1172 1989 1355 2050 πληροῖ
1378 1982 1424 2034 δὲ
1450 1988 1641 2047 μᾶλλον
1667 1982 1727 2034 τὰ

132 2065 288 2117 πάντα
316 2069 378 2121 ὡς
406 2067 540 2122 Θεός.

207 2149 348 2199 Ἀλλ’
388 2151 481 2216 ἐρεῖ
513 2173 582 2204 τις
620 2149 739 2217 πρὸς
777 2155 925 2201 ταῦτα
964 2149 1109 2217 τυχόν
1139 2149 1207 2200 Τί
1242 2150 1323 2200 οὖν
1359 2148 1450 2214 ἄρα
1490 2148 1660 2215 φαμὲν,
1694 2145 1731 2197 ὦ

68 2249 115 2288 25
135 2235 330 2297 γενναῖε,
358 2230 471 2282 ὅταν
502 2255 571 2287 τις
607 2232 718 2296 ἡμῖν
749 2236 812 2286 εἷς
847 2232 996 2295 μέσον
1033 2231 1126 2299 ἄγῃ
1164 2231 1368 2297 λέγοντα
1403 2230 1485 2282 τὸν
1511 2230 1729 2296 Χριστόν

136 2320 163 2343 “
190 2313 319 2379 Ἐγὼ
355 2317 457 2381 φῶς
492 2317 555 2367 εἷς
586 2314 668 2365 τὸν
695 2312 880 2377 κόσμον
906 2313 1121 2378 ἐλήλυθα
1141 2312 1184 2375 ;”
1232 2313 1280 2364 τί
1310 2313 1358 2363 δὲ
1394 2312 1507 2363 ὅταν
1535 2313 1558 2362 ὁ
1587 2316 1721 2379 ψαλ-

136 2394 291 2465 μῳδὸς
326 2395 683 2463 ἀναφθέγγηται
710 2403 737 2425 “
764 2394 1149 2465 Ἐξαπόστειλον
1177 2395 1231 2445 τὸ
1268 2399 1371 2463 φῶς
1408 2417 1499 2444 σου
1535 2395 1609 2443 καὶ
1644 2390 1729 2455 τὴν

139 2483 166 2507 “
192 2475 417 2541 ἀλήθειάν
444 2500 535 2528 σου
553 2479 595 2540 ;”
641 2478 739 2530 ἰδοὺ
766 2477 858 2544 γὰρ
885 2476 1047 2529 ἐνθάδε
1074 2482 1247 2546 σαφῶς
1275 2476 1414 2530 αὐτὸς
1440 2475 1525 2539 μὲν
1550 2477 1727 2539 ἐληλυ-

139 2556 267 2608 θέναι
302 2560 453 2626 φησὶν
487 2563 549 2613 εἷς
584 2558 667 2610 τὸν
699 2559 895 2622 κόσμον,
924 2562 987 2613 ὡς
1026 2560 1109 2610 οὐκ
1150 2558 1214 2609 ὢν
1245 2560 1292 2608 ἐν
1326 2559 1452 2626 αὐτῷ
1491 2555 1726 2620 δηλονότι·

73 2662 122 2698 30
140 2640 410 2704 πέμπεσθαι
437 2640 485 2692 δὲ
510 2640 658 2692 πάλιν
685 2643 709 2692 ὁ
735 2641 951 2711 μελῳδὸς
982 2639 1193 2707 ἐλιπάρει
1218 2639 1301 2691 τὸν
1328 2641 1457 2691 οὔπω
1493 2636 1727 2704 παρόντα,

193 2831 223 2854 1.
249 2819 531 2865 πρεπωδέστερον
549 2821 637 2856 Β.Ε.
656 2821 942 2866 πρεπωδέστατον
959 2821 1006 2855 D.
1027 2820 1092 2855 Ed.
1299 2830 1332 2863 3.
1359 2817 1672 2862 κατεσκευασμένην
1690 2818 1732 2852 Β.

144 2866 176 2900 6.
203 2868 242 2910 τῇ
263 2878 332 2900 om.
354 2867 394 2900 B.
565 2879 617 2902 10.
644 2869 702 2902 τὸν
720 2870 924 2913 σοφώτατον
940 2868 1055 2913 λέγειν
1072 2867 1138 2901 hoe
1156 2865 1278 2900 ordine
1298 2866 1340 2899 B.
1515 2876 1570 2898 20.
1598 2865 1733 2899 ἐνσπεί-

143 2912 270 2958 ρουσα]
291 2913 506 2959 εἰσφέρουσα
524 2914 566 2948 Β.
585 2915 644 2949 Sed
664 2915 894 2959 ἐνσπείρουσα
914 2915 942 2948 Β
962 2926 1033 2959 mg.
1188 2924 1242 2946 22.
1269 2913 1402 2955 μᾶλλον
1418 2917 1498 2956 post
1517 2913 1601 2947 Θεὸς
1619 2917 1734 2945 trans-

146 2960 245 3004 ponit
265 2960 306 2993 B.
451 2971 506 3003 24.
533 2961 598 3006 ἄρα
615 2968 837 3007 assumptum
855 2973 896 2995 ex
918 2961 1004 2995 B.E.
1150 2968 1205 3004 25.
1232 2958 1309 3003 ἡμῖν
1326 2970 1395 2993 om.
1416 2959 1457 2992 B.

202 3027 295 3054 von.
319 3028 348 3054 1.
933 3027 962 3065 Q

1790 2308 1884 2338 Infra

1791 2353 1846 2382 xii.
1867 2350 1918 2391 46.

1790 2405 1845 2437 Ps.
1866 2405 1936 2435 xlii.

1793 2458 1821 2488 3.
