2084 3317
105 205 131 245 i.
156 219 218 257 14.
352 205 427 244 IN
469 203 510 245 S.
544 202 879 243 JOANNEM.
941 201 1065 241 LIB.
1100 201 1135 241 I.
1198 199 1331 240 CAP.
1367 199 1446 238 IX.
1610 196 1692 237 139

105 313 260 377 ἐπειδὴ
294 312 342 364 δὲ
378 312 453 363 διὰ
487 310 573 376 τὴν
603 310 884 377 παράβασιν
917 308 1176 375 ἐκολάζετο,
1203 306 1256 359 τό
1284 315 1310 337 “
1330 309 1400 370 Γῆ
1440 304 1482 356 εἶ
1516 307 1592 355 καὶ
1629 309 1692 358 εἷς
1753 308 1838 394 1G90n·
1852 308 1900 339 iii.

107 402 134 424 ‘⁶
157 398 246 460 γῆν
289 393 573 462 ἀπελεύσῃ,”
619 391 725 444 τότε
777 393 961 445 δικαίως
1013 391 1197 442 ἀκούων
1241 387 1559 454 ἀπεγυμνώθη
1609 389 1693 449 τῆς

105 475 310 544 χάριτος·
351 475 648 527 ἀπανίστατο
676 474 725 526 δὲ
749 478 833 539 τῆς
858 473 1022 539 γηῖνης
1047 471 1226 538 σαρκὸς
1254 473 1281 535 ἡ
1308 469 1429 534 πνοὴ
1456 472 1539 532 τῆς
1562 468 1693 535 ζωῆς,

105 557 334 620 τουτέστι,
373 558 426 608 τὸ
466 561 664 620 Πνεῦμα
701 563 784 608 τοῦ
823 557 1047 623 λέγοντος
1085 555 1216 620 Ἐγώ
1260 558 1350 617 εἰμι
1395 553 1423 616 ἡ
1467 550 1573 616 ζωὴ,
1618 552 1693 600 καὶ

62 655 84 694 5
103 640 260 691 πίπτει
287 639 340 690 τὸ
368 640 485 709 ζῴον
511 643 573 693 εἰς
601 638 805 690 θάνατον
833 638 908 689 διὰ
934 636 1079 702 μόνης
1105 640 1187 701 τῆς
1213 634 1406 701 σαρκὸς,
1427 632 1692 699 σωζομένης
1711 644 1737 684 b

104 724 152 772 ἐν
197 721 437 790 ἀθανασίᾳ
479 723 562 784 τῆς
606 724 782 788 ψυχῆς,
821 722 916 772 ἐπεὶ
960 722 1035 771 καὶ
1073 719 1192 786 πρὸς
1230 717 1379 783 μόνην
1417 716 1570 783 εἴρητο
1608 715 1693 778 τὴν

105 802 263 869 σάρκα
308 810 335 832 ‘⁶
359 806 427 867 Γῆ
475 801 516 853 εἶ
564 805 640 853 καὶ
692 807 754 856 εἷς
804 805 894 868 γῆν
939 800 1223 869 ἀπελεύσῃ.”
1295 799 1384 850 ε”δει
1432 799 1588 849 τοίνυν
1639 796 1693 847 τὸ
1756 808 1806 838 Ib-

103 886 319 948 μάλιστα
357 887 664 936 κινδυνεῦσαν
694 886 742 935 ἐν
779 885 902 948 ἡμῖν,
930 882 1214 949 γοργότερον
1249 880 1590 947 ἀνασώζεσθαι,
1619 881 1695 929 καὶ

104 971 364 1035 συμπλοκῇ
399 965 548 1018 πάλιν
579 970 637 1034 τῇ
672 966 792 1033 πρὸς
825 966 945 1032 ζωὴν
976 965 1062 1030 τὴν
1097 964 1216 1016 κατὰ
1254 964 1402 1032 φύσιν
1438 963 1691 1013 ἀνακαλεῖ·-

37 1072 85 1096 10
104 1051 218 1098 σθαι
243 1051 362 1115 πρὸς
388 1050 681 1118 ἀφθαρσίαν.
728 1049 817 1100 ἔδει
843 1047 896 1099 τὸ
924 1047 1161 1101 πεπονθὸς
1188 1046 1332 1097 λύσιν
1359 1044 1586 1111 εὑράσθαι
1612 1049 1696 1094 τοῦ

104 1135 262 1180 κακοῦ.
345 1130 434 1181 ἔδει
484 1131 653 1182 λοιπὸν
704 1132 934 1195 ἀτονῆσαι
984 1129 1039 1181 τό
1091 1137 1117 1159 “
1145 1132 1214 1192 Γῆ
1264 1126 1306 1178 εἶ
1359 1129 1434 1178 καὶ
1488 1131 1549 1179 εἷς
1605 1128 1696 1191 γῆν

104 1217 131 1240 “
158 1212 443 1280 ἀπελεύσῃ,”
484 1213 733 1267 ἑνωθέντος
771 1211 1034 1281 ἀφράστως
1072 1217 1155 1263 τοῦ
1199 1210 1430 1263 πεσόντος
1471 1210 1695 1271 σώματος

104 1297 170 1362 τῷ
193 1293 252 1344 τὰ
277 1294 432 1346 πάντα
459 1294 764 1361 ζωογονοῦντι
793 1295 954 1364 Λόγῳ.
1715 1308 1735 1334 0

181 1376 342 1442 Σάρκα
380 1377 473 1443 γὰρ
511 1377 601 1428 ἔδει
639 1377 897 1442 γενομένην
927 1377 1084 1437 αὐτοῦ,
1123 1378 1206 1439 τῆς
1244 1375 1322 1425 ἀπ’
1364 1374 1507 1424 αὐτοῦ
1548 1394 1690 1435 μετα-

38 1475 84 1512 15
104 1461 242 1523 σχεῖν
273 1459 551 1513 ἀθανασίας·
601 1463 676 1510 καὶ
715 1458 810 1525 γὰρ
846 1457 904 1509 ἂν
940 1459 1007 1522 εἰἠ
1043 1462 1137 1508 τῶν
1173 1455 1491 1507 ἀτοπωτάτων
1526 1453 1578 1505 τὸ
1613 1453 1698 1517 μὲν

105 1544 200 1604 πῦρ
241 1540 464 1592 ἐντιθέναι
509 1540 740 1592 δύνασθαι
778 1545 877 1594 ταῖς
917 1542 1051 1593 ὕλαις
1090 1543 1171 1603 τῆς
1217 1538 1334 1589 κατὰ
1382 1537 1532 1605 φύσιν
1573 1537 1698 1604 αὐτῷ

105 1621 383 1686 προσούσης
409 1624 637 1689 ἐνεργείας
662 1623 748 1687 τὴν
767 1624 815 1674 ἐν
836 1622 1058 1687 αἰσθήσει
1083 1621 1325 1686 ποιότητα,
1346 1623 1421 1670 καὶ
1446 1620 1696 1685 μονονουχὶ

104 1703 462 1771 μετασκευάζειν
489 1709 550 1758 εἰς
585 1704 721 1756 ἑαυτὸ
756 1704 816 1755 τὰ
850 1707 897 1755 ἐν
924 1704 991 1759 οἶς
1024 1703 1081 1755 ἂν
1108 1705 1289 1769 γε’νοιτο
1320 1705 1569 1766 μεθεκτῶς·
1614 1699 1697 1750 τὸν

105 1782 154 1833 δὲ
181 1785 294 1851 ὑπὲρ
320 1787 477 1837 πάντα
503 1793 585 1837 τοῦ
612 1791 737 1838 Θεοῦ
765 1786 940 1853 Λόγον,
968 1786 1031 1850 μὴ
1059 1785 1247 1840 πάντως
1280 1785 1460 1836 οἴεσθαι
1495 1781 1549 1833 τὸ
1583 1782 1698 1832 ἰ’διον

36 1890 85 1914 20
105 1866 285 1931 ἀγαθὸν
310 1868 660 1934 ἐνεργάσασθαι
693 1873 751 1936 τῇ
786 1871 943 1935 σαρκὶ,
968 1869 1184 1920 τουτέστι
1219 1868 1304 1931 τὴν
1335 1866 1470 1933 ζωήν.
1525 1864 1698 1926 ταύτης

104 1948 185 1998 οὖν
210 1947 334 2012 οἶμαι
361 1951 577 2014 μάλιστα
603 1954 685 2015 τῆς
711 1951 860 2004 αἰτίας
886 1951 1019 2002 ἕνεκα
1046 1951 1127 2001 τὸν
1155 1948 1290 2016 ἅγιον
1312 1945 1695 2014 Εὐαγγελιστὴν,

104 2030 198 2081 ἀπὸ
244 2037 327 2082 τοῦ
376 2032 610 2087 παθόντος
662 2033 879 2096 μάλιστα
931 2032 985 2083 τὸ
1035 2033 1151 2102 ζῴον
1196 2031 1502 2097 σημαίνοντα,
1549 2030 1741 2098 σοὶρκαᾶ

103 2111 324 2177 γενέσθαι
350 2113 432 2165 τὸν
459 2121 541 2165 τοῦ
567 2119 692 2166 Θεοῦ
720 2115 881 2180 Λόγον
909 2119 1064 2166 εἰπεῖν’
1107 2115 1183 2165 ἵνα
1210 2118 1362 2180 θεωρῇ
1394 2136 1462 2166 τις
1493 2113 1611 2174 ὁμοῦ
1641 2107 1694 2160 τὸ

104 2200 288 2260 τραῦμα
331 2199 408 2247 καὶ
449 2195 502 2248 τὸ
547 2197 810 2266 φάρμακον,
859 2196 913 2248 τὸ
960 2203 1133 2248 νοσοῦν
1179 2198 1254 2248 καὶ
1298 2195 1380 2247 τὸν
1424 2193 1597 2258 ἰατρὸν,
1642 2190 1696 2242 τὸ

38 2296 85 2334 25
105 2278 378 2341 κεκλιμένον
421 2282 484 2332 εἰς
529 2278 732 2330 θάνατον
773 2281 848 2330 καὶ
893 2279 976 2331 τὸν
1021 2281 1263 2346 ἐγείραντα
1303 2276 1422 2344 πρὸς
1467 2274 1599 2341 ζωὴν,
1641 2273 1695 2323 Τὸ

105 2360 265 2427 φθορᾷ
291 2359 582 2424 νενικημένον
607 2364 682 2411 καὶ
708 2359 790 2412 τὸν
818 2362 1077 2412 ἐλαύνοντα
1105 2360 1191 2426 τὴν
1211 2359 1410 2429 φθορὰν,
1431 2358 1484 2409 τὸ
1508 2354 1696 2423 θανάτῳ

105 2440 333 2504 κρατηθὲν
368 2444 442 2492 καὶ
481 2448 563 2493 τοῦ
601 2443 806 2495 θανάτου
844 2443 928 2494 τὸν
960 2444 1214 2511 κρείττονα,
1253 2442 1307 2493 τὸ
1348 2441 1464 2508 ζωῆς
1504 2441 1697 2502 ἐστερη-

158 2608 187 2630 1.
212 2598 250 2631 τό
268 2609 338 2631 om.
358 2598 400 2632 B.
543 2608 624 2644 4—7.
650 2600 703 2634 καὶ
720 2600 1077 2646 πίπτει-ἀπελεῦσῃ]
1101 2600 1198 2634 Haec
1217 2599 1323 2634 verba
1341 2599 1493 2632 citantur
1511 2596 1544 2629 in
1566 2594 1642 2628 Cat.
1660 2593 1697 2627 in

110 2642 264 2677 Genesin
289 2643 333 2678 ad
358 2645 425 2679 loc.
452 2645 487 2679 in
515 2646 606 2680 Bibl.
633 2646 670 2681 S.
695 2646 829 2692 Synodi
856 2648 1063 2694 Mosquensi
1090 2659 1248 2681 conserv.
1269 2645 1362 2689 (cod.
1382 2645 1462 2689 380,
1485 2643 1567 2676 olim
1588 2641 1696 2685 partis

109 2689 282 2724 secundae
300 2691 381 2724 folio
399 2693 448 2736 5.)
726 2704 757 2739 7.
785 2693 912 2739 σάρκα]
938 2700 974 2735 4—
995 2697 1033 2729 τὸ
1053 2694 1162 2729 Cord.
1227 2694 1294 2727 ἔδει
1313 2704 1382 2725 om.
1404 2691 1431 2724 E
1449 2691 1574 2724 lacuna
1591 2689 1695 2721 facta.

110 2748 142 2781 9.
169 2736 244 2781 τὴν]
264 2739 303 2780 τῇ
325 2737 366 2771 Β.
385 2739 494 2772 invito
514 2739 620 2773 Cord.
753 2752 804 2775 10.
832 2742 996 2785 εὑράσθαι
1018 2742 1058 2775 Β.
1077 2740 1238 2785 εὑρέσθαι
1259 2739 1322 2773 Ed.
1452 2748 1504 2770 12.
1530 2736 1697 2770 πεσόντος

111 2783 152 2817 Β.
172 2782 276 2816 Cord.
295 2786 555 2827 προσπεσόντος
575 2786 639 2820 Ed.
773 2799 825 2832 13.
853 2790 892 2821 τὰ
910 2794 1131 2831 assumptum
1151 2799 1191 2821 ex
1214 2787 1253 2820 Β.
1274 2785 1380 2819 Cord.
1516 2794 1569 2824 14.
1594 2796 1695 2825 μετα-

110 2831 208 2873 σχεῖν
226 2829 272 2863 D.
293 2829 398 2864 Cord.
418 2831 484 2865 Ed.
501 2833 676 2878 μετίσχειν
696 2834 727 2866 D
747 2846 818 2879 mg.
837 2836 1007 2880 μετὴσχεν
1028 2835 1069 2868 B.
1252 2832 1304 2866 16.
1333 2832 1385 2865 καὶ
1405 2843 1467 2875 pro
1485 2831 1543 2873 τῆς
1562 2829 1696 2873 Migne.

114 2877 166 2909 18.
191 2877 308 2910 ἑαυτὸν
327 2876 368 2910 Β.
467 2889 522 2912 20.
546 2879 796 2924 ἐνεργάσασθαι
813 2881 917 2915 edidi.
968 2881 1084 2915 Verba
1104 2879 1276 2925 quaedam
1299 2890 1362 2923 pro
1380 2889 1476 2911 more
1492 2876 1546 2910 bis
1566 2875 1696 2909 descri-

109 2922 196 2956 bens
219 2923 272 2963 B„
291 2923 504 2968 ἐργάσασθαι
524 2926 633 2969 prima
649 2928 734 2968 vice,
753 2928 1005 2974 ἐνεργάσασθαι
1023 2926 1178 2962 secunda
1195 2926 1268 2960 vice
1286 2925 1438 2959 exhibet.
1457 2922 1697 2967 ἐνεργάζεσθαι

111 2969 158 3003 D.
178 2969 243 3003 Ed.
263 2970 464 3015 ἐνεργάσθαι
487 2971 566 3015 (sic)
587 2972 620 3005 D
639 2985 711 3017 mg.
951 2986 1005 3019 ²3·
1033 2973 1193 3019 γενέσθαι
1215 2972 1322 3007 Cord.
1343 2971 1409 3006 Ed.
1427 2970 1633 3017 γεγενῆσθαι
1654 2968 1695 3002 Β.

111 3026 164 3058 25.
192 3016 392 3059 κεκλημένον
412 3016 454 3051 Β.
599 3029 653 3063 27.
678 3021 716 3054 τὸ
737 3020 777 3054 Β.
794 3021 852 3055 τὸν
872 3021 936 3054 Ed.

866 3089 935 3117 Tz
