2084 3317
924 649 1243 697 ΚΕΦΑΛΗ
1306 661 1353 700 ς.

377 819 477 870 Περὶ
507 821 575 858 τοῦ
605 818 748 870 μάννα,
780 819 838 859 ὅτι
869 819 987 862 τύπος
1016 819 1065 870 ἢν
1095 822 1162 871 τῆς
1193 823 1365 872 Χριστοῦ
1397 820 1615 871 παρουσίας
1647 819 1708 860 καὶ
1739 821 1815 859 τῶν
1846 817 1892 858 δι’

303 901 324 926 θ
779 899 894 939 αὐτοῦ
925 899 1181 952 χαρισμάτων
1212 903 1494 951 πνευματικῶν.

274 1040 321 1076 32
346 1033 473 1078 Εἶπεν
511 1034 584 1079 οὖν
619 1035 763 1080 αὐτοῖς
801 1038 823 1079 ὁ
855 1038 1024 1080 ἸΗσοῦε
1055 1039 1193 1088 Ἀμὴν
1226 1040 1339 1089 ἀμήν
1374 1041 1488 1088 λέΓω
1525 1039 1632 1091 ὑμῖν,
1663 1039 1710 1080 οὐ
1740 1039 1930 1081 Μωυσῆς

565 1120 754 1162 δέδωκεν
792 1118 886 1170 ὑμῖν
923 1122 997 1164 τὸν
1037 1122 1168 1179 ἄρτον
1205 1123 1279 1165 τὸν
1316 1123 1363 1164 ἐκ
1399 1127 1473 1164 τοῦ
1513 1122 1717 1180 οὐρανοῦ.
1952 1133 1974 1169 5

419 1259 980 1308 ΠΛΗΚΤΙΚΩΤΑΤΑ
1015 1260 1090 1308 καὶ
1125 1264 1208 1309 νῦν
1242 1259 1266 1309 ὁ
1299 1258 1468 1325 Σωτὴρ
1502 1259 1756 1312 ἀσυνέτους
1795 1258 1932 1312 ὄντας

342 1338 539 1405 ἐλέγχει,
567 1339 643 1388 καὶ
681 1338 808 1390 πολὺ
847 1339 956 1389 λίαν
991 1339 1281 1405 ἠγνοηκότας
1319 1340 1378 1391 τὰ
1416 1342 1465 1391 ἐν
1495 1344 1591 1395 τοῖς
1625 1344 1933 1394 Μωυσαϊκοῖς

118 1434 190 1469 311
205 1433 256 1468 Α.
302 1417 704 1485 εισυγγράμμασι.
756 1423 876 1487 χρῆν
913 1419 1007 1488 γὰρ
1047 1420 1198 1486 δήπου
1237 1423 1346 1473 λίαν
1386 1422 1552 1476 αὐτοὺς
1590 1422 1934 1491 ἐξεπίστασθαι

342 1505 527 1569 σαφῶς,
553 1501 624 1552 ὅτι
651 1501 848 1566 διηκόνει
873 1501 959 1566 μὲν
986 1505 1011 1554 ὁ
1040 1507 1258 1568 Μωυσῆς
1294 1504 1353 1556 τὰ
1387 1503 1516 1571 παρὰ
1549 1510 1632 1555 τοῦ
1660 1508 1785 1555 Θεοῦ
1815 1503 1934 1570 πρὸς

341 1582 424 1634 τὸν
450 1582 582 1646 λαὸν,
610 1585 685 1634 καὶ
721 1585 779 1635 αὖ
812 1584 961 1636 πάλιν
986 1584 1046 1637 τὰ
1080 1586 1137 1655 ἐξ
1168 1590 1279 1638 υἱῶν
1303 1585 1506 1653 Ἰσραὴλ
1544 1585 1663 1652 πρὸς
1694 1584 1832 1648 Θεὸν,
1858 1586 1934 1636 καὶ
1959 1608 2006 1632 10

342 1664 600 1732 αὐτουργὸς
642 1665 728 1730 μὲν
773 1666 912 1721 αὐτὸς
956 1668 1024 1719 ἐπ’
1072 1670 1222 1720 οὐδενὶ
1269 1673 1364 1720 τῶν
1409 1667 1662 1732 θαυμάτων
1707 1669 1932 1735 ὑπῆρχεν,

343 1748 574 1813 ὑπηρέτης
611 1747 659 1799 δὲ
694 1752 885 1811 μᾶλλον
912 1752 988 1800 καὶ
1023 1749 1257 1817 ὑπουργὸς
1291 1749 1356 1801 ῶν
1383 1748 1440 1801 ἂν
1465 1749 1691 1811 βούλοιτο
1724 1752 1839 1815 δρᾶν
1866 1750 1933 1799 ἐπ’

342 1828 550 1898 ὠφελείᾳ
586 1834 682 1880 τῶν
720 1831 770 1881 ἐκ
809 1832 1022 1885 δουλείας
1060 1831 1451 1897 ἀνακεκλημένων
1490 1833 1515 1883 ὁ
1553 1829 1743 1883 πάντων
1782 1832 1936 1884 αὐτοῖς

345 1915 440 1961 τῶν
467 1913 660 1976 ἀγαθῶν
684 1911 903 1979 χορηγός.
944 1913 1059 1980 ὅπερ
1086 1915 1167 1965 οὖν
1193 1914 1250 1979 ἧν
1274 1917 1322 1966 ἐν
1350 1915 1544 1983 ὑπονοίᾳ
1572 1916 1803 1973 δυσσεβεῖ
1823 1912 1933 1978 παρ’

345 1993 544 2055 ἐκείνοις,
573 1998 712 2044 τοῦτο
751 1996 826 2044 καὶ
866 1993 1000 2057 μάλα
1037 2001 1222 2062 γοργῶς
1261 1996 1560 2060 ὑποτέμνεται
1599 1993 1828 2061 Χριστός.
1881 1992 1935 2044 τὸ
1960 2015 2006 2051 15

301 2072 440 2140 ϋγᾶρ
481 2073 536 2138 δὴ
577 2073 637 2125 τὰ
676 2075 797 2143 μόνῃ
835 2076 1076 2142 πρέποντά
1117 2101 1167 2129 τε
1212 2080 1286 2130 καὶ
1329 2076 1692 2146 χρεωστούμενα
1735 2079 1792 2142 τῇ
1835 2075 1936 2144 θείᾳ

346 2154 505 2224 φύσει,
543 2159 643 2210 ταῖς
681 2157 943 2224 ἀνθρώπων
982 2160 1246 2211 ἀνατιθέναι
1285 2165 1450 2223 τιμαῖς,
1489 2161 1565 2210 καὶ
1605 2159 1708 2225 οὐχὶ
1745 2161 1936 2221 μᾶλλον

344 2238 479 2305 αὐτῇ,
507 2241 607 2291 πῶς
635 2238 716 2288 οὖν
742 2239 825 2290 οὐκ
852 2237 910 2290 ἂν
936 2240 1002 2305 εἰἠ
1029 2241 1200 2292 λοιπὸν
1224 2242 1401 2308 μωρίας
1427 2265 1476 2292 τε
1504 2242 1620 2304 ὁμοῦ
1647 2243 1721 2291 καὶ
1753 2242 1931 2290 δυσσε-

343 2320 475 2379 βείας
526 2319 806 2383 ἀνάπλεων;
868 2322 1154 2387 ἀποστήσας
1205 2325 1252 2374 δὲ
1306 2323 1476 2375 λοιπὸν
1523 2323 1606 2374 τὸν
1657 2320 1938 2389 ἱεροφάντην

346 2401 563 2452 Μωυσέα
597 2408 680 2453 τοῦ
711 2402 962 2467 θαύματος,
989 2406 1064 2454 καὶ
1099 2408 1183 2469 τῆς
1217 2407 1390 2456 ἐκείνου
1424 2405 1576 2473 χειρὸς
1615 2402 1857 2473 ὑπεξελὼν
1882 2403 1936 2454 τὸ
1959 2428 2008 2452 20

342 2482 628 2552 παράδοξον,
658 2486 802 2548 δῆλος
836 2483 894 2535 ἂν
929 2485 997 2550 εἴη
1033 2486 1265 2550 δήπουθεν
1300 2488 1448 2557 ἑαυτῷ
1483 2491 1673 2550 μᾶλλον
1709 2488 1938 2539 ἀνατιθεὶς

343 2564 460 2627 μετὰ
494 2564 684 2631 Πατρὸς
724 2565 810 2630 τὴν
851 2566 1010 2636 δόξαν,
1050 2571 1088 2618 εἰ
1126 2571 1201 2618 καὶ
1238 2574 1512 2634 παραιτοῖτο
1551 2568 1706 2634 λέγειν
1742 2567 1932 2634 ἐναργέ-

343 2668 528 2711 στερον,
554 2646 630 2697 διὰ
667 2646 753 2711 τὴν
791 2652 886 2699 τῶν
925 2649 1233 2715 ἀκροωμένων
1271 2651 1597 2701 ἀπαιδευσίαν.
1651 2649 1710 2715 ἦν
1747 2649 1840 2716 γὰρ
1879 2649 1936 2714 δὴ

393 2782 426 2816 5.
452 2774 511 2808 τὸν
527 2775 588 2808 alt.
606 2782 830 2821 assumptum
849 2788 891 2811 ex
911 2776 954 2811 B.
1107 2778 1141 2812 8.
1166 2777 1250 2824 γὰρ]
1276 2783 1310 2818 -1-
1332 2793 1392 2813 του
1412 2779 1453 2812 Β.
1521 2778 1647 2813 Statim
1664 2778 1742 2813 λίαν
1760 2777 1867 2822 δήπου
1884 2779 1936 2812 in-

346 2831 446 2854 verso
464 2820 586 2854 ordine
606 2821 648 2856 B.
806 2834 840 2868 9.
866 2826 926 2859 τοῦ
943 2830 1167 2869 assumptum
1185 2837 1226 2859 ex
1248 2825 1288 2859 B.
1455 2836 1509 2859 12.
1535 2825 1706 2870 ὑπουργὸς
1723 2830 1756 2859 et
1773 2825 1938 2869 ὑπηρέτης

346 2866 435 2900 inter
453 2879 489 2900 se
507 2868 707 2912 transponit
727 2869 769 2903 Β.
921 2882 973 2914 14.
998 2869 1037 2914 ἦν
1054 2883 1124 2906 om.
1145 2871 1187 2906 B.
1338 2882 1390 2917 15.
1417 2873 1455 2906 τὸ
1471 2872 1537 2917 γὰρ
1556 2872 1597 2915 δὴ
1614 2870 1672 2917 τὰ]
1692 2872 1733 2907 τὰ
1750 2872 1815 2918 γὰρ
1833 2871 1874 2915 δὴ
1895 2871 1937 2929 Βι.

350 2912 402 2946 18.
430 2912 488 2946 οὖν
505 2921 729 2960 assumptum
747 2928 786 2950 ex
808 2916 850 2952 B.
1045 2929 1098 2962 19.
1123 2918 1246 2953 λοιπὸν
1263 2925 1488 2964 assumptum
1505 2930 1547 2953 ex
1567 2918 1609 2953 Β.
1813 2929 1869 2963 23-
1897 2918 1937 2961 δη

347 2965 571 3005 assumptum
589 2972 630 2995 ex
651 2961 694 2996 Β.
