2084 3317
120 336 228 378 Supra

120 381 164 410 vi.
184 382 235 420 38.

120 600 172 632 Ib.
191 610 245 640 42.

342 146 425 186 710
744 146 793 187 Β.
828 145 1098 186 CYRILLI
1139 144 1520 186 ALEXANDR.
1771 142 1841 182 vii.
1861 152 1928 195 52.

342 253 427 317 μὲν
453 253 545 321 γὰρ
571 259 655 305 τοῦ
683 257 902 321 Σωτῆρος
928 255 1060 318 ἡμῶν
1087 258 1317 320 Χριστοῦ,
1344 255 1421 304 καὶ
1447 251 1697 320 διαρῥήδην
1722 250 1931 304 εἰπόντος

343 343 370 366 “
389 334 504 387 “Ort
530 337 836 401 καταβέβηκα
863 339 912 388 ἐκ
939 342 1022 388 τοῦ
1050 337 1248 402 οὐρανοῦ
1272 337 1359 404 οὐχ
1388 336 1464 386 ἵνα
1500 339 1620 386 ποιῶ
1656 332 1710 384 τὸ
1746 332 1932 397 θέλημα

341 425 369 448 “
395 417 449 469 τὸ
483 417 595 482 ἐμὸν
627 419 759 469 ἀλλὰ
793 418 847 469 τὸ
882 418 1068 482 θέλημα
1103 424 1186 469 τοῦ
1220 417 1499 486 πέμψαντός
1533 417 1638 480 με,”
1667 415 1812 481 πικρὰ
1845 413 1932 478 μὲν

341 500 447 552 τότε
474 502 808 567 διελογίζεσθε,
838 500 987 565 θυμὸν
1015 500 1063 551 δὲ
1097 501 1278 554 τούτοις
1311 501 1364 550 οὐ
1397 500 1585 565 με’τριον
1611 498 1928 557 ἐπωδίνοντες,

341 582 524 648 ἐλέγετε
551 582 700 634 πάλιν
727 591 753 613 “
775 584 885 651 Οὐχ
922 580 1056 636 οὗτός
1091 584 1222 633 ἐστιν
1246 583 1434 646 Ἰησοῦς
1470 583 1495 632 ὁ
1533 579 1626 634 υἱὸς
1651 578 1851 647 Ἰωσὴφ,
1878 578 1931 629 οὗ
1951 594 1974 633 5

119 681 211 715 484
223 680 275 716 A.
305 690 327 714 a
345 672 371 694 ‘⁶
397 665 525 729 ἡμεῖς
553 665 742 729 οἴδαμεν
768 663 851 716 τὸν
875 665 1056 731 πατέρα
1092 666 1168 715 καὶ
1202 662 1288 728 τὴν
1313 664 1520 729 μητέρα,
1563 666 1664 716 πῶς
1699 668 1780 712 νῦν
1806 661 1933 727 λέγει

344 755 371 778 “
395 747 466 798 ὅτι
502 748 552 797 ἐκ
585 753 668 798 τοῦ
705 747 904 813 οὐρανοῦ
931 745 1238 810 καταβέβηκα
1257 746 1295 806 ;”
1338 745 1412 797 ὅτε
1439 745 1594 796 τοίνυν
1621 742 1933 809 ὡμολόγηκας

342 831 549 896 ἐναργῶς
588 828 752 880 εἰδέναι
791 832 964 896 σαφῶς
1002 827 1085 879 τὸν
1122 828 1303 894 πατέρα
1341 830 1418 879 καὶ
1456 826 1542 891 τὴν
1578 827 1770 892 μητέρα,
1809 824 1933 892 ᾔδεις

342 935 436 963 που
460 911 650 965 πάντως
676 916 845 962 τοῦτον
871 909 964 961 ἀπὸ
990 908 1115 977 ῥίζης
1141 909 1255 960 ὄντα
1282 912 1364 974 τῆς
1389 909 1445 978 ἐξ
1467 908 1685 975 Ἰσραήλ·
1725 912 1826 962 πῶς
1852 907 1934 958 οὖν

344 997 608 1046 Γαλιλαῖον
634 992 750 1044 εἶναι
777 991 873 1062 φῂς
900 991 981 1043 τὸν
1005 992 1059 1061 ἐξ
1084 991 1355 1055 Ἰουδαίων;
1397 996 1498 1045 πῶς
1524 989 1789 1056 ἀλλογενὴς
1823 990 1848 1040 ὁ
1880 988 1938 1057 ἐξ
1957 1011 2005 1036 10

341 1075 578 1143 Ἰσραήλ;
619 1076 672 1126 οὐ
700 1074 793 1141 γὰρ
829 1073 886 1139 δὴ
921 1072 976 1125 τὸ
1009 1076 1056 1125 ἐν
1082 1078 1141 1142 τῇ
1169 1075 1406 1143 Γαλιλαία
1432 1072 1743 1141 ἐντεθράφθαι
1776 1071 1929 1140 χώρᾳ,

344 1159 418 1209 καὶ
456 1157 652 1226 χρόνους
689 1157 1048 1221 ἐνδεδιητῆσθαί
1077 1179 1218 1219 τινας,
1245 1162 1383 1207 τοῦτο
1422 1153 1478 1219 δὴ
1517 1156 1704 1208 πάντως
1744 1157 1818 1205 καὶ
1851 1159 1934 1205 τοῦ

343 1240 505 1306 γε’νους
543 1239 763 1308 ἐξίστησι
802 1240 878 1289 καὶ
917 1237 1000 1289 τὸν
1033 1238 1090 1307 ἐξ
1120 1237 1338 1304 Ἰσραὴλ,
1364 1240 1462 1289 ἐπεὶ
1497 1237 1550 1288 τὸ
1586 1236 1771 1288 κωλύον
1801 1235 1935 1287 οὐδὲν

344 1322 572 1372 Ἰουδαῖον
613 1319 726 1372 εἶναι
770 1319 824 1372 τὸ
870 1320 1004 1386 γε’νος
1048 1319 1131 1372 τὸν
1170 1321 1220 1372 ἐκ
1260 1323 1533 1372 Γαλιλαίων
1571 1319 1856 1386 ὁρμώμενον,
1897 1322 1935 1368 εἰ

301 1417 328 1458 b
345 1402 464 1470 πρὸς
488 1403 575 1468 τὴν
597 1408 692 1454 τῶν
716 1403 957 1454 Ἰουδαίων
983 1403 1201 1472 ἀφίκοιτο
1227 1403 1403 1471 χώραν.
1459 1407 1629 1453 εἰκαῖον
1655 1401 1736 1452 οὖν
1763 1401 1855 1468 ἄρα
1880 1399 1934 1452 τὸ
1958 1423 2004 1460 15

344 1485 499 1552 λε’γειν
522 1485 630 1540 τοὺς
655 1486 966 1555 οἱησίφρονας
993 1487 1285 1551 Φαρισαίους
1309 1487 1414 1552 περὶ
1442 1489 1525 1536 τοῦ
1553 1486 1774 1550 Σωτῆρος
1803 1483 1936 1548 ἡμῶν

344 1571 576 1634 Χριστοῦ,
626 1567 687 1619 ’ότι
739 1569 789 1619 ἐκ
839 1566 913 1628 τῆς
963 1574 1230 1622 Γαλιλαίας
1280 1570 1502 1636 προφήτης
1557 1571 1633 1618 οὐκ
1683 1567 1931 1634 ἐγήγερται.

344 1655 536 1714 μᾶλλον
562 1649 656 1717 γὰρ
682 1650 770 1701 ἔδει
796 1648 946 1715 ζητεῖν
972 1654 1072 1704 πῶς
1100 1649 1155 1701 ἂν
1177 1650 1244 1714 ε’ίη
1269 1654 1528 1703 Γαλιλαῖος
1554 1650 1578 1700 ὁ
1607 1649 1662 1717 ἐξ
1683 1649 1936 1710 Ἰουδαίων,

345 1736 466 1785 οὕτω
500 1757 550 1785 τε
585 1731 756 1785 λοιπὸν
781 1734 953 1784 ἐννοεῖν
979 1732 1065 1797 τὴν
1098 1737 1160 1787 εἶς
1192 1731 1409 1800 Ναζαρὲτ
1444 1730 1734 1801 ἀνατροφὴν,
1760 1733 1835 1782 καὶ
1871 1729 1936 1795 μὴ

345 1815 420 1866 διὰ
446 1821 586 1867 τοῦτο
612 1822 696 1867 τοῦ
721 1815 959 1867 πιστεύειν
985 1816 1268 1885 ἀποφοιτᾶν.
1958 1835 2008 1860 20

418 1897 757 1964 Ἐπιτηρητεόν
783 1896 831 1949 δὲ
863 1895 1011 1949 πάλιν
1038 1899 1099 1952 ὡς
1132 1896 1390 1962 οὐδαμόθεν
1415 1896 1597 1965 ἔχοντες
1631 1894 1938 1960 ἐπισκήπτειν

345 1984 442 2033 τοῖς
467 1980 678 2043 θαύμασι
710 1984 806 2033 τοῖς
837 1981 947 2046 παρ’
975 1981 1132 2042 αὐτοῦ,
1159 1980 1307 2030 καίτοι
1331 1978 1449 2045 πρὸς
1475 1977 1738 2045 ἀκροτάτην
1762 1978 1931 2042 ἠκονη-

306 2088 328 2115 e
347 2062 476 2125 με’νοι
501 2061 792 2126 δυσμένειαν,
819 2059 913 2113 ἀπὸ
939 2060 1083 2125 μόνης
1111 2060 1414 2126 ἀντιλέγουσι
1440 2063 1523 2124 τῆς
1553 2060 1725 2127 χώρας,
1752 2061 1938 2126 ἐπείπερ

346 2142 404 2208 ἦν
443 2145 492 2195 ἐκ
537 2147 620 2208 τῆς
663 2142 926 2197 Γαλιλαίας
971 2142 1090 2194 κατὰ
1133 2142 1219 2207 τὴν
1258 2144 1460 2194 ἐνοῦσαν
1498 2143 1654 2196 αὐτοῖς
1698 2142 1935 2194 ὑπόνοιαν.

346 2226 606 2290 λελυμένης
645 2226 726 2276 οὖν
761 2225 853 2292 ἄρα
890 2227 972 2288 τῆς
1011 2226 1221 2276 ἐντεῦθεν
1257 2225 1411 2279 αὐτοῖς
1451 2225 1674 2294 ὑποψίας,
1709 2225 1738 2289 ἡ
1775 2224 1938 2277 πίστις
1960 2245 2007 2283 25

347 2308 435 2374 ἤδη
462 2307 631 2359 λοιπὸν
658 2309 741 2359 οὐκ
768 2307 1057 2376 ἀμφίβολος,
1085 2306 1211 2373 ε’ίπερ
1237 2305 1364 2371 ἦσαν
1390 2307 1551 2376 σοφοί.

394 2446 427 2479 5.
454 2435 608 2482 ἐλέγετε]
634 2441 668 2476 -1-
690 2437 784 2480 ὑμεῖς
801 2436 940 2482 ἐλέγετε
958 2448 989 2470 a.
1067 2435 1202 2480 Ἰησοῦς
1219 2441 1441 2481 assumptum
1460 2448 1501 2470 ex
1522 2435 1597 2470 B.a.
1802 2434 1835 2469 6.
1863 2433 1936 2480 νῦν]

347 2482 406 2518 οὖν
423 2495 465 2523 a„
485 2482 545 2516 sed
563 2484 606 2518 cf.
625 2495 729 2528 supra
746 2483 814 2528 388
827 2495 856 2518 c.
1001 2492 1033 2529 7.
1060 2482 1116 2517 ὅτε
1136 2483 1178 2517 Β.
1197 2482 1236 2517 οὗ
1254 2495 1272 2516 e
1291 2481 1367 2517 Cat.
1386 2483 1480 2517 Aub.
1499 2488 1532 2516 et
1549 2483 1597 2517 ita
1615 2494 1644 2516 a.
1718 2482 1940 2527 ὡμολόγηκας

349 2530 426 2564 B.a.
444 2529 683 2576 ὡμολογήκατε
701 2530 796 2565 Aub.
1010 2531 1043 2564 8.
1071 2529 1218 2576 ἐναργῶς
1235 2528 1355 2563 εἰδέναι
1374 2529 1440 2564 hoc
1458 2529 1579 2563 ordine
1599 2529 1673 2563 B.a.
1741 2528 1868 2562 Statim
1886 2529 1940 2562 καὶ

347 2577 429 2611 add.
442 2576 538 2611 Aub.
551 2577 670 2611 invitis
686 2576 763 2610 B.a.
816 2574 908 2620 ᾕδεις
927 2575 1002 2611 B.a.
1019 2575 1131 2621 ᾔδειτε
1150 2589 1167 2611 e
1186 2576 1263 2610 Cat.
1276 2576 1369 2611 Aub.
1384 2577 1442 2621 qui
1462 2588 1497 2610 se
1514 2576 1548 2610 in
1568 2587 1689 2620 apogr.
1708 2574 1797 2618 εἵδης
1813 2575 1940 2620 legisse

348 2629 457 2659 notat.
604 2635 637 2669 9.
663 2625 784 2658 τοῦτον
801 2635 819 2657 e
838 2623 914 2657 Cat.
933 2624 1125 2667 assumpsit
1144 2623 1237 2658 Aub.
1372 2634 1425 2657 10.
1451 2622 1520 2668 φῂς
1539 2623 1614 2656 B.a.
1633 2622 1722 2668 φατὲ
1741 2621 1818 2656 Cat.
1838 2622 1938 2656 Harl.

349 2671 443 2705 Aub.
644 2681 698 2704 11.
725 2670 763 2704 οὐ
782 2682 811 2704 a.
831 2670 925 2705 Aub.
943 2672 961 2704 ὁ
981 2670 1023 2704 Β.
1045 2671 1162 2705 Holst.
1244 2669 1283 2713 δὴ
1302 2676 1526 2714 assumptum
1543 2681 1583 2703 ex
1603 2681 1634 2704 a.
1714 2668 1940 2713 ἐντετράφθαι

350 2717 428 2752 B.a.
449 2718 513 2752 Ht.
531 2717 719 2763 τετράφθαι
738 2716 805 2751 Ed.
1003 2728 1056 2751 12.
1084 2716 1338 2760 ἐνδεδιητῆσθαί
1355 2729 1385 2750 a.
1406 2716 1484 2751 Cat.
1505 2717 1605 2751 Harl.
1624 2721 1657 2750 et
1675 2716 1724 2750 sic
1741 2715 1939 2749 emendavit

351 2763 483 2810 Heyse.
501 2764 719 2808 ἐνδιητῆσθαι
738 2763 780 2798 Β.
799 2763 863 2798 Ht.
882 2763 1112 2799 ἐνδιαιτᾶσθαι
1130 2763 1224 2798 Aub.
1364 2775 1416 2809 13.
1443 2763 1496 2797 καὶ
1514 2774 1584 2797 om.
1602 2763 1687 2797 Nik.
1738 2762 1864 2796 Statim
1881 2762 1940 2796 τὸν

351 2811 428 2845 B.a.
448 2810 524 2845 Cat.
546 2811 647 2845 Harl.
668 2810 730 2844 Ht.
749 2812 809 2844 τοῦ
828 2810 920 2844 Aub.
940 2814 1006 2845 τῶν
1023 2811 1163 2856 conjicit
1183 2810 1312 2856 Heyse.
1413 2821 1466 2852 14.
1486 2808 1664 2855 Ἰουδαῖον]
1687 2808 1939 2854 Legendumne

350 2859 554 2892 Γαλιλαῖον.Ρ
574 2858 768 2892 clausulam
786 2868 856 2891 om.
876 2856 960 2891 Nik.
1011 2857 1047 2891 ἐκ
1064 2856 1252 2903 γαλιλαίων
1271 2857 1312 2891 Β.
1333 2856 1367 2891 ἐκ
1384 2856 1565 2902 γαλιλαίας
1585 2856 1648 2891 Ht.
1667 2855 1733 2889 Ed.
1821 2864 1873 2899 15.
1893 2854 1938 2888 εἷ-

350 2903 459 2949 minu]
478 2905 618 2947 μάταιον
635 2916 666 2938 a.
746 2914 799 2949 17.
826 2903 991 2948 ἐγείρεται
1009 2916 1040 2938 a.
1118 2915 1171 2950 19.
1198 2904 1245 2939 εἷς
1262 2904 1416 2949 Ναζαρὲτ
1435 2904 1512 2937 B.a.
1533 2902 1598 2936 Ht.
1616 2903 1652 2936 ἐκ
1670 2902 1827 2946 Ναζαρὲθ
1842 2901 1938 2936 Aub.

351 2960 406 2985 20.
424 2950 545 2986 τούτου
565 2951 606 2986 Β.
628 2950 690 2986 Ht.
710 2949 907 2986 emendavit
925 2962 943 2985 e
963 2950 1038 2986 Cat.
1059 2957 1098 2985 ut
1115 2951 1185 2986 vid.
1204 2950 1298 2986 Aub.
1396 2950 1450 2985 26.
1472 2950 1532 2994 ἤδη
1553 2949 1630 2985 B.a.
1648 2948 1742 2985 αὖθις
1761 2949 1824 2984 Ht.
1846 2948 1913 2983 Ed.
