2084 3317
133 155 158 197 i.
183 170 221 211 9.
380 157 454 198 IN
497 157 538 198 S.
573 155 906 197 JOANNEM.
970 155 1094 196 LIB.
1128 156 1164 196 Ι.
1227 156 1360 197 CAP.
1394 157 1471 198 IX.
1638 161 1720 201 109

132 270 241 315 νοῦν
266 265 423 334 αὐτῲς
466 271 493 294 “
523 266 616 316 Καὶ
653 263 752 315 ἰδοὺ
783 263 892 330 γὰρ,
919 267 1087 331 φησὶν,
1116 266 1141 314 ὁ
1177 264 1383 330 ἄγγελος
1418 266 1443 316 ὁ
1479 270 1646 317 λαλῶν
1672 268 1720 317 ἐν
1781 273 1931 305 Zach.ii.

130 352 157 374 ‘⁶
182 347 282 409 ἐμοὶ
319 344 535 410 εἱστήκει,
575 347 650 396 καὶ
689 346 897 411 ἅγγελος
935 345 1089 411 ἕτερος
1127 345 1425 414 ἐξεπορεύετο
1461 350 1524 401 εὶς
1561 346 1716 399 ἀπάν-
1782 325 1859 356 3‚4·

130 433 155 455 ‘⁶
181 449 322 490 τησιν
341 427 467 497 αὐτῷ
492 429 568 478 καὶ
591 425 688 479 εἶπε
714 426 833 494 πρὸς
860 426 1001 478 αὐτὸν
1028 427 1185 493 λέγων
1201 427 1367 494 Δράμε
1395 430 1471 479 καὶ
1497 428 1721 494 λάλησον
1738 447 1761 474 0

128 515 154 538 “
178 506 297 573 πρὸς
334 507 417 559 τὸν
455 510 638 560 νεανιάν
676 510 847 560 ἐκεῖνον
885 509 1043 574 λέγων
1077 507 1396 576 Κατάκαρπος
1434 510 1716 576 κατοικηθή-

85 596 155 644 5“
180 612 318 640 σεται
354 590 675 656 Ἰερουσαλὴμ
720 589 815 642 ἀπὸ
860 590 1076 655 πλήθους
1117 591 1381 657 ἀνθρώπων
1420 594 1496 642 καὶ
1538 597 1722 657 κτηνῶν

128 678 155 701 “
179 675 273 723 τῶν
307 673 355 723 ἐν
388 673 520 742 μέσῳ
560 672 748 737 αὖτῆς.”
811 673 861 724 τί
894 671 958 735 δὲ,
993 672 1095 724 εἶπέ
1126 695 1220 736 μοι,
1256 677 1334 724 καὶ
1372 674 1397 724 ὁ
1436 674 1721 743 σοφώτατος

127 753 317 818 Δανιὴλ
349 759 449 808 ταῖς
487 753 798 823 ἀξιαγάστοις
836 754 1089 807 ὀπτασίαις
1126 754 1445 820 προσβαλὼν,
1481 757 1584 824 οὐχὶ
1624 761 1720 808 τῶν

126 836 374 903 ὁρωμένων
399 835 485 900 τὴν
516 835 825 905 ἀποκάλυψιν
860 834 935 887 διὰ
969 838 1053 899 τῆς
1088 840 1184 887 τῶν
1213 836 1436 902 ἀγγέλων
1467 839 1720 906 ἐρανίζεται

126 921 316 986 φωνῆς;
360 918 498 969 ἄκουε
532 917 627 984 γὰρ
661 918 886 984 λέγοντος
911 924 940 946 “
962 919 1057 968 Καὶ
1093 917 1275 983 ἐγένετο
1310 920 1359 969 ἐν
1393 923 1460 988 τῷ
1495 923 1606 971 ἰδεῖν
1636 944 1715 984 με,
1781 920 1948 953 Dan.viii.

1785 972 1833 1004 15,
1852 963 1900 996 16.

57 1016 106 1041 10
126 1006 153 1028 ‘⁶
178 998 271 1065 ἐγὼ
312 998 516 1064 Δανιὴλ,
555 999 641 1064 τὴν
683 999 855 1066 ὅρασιν
898 1001 974 1050 καὶ
1014 997 1204 1065 ἐζήτουν
1244 999 1456 1063 σύνεσιν,
1501 1004 1577 1052 καὶ
1619 1002 1719 1053 ἰδοὺ

124 1086 151 1110 “
176 1079 292 1146 ἔστη
325 1080 523 1133 ἐνώπιόν
547 1104 638 1145 μου
673 1083 736 1135 ὡς
770 1081 937 1148 ὅρασις
972 1079 1158 1147 ἀνδρός·
1213 1084 1289 1132 καὶ
1325 1082 1511 1146 ἤκουσα
1549 1083 1718 1152 φωνὴν

124 1169 152 1192 “
177 1162 347 1229 ἀνδρὸς
397 1162 486 1214 ἀνὰ
537 1164 687 1227 μέσον
736 1169 820 1215 τοῦ
871 1162 1068 1224 Οὐβάλ,
1120 1165 1196 1214 καὶ
1245 1164 1444 1215 ἐκάλεσε
1495 1167 1571 1216 καὶ
1621 1164 1718 1218 εἶπε
1738 1174 1766 1216 (1

124 1250 153 1273 “
179 1242 415 1311 Γαβριὴλ,
441 1246 695 1297 συνέτισον
720 1247 891 1297 ἐκεῖνον
916 1244 1004 1310 τὴν
1030 1245 1242 1312 ὅρασιν.”
1295 1247 1463 1298 οὐκοῦν
1486 1247 1639 1299 ε”νεστι
1665 1248 1720 1299 τὸ

125 1325 358 1377 δύνασθαι
397 1326 613 1396 φωτίζειν
646 1327 886 1394 ἀγγέλοις,
913 1329 991 1379 καὶ
1025 1328 1079 1378 οὐ
1113 1326 1259 1391 μόνον
1293 1329 1463 1392 αὐτοῖς,
1490 1330 1603 1381 ἀλλ’
1630 1331 1720 1395 ἤδη

60 1422 105 1461 15
125 1409 204 1458 καὶ
238 1408 487 1475 ἄνθρωπος
524 1409 608 1460 τὸν
642 1410 700 1479 ἐξ
734 1409 987 1477 ἀνθρώπου
1025 1409 1275 1476 δανείζεται
1313 1411 1581 1479 φωτισμόν.
1644 1414 1721 1464 καὶ

124 1495 241 1555 γοῦν
275 1491 300 1540 ὃ
338 1491 610 1558 φιλομαθὴς
649 1493 819 1545 ἐκεῖνος
857 1492 1075 1559 εὐνοῦχος
1111 1491 1196 1546 τὰς
1232 1494 1337 1559 περὶ
1375 1499 1459 1544 τοῦ
1499 1497 1719 1561 Σωτῆρος

125 1572 257 1636 ἡμῶν
282 1572 573 1642 προφητείας
600 1574 653 1624 οὐ
679 1575 836 1627 συνεὶς
861 1577 928 1642 τῷ
955 1574 1183 1643 Φιλίππῳ
1216 1575 1345 1642 φησί
1367 1582 1394 1604 “
1415 1575 1600 1640 Δέομαί
1626 1599 1719 1628 σου
1779 1585 1942 1661 ἓῡῢῆνξῗ-

125 1660 152 1684 “
177 1656 284 1721 περὶ
316 1655 440 1708 τίνος
474 1656 499 1706 ὁ
533 1654 785 1724 προφήτης
810 1654 974 1720 λέγει,
1017 1656 1123 1721 περὶ
1157 1656 1324 1707 ἑαυτοῦ
1358 1655 1387 1721 ὴ
1422 1659 1528 1724 περὶ
1561 1659 1718 1725 ἑτερου
1782 1640 1846 1713 δί.
1923 1653 1930 1661 ’

339 1735 363 1752 ’2

124 1742 152 1765 “
177 1734 332 1798 τινός,
405 1739 480 1787 καὶ
516 1740 558 1788 οἱ
592 1741 689 1790 τοῖς
723 1735 843 1787 κατὰ
877 1736 960 1788 τὸν
990 1738 1097 1797 βίον
1131 1737 1438 1792 διδασκάλοις
1474 1740 1713 1807 προστρέ-

56 1843 106 1868 20
122 1840 300 1886 χοντες,
336 1819 424 1886 οὐχ
458 1818 615 1885 ἑτέρου
649 1818 774 1873 τινος
814 1816 940 1882 οἶμαι
981 1818 1133 1886 χάριν,
1172 1820 1339 1871 τούτου
1375 1820 1425 1872 δὲ
1460 1824 1536 1872 καὶ
1572 1821 1757 1886 μόνουθ

121 1901 401 1967 προσίασιν.
455 1900 586 1952 ἀλλὰ
622 1901 671 1952 τί
706 1900 764 1965 δὴ
797 1901 979 1955 τούτοις
1018 1903 1384 1968 ἐνδιατρίβομεν,
1411 1902 1521 1972 ἐξὸν
1553 1905 1712 1956 ἀπαλ-

122 1981 384 2034 λάττεσθαι
408 1984 595 2052 ῥᾳδίως,
625 1985 770 2034 ἐκεῖνο
802 1982 1097 2049 παραθέντας
1132 1987 1195 2037 εἰς
1230 1983 1471 2054 ἀπόδειξιν
1496 1985 1551 2037 τὸ
1586 1986 1718 2054 παρὰ

121 2071 205 2116 τοῦ
238 2069 459 2132 Σωτῆρος
493 2066 625 2130 ἡμῶν
649 2063 769 2133 πρὸς
804 2065 911 2120 τοὺς
946 2066 1106 2133 ἁγίους
1140 2067 1381 2133 εἰρημένον
1414 2068 1718 2124 ἀποστόλους

122 2154 150 2177 “
176 2147 338 2211 εΥμεΐς
363 2149 471 2199 ἐστε
497 2146 551 2200 τὸ
578 2152 681 2215 φῶς
707 2154 790 2199 τοῦ
817 2147 1002 2212 κόσμου
1021 2149 1060 2210 ;”
1778 2157 1940 2232 {Alium

54 2240 103 2280 25
197 2234 406 2282 Τοιαῦτα
430 2229 515 2293 μὲν
541 2229 598 2295 δή
625 2253 695 2284 τις
722 2230 841 2282 κατὰ
873 2230 927 2282 τὸ
960 2231 1079 2285 εἰκὸς
1114 2231 1425 2298 ἐπαπορήσας
1457 2233 1562 2299 ἐρεῖ,
1587 2233 1717 2300 παρὰ
1802 2225 1809 2232 '
1842 2211 1875 2242 4·

121 2309 172 2363 δὲ
215 2311 348 2376 ἡμῶν
391 2311 732 2363 ἀντακούσεται
769 2313 857 2363 Ἐν
901 2312 1126 2364 συνθέσει
1169 2311 1228 2364 τὰ
1275 2312 1395 2364 κατὰ
1436 2314 1523 2379 τὴν
1562 2317 1718 2367 κτίσιν

122 2394 317 2460 ὁρῶμεν,
353 2391 390 2444 (3
428 2394 576 2457 οὗτος,
615 2396 691 2445 καὶ
731 2394 864 2446 οὐδὲν
898 2395 946 2446 ἐν
980 2396 1098 2463 αὐτῇ
1136 2394 1190 2446 τὸ
1230 2395 1432 2447 ἁπλοῦν·
1488 2398 1655 2449 οὐκοῦν
1691 2400 1716 2449 ὁ

121 2481 310 2545 σοφοῦν
335 2476 515 2543 ἑτερους
542 2474 811 2541 δυνάμενος,
839 2476 968 2544 ε’ίπερ
998 2476 1066 2542 εἵη
1093 2475 1302 2543 γενητὸς,
1330 2479 1413 2529 οὐκ
1439 2478 1717 2547 αὐτόχρημά

121 2558 255 2609 ἐστιν
279 2559 308 2622 ἡ
334 2560 501 2628 σοφία,
530 2557 661 2609 ἀλλὰ
686 2562 768 2623 τῆς
794 2559 992 2624 ἐνούσης
1023 2560 1150 2629 αὐτῷ
1186 2560 1365 2628 σοφίας
1397 2559 1626 2614 διάκονος·
1667 2563 1717 2612 ἐν

53 2658 105 2694 30
122 2640 275 2710 σοφία
301 2639 394 2707 γὰρ
421 2642 446 2691 ὁ
472 2639 630 2710 σοφός
656 2642 760 2692 ἐστι
786 2640 957 2712 σοφός.
1003 2644 1080 2693 καὶ
1107 2643 1133 2692 ὁ
1159 2640 1385 2696 συνετοὺς
1410 2642 1715 2707 ἐκδιδάσκων,
1733 2667 1756 2692 a
1812 2659 1868 2694 '74
1884 2658 1936 2694 A.

170 2784 203 2815 4.
230 2772 355 2807 ἐκεῖνον
370 2772 498 2819 λέγων]
514 2775 637 2819 λέγων.
656 2775 789 2810 ἐκείνων
806 2774 886 2820 (sic)
907 2775 949 2810 B.
1015 2765 1235 2820 xardxa‘pffcsss‘
1254 2775 1299 2809 D.
1320 2776 1531 2818 κατ-ἄκαρπος
1549 2776 1654 2811 habet
1671 2777 1715 2812 B.

124 2827 157 2864 7.
183 2820 421 2863 προσβαλλὼν
440 2820 521 2865 (Sic)
542 2821 635 2856 D.E.
756 2823 788 2856 8.
815 2826 881 2857 τῶν
898 2834 967 2857 orn.
987 2822 1122 2867 Migne.
1240 2834 1292 2856 11.
1318 2822 1376 2856 Ab
1394 2822 1515 2867 ἀνδρὸς
1532 2823 1577 2858 ad
1593 2824 1717 2870 ἀνδρὸς

122 2866 275 2900 transilit
294 2866 337 2900 Β.
445 2878 499 2909 14.
525 2869 638 2912 μόνοις
657 2868 700 2904 Β.
812 2880 865 2911 19.
892 2870 1113 2905 διδασκάλοις
1132 2870 1178 2904 D.
1197 2869 1399 2904 διδάσκαλοι
1418 2869 1485 2905 Ed.
1592 2881 1648 2906 21.
1675 2871 1716 2915 δὴ

122 2911 158 2946 τί
173 2913 311 2947 inverso
328 2912 450 2947 ordine
470 2913 513 2948 B.
622 2925 678 2961 23.
704 2915 921 2951 ἀποστόλους
938 2915 1110 2960 εἰρημένον
1127 2917 1266 2950 inverso
1283 2915 1404 2951 ordine
1422 2916 1466 2953 Β.
1575 2918 1632 2954 28.
1658 2918 1715 2953 δυ-

124 2958 279 3004 νάμενος]
303 2963 340 3001 -i-
363 2958 399 2995 ὃς
418 2959 463 2995 Β.
605 2972 659 3007 29.
686 2961 846 3009 ἐνούσης]
870 2967 906 3004 -†-
928 2963 963 2999 ἐν
981 2962 1048 2998 Ed.
1066 2963 1177 2998 invito
1196 2963 1240 2998 B.
