2084 3317
138 141 207 184 vii.
229 155 296 196 24
362 145 436 187 IN
477 148 520 190 S.
553 149 889 196 JOANNEM.
952 156 1076 199 LIB.
1110 158 1188 200 IV.
1251 161 1384 203 CAP.
1408 163 1487 204 VI.
1640 167 1718 206 641

136 250 351 315 γεγονότι
389 263 666 328 στρατηγῶ,
709 265 832 329 φημὶ
870 262 919 314 δὲ
956 263 1105 316 πάλιν
1141 268 1304 331 Ἰησοῦ
1350 274 1416 320 τῶ
1461 278 1544 323 τοῦ
1584 277 1722 338 Ναυῆ

135 337 163 359 “
192 335 288 383 Και
322 335 505 400 ἐγενετο
539 340 638 403 μετ’
666 344 813 395 ἐκεῖνα
851 368 925 396 και
965 347 1197 400 ἀπέθανεν
1222 351 1410 414 Ἰησοῦς
1450 353 1545 408 υἱὸς
1582 358 1721 420 Ναυῆ
1783 353 1853 384 ‘5⁰⁵³'

1783 406 1873 428 xxw.
1891 406 1943 437 30,

134 419 161 442 ‘⁶
188 416 358 469 δοῦλος
387 420 615 485 Κυρίου
594 424 758 476 εκατὸν
782 427 892 477 δέκα
926 429 1054 480 ἐτῶν.
1108 432 1183 481 καὶ
1219 431 1408 501 ε’θαψαν
1434 435 1577 486 αὐτὸν
1601 437 1721 503 πρὸς
1784 449 1834 479 3¹·

149 500 281 551 6τοῖς
319 500 461 565 ὁρίοις
494 509 577 555 τοῦ
612 506 791 572 κλήρου
827 510 987 561 αυτοῦ·
1030 512 1124 562 ἐκεῖ
1153 513 1324 577 ἐθηκαν
1354 517 1452 578 μετ’
1482 518 1624 569 αὑτοῦ
1658 524 1722 574 εἰς

91 583 161 626 5“
186 577 241 628 τὸ
284 584 446 645 μνῆμα
491 586 540 635 ἐν
583 611 620 637 ω
665 588 853 658 ἔθαψαν
898 592 1039 643 αυτὸν
1082 595 1184 657 ἐκεῖ,
1229 595 1312 649 τὰς
1356 600 1593 695 μαχαίρας
1636 624 1720 655 τας

133 663 404 727 “πετρίνας
441 667 488 716 ἐν
514 667 586 722 αῖς
622 672 858 736 περιέτεμε
895 697 1002 729 τους
1038 675 1159 730 υὶους
1186 678 1439 744 Ισραήλ.”
1491 681 1758 735 ε’θαπτετοο

130 764 217 803 μεν
267 766 360 843 γαρ
410 749 603 804 τεθνεὼς
653 754 678 803 ὁ
728 777 954 821 μακαριος
994 758 1198 822 Ἰησοῦς·
1261 762 1624 828 παρεπήγνυντο
1670 765 1718 817 δὲ

130 826 377 924 χρησίμως
404 833 451 881 αἱ
475 831 703 900 μάχαιραι
728 841 794 886 τῶ
824 840 1054 908 μνημείω,
1083 839 1203 907 πρὸς
1238 843 1322 893 τὸν
1347 847 1430 907 τῆς
1464 851 1719 912 περιτομῆς

130 906 502 974 ὑπουργήσασαι
535 935 699 965 τυπον·
743 918 817 968 ἱνα
842 919 990 970 πάλιν
1016 922 1147 985 ἡμεῖς
1173 923 1248 973 δια
1275 947 1443 976 τουτου
1474 933 1713 1024 συνῶμεν,

63 1008 111 1034 10
129 1011 201 1039 οτι
226 993 293 1039 τῶ
321 991 510 1044 θανάτω
536 1001 618 1046 τοῦ
647 1001 919 1066 Σωτῆρος
894 1007 1027 1065 ημῶν
1054 1007 1274 1070 Χριστοῦ
1300 1029 1383 1071 της
1414 1010 1462 1059 ἐν
1487 1033 1717 1075 πνευματι

126 1076 380 1136 περιτομῆς
417 1098 757 1177 παραπεπηγεν
788 1082 815 1145 ἡ
850 1106 985 1150 χαρις
1023 1086 1051 1149 ἡ
1086 1086 1279 1139 πάντων
1311 1089 1419 1153 ἡμῖν
1451 1095 1546 1143 τῶν
1572 1095 1712 1161 οὐρα-

127 1151 236 1203 νίων
260 1155 454 1219 ἀγαθῶν
479 1160 825 1229 προμνήστρια.

201 1235 547 1306 Ἐκληψόμεθα
585 1264 742 1295 τοινυν
776 1244 863 1310 τὴν
896 1248 944 1298 ἐν
979 1249 1125 1318 ὀγδόῃ
1164 1252 1432 1318 περιτομὴν,
1459 1256 1717 1309 Ἰουδαϊκὸν

126 1321 337 1372 νοοῦντες
372 1319 520 1385 οὐδὲν,
545 1323 631 1388 τὴν
665 1325 740 1377 διὰ
776 1329 1054 1392 Πνεύματος
1089 1331 1337 1399 κάθαρσιν,
1365 1338 1412 1386 ἐν
1445 1339 1604 1389 πίστει
1639 1343 1714 1392 καὶ

59 1412 105 1450 15
124 1399 388 1452 ἀναστάσει
416 1406 646 1468 Χριστοῦ,
672 1431 833 1474 πασης
860 1412 1089 1477 ἁμαρτίας
1115 1416 1378 1481 ἀποβολὴν,
1407 1421 1612 1472 θανατου
1638 1426 1712 1473 καὶ
1730 1432 1758 1473 d

124 1484 307 1549 φθορᾶς
351 1484 606 1552 ἀναιρεσιν,
644 1489 878 1560 πρόξενον
917 1495 1160 1559 ἀγιασμοῦ
1198 1521 1273 1548 και
1313 1501 1591 1566 οικειότητος
1631 1508 1714 1568 τῆς

122 1585 186 1616 εις
224 1565 456 1630 Χριστὸν,
492 1569 756 1638 ἐλευθεριας
794 1573 963 1638 εἰκόνα,
1001 1580 1084 1641 τῆς
1123 1603 1243 1646 προς
1277 1582 1403 1633 Θεὸν
1439 1586 1714 1641 οἱκειώσεως

122 1643 235 1696 ὁδόν
261 1669 311 1697 τε
337 1671 413 1699 και
440 1649 604 1717 θυραν.

197 1724 342 1784 Αλις
385 1754 472 1793 μεν
516 1734 598 1784 οὖν
642 1735 731 1801 ἤδη
777 1742 871 1788 τῶν
912 1742 987 1791 ἐπὶ
1029 1765 1210 1798 τουτοις
1259 1747 1558 1815 πανταχόθεν
1602 1750 1712 1813 ἡμῖν

53 1828 102 1853 20
121 1808 449 1874 ήρανισμενων
487 1817 802 1881 θεωρηματων
842 1829 1181 1888 πνευματικῶν,
1223 1828 1518 1895 διῃρημενοιν
1555 1832 1603 1882 δὲ
1649 1834 1712 1887 ὡς

119 1890 241 1945 εἰκὸς
274 1899 373 1945 τοῖν
400 1897 528 1947 δυοῖν
554 1902 899 1967 κεφαλαίοιν,
878 1927 1065 1956 εκαστω
1104 1930 1155 1957 τε
1193 1907 1276 1959 τὸν
1309 1911 1436 1979 αὐτῷ
1468 1913 1711 1979 πρέποντα

118 1974 449 2040 διηντληκότες
475 1977 637 2045 λόγον·
666 1987 830 2035 λεῖπον
858 1984 915 2035 ἂν
940 2010 1007 2050 ειη
1035 1990 1110 2039 καὶ
1136 1993 1526 2057 χρεωστούμενον
1552 1999 1708 2058 εἰπεῖν,

116 2078 226 2107 οτου
277 2057 333 2122 δὴ
384 2084 523 2158 χαριν
567 2066 649 2128 τῆς
692 2071 947 2133 περιτομῆς
991 2094 1045 2122 το
1091 2076 1252 2140 χρῆμα
1294 2075 1348 2127 τὸ
1393 2079 1709 2143 πνευματικὸν

115 2143 518 2195 κατανεανιευεται
552 2169 653 2200 πως
694 2151 769 2200 καὶ
811 2153 895 2214 τῆς
935 2159 1020 2204 τοῦ
1058 2154 1315 2216 σαββατου
1353 2163 1506 2223 τιμῆς.
1569 2161 1705 2226 δεκτὴ
1726 2186 1747 2211 e

47 2239 95 2277 25
115 2242 207 2286 γαρ
244 2222 271 2286 ἡ
309 2227 538 2292 περιτομὴ
575 2233 649 2280 καὶ
685 2232 733 2281 ἐν
764 2233 1019 2304 σαββάτω,
1046 2235 1129 2288 τὸν
1159 2239 1229 2289 ἐπ’
1259 2241 1385 2290 αὐτῶ
1421 2245 1504 2305 τῆς
1539 2245 1706 2310 ἀργίας

114 2303 169 2352 οὐ
206 2307 596 2373 καταφριττουσα
634 2310 793 2375 νόμον.
847 2337 1286 2382 κατασημαινοντος
1322 2345 1477 2374 τοινυν
1503 2331 1586 2376 τοῦ
1621 2326 1706 2389 μὲν

113 2385 162 2435 ἐν
188 2386 368 2456 ἑβδόμῃ
395 2396 742 2457 σαββατισμοῦ
770 2395 855 2460 τὴν
882 2399 931 2448 ἐκ
958 2399 1314 2468 φαυλότητος’
1288 2427 1480 2469 απασης
1507 2409 1698 2476 ῥαστώ-

112 2489 198 2531 νην
243 2491 292 2519 τε
338 2494 414 2522 και
465 2474 650 2538 ἀργίαν,
695 2478 771 2528 καὶ
815 2477 902 2543 τὴν
945 2481 1040 2532 ἀπὸ
1085 2486 1167 2547 τῆς
1218 2486 1449 2552 ἁμαρτίας
1493 2489 1700 2557 σχολὴν,

111 2551 442 2617 σημαινούσης
494 2554 543 2605 δὲ
587 2556 736 2609 παλιν
779 2562 862 2623 τῆς
905 2563 954 2613 ἐν
997 2565 1228 2629 πνεύματι
1271 2573 1525 2663 περιτομῆς
1569 2573 1702 2624 οὐδὲν

42 2650 91 2685 30
109 2653 239 2698 παρα
279 2639 427 2685 ταῦτα
468 2659 639 2703 ετερον,
679 2642 740 2694 ὡς
785 2644 833 2693 ἐν
877 2644 1221 2718 ἐξηλλαγμένω
1267 2650 1447 2721 τρόπω·
1507 2652 1562 2704 τὸ
1607 2676 1701 2721 γαρ

159 2770 191 2794 2.
217 2761 287 2797 υἱὸς
307 2761 347 2795 Β.
368 2764 385 2795 6
403 2765 473 2800 υἱὸς
492 2764 559 2800 Ed.
693 2782 726 2810 4.
693 2770 874 2827 4ὁρίοις]
900 2776 935 2812 -ξ-
955 2773 1060 2807 αυτοῦ
1079 2774 1122 2809 B.
1259 2786 1292 2819 5.
1319 2778 1354 2811 ἐν
1371 2776 1398 2824 ᾦ
1419 2778 1459 2812 Β.
1478 2780 1596 2823 (Alex.
1617 2782 1699 2825 XI.)

109 2805 156 2841 εἷς
174 2806 191 2839 ὃ
212 2807 279 2842 Ed.
299 2808 347 2850 (V
350 2815 395 2843 at.
401 2811 413 2853 )
523 2823 575 2854 15.
601 2814 780 2860 ἀποβολὴν
796 2817 959 2862 ἁμαρτίας
976 2820 1036 2854 inv
1038 2833 1117 2855 erso
1134 2822 1256 2856 ordine
1276 2823 1318 2858 B.
1429 2826 1480 2860 16.
1507 2827 1698 2875 ἁγιασμοῦ]

108 2851 237 2897 ἀγαθοῦ
256 2869 308 2889 και
326 2855 499 2901 ἁγιασμοῦ
518 2870 580 2902 pro
598 2872 694 2894 more
713 2862 756 2896 B.
975 2878 1027 2911 19.
1053 2867 1146 2913 ἅλις]
1168 2871 1316 2913 σχόλιον
1336 2884 1343 2903 :
1363 2871 1553 2915 ἀρκούντως
1572 2875 1605 2909 D
1624 2888 1696 2920 mg.

107 2909 166 2980 Ξ7.
193 2903 476 2982 σαββὲτισμοῦ’
459 2919 494 2939 εν
511 2906 665 2951 ἑβδόμῃ
657 2919 797 2944 mverso
814 2910 937 2945 ordine
958 2912 998 2946 Β.
1182 2926 1238 2960 30.
1267 2917 1303 2950 ἐν
1320 2917 1580 2966 ἐξηλλαγμένῳ]
1601 2922 1697 2966 ἐνηλ-

132 2961 264 2993 αγμενῳ

166 3014 256 3042 voL.
280 3016 307 3043 1.
874 3025 951 3062 4N
