2021 3296
103 155 130 194 i.
148 166 188 206 4.
340 154 415 194 IN
457 153 500 193 S.
533 152 870 194 JOANNEM.
935 152 1058 192 LIB.
1092 152 1128 193 Ι.
1191 153 1323 193 CAP.
1356 153 1460 193 VII.
1637 154 1691 193 83

113 362 353 414 Ἀποδείξεις
385 364 448 404 διὰ
479 366 776 415 συλλογισμῶν,
806 364 866 403 ὅτι
898 364 993 403 κατὰ
1023 364 1146 414 φύσιν
1177 364 1306 415 ἕτερος
1337 364 1357 402 ὁ
1388 362 1563 415 φωτίζων
1590 360 1683 403 Υἱὸς

563 437 669 488 παρὰ
699 436 770 487 τὴν
801 434 1065 489 φωτιζομένην
1095 437 1232 477 κτίσιν.

179 564 238 611 ΕΖ
264 561 313 610 ἐν
338 564 434 614 τοῖς
459 560 732 626 λεγομένοις
759 561 784 611 5
812 558 969 626 Λόγος
995 559 1053 625 ἧν
1080 562 1142 613 ὡς
1169 564 1272 629 φῶς
1297 558 1417 610 κατὰ
1443 558 1594 626 φύσιν
1620 556 1697 608 διὰ

103 644 306 709 μετοχῆς
331 646 427 696 τοῖς
453 643 589 693 οὖσιν
615 642 779 694 ἑαυτὸν
805 640 1074 708 ἀναμιγνὺς,
1100 642 1253 709 ἕτερος
1284 641 1376 708 ἄρα
1401 643 1503 692 ἐστὶ
1528 645 1623 692 τῶν
1649 641 1698 691 ἐν
1715 650 1744 692 (1

63 738 84 776 5
106 723 172 778 οἷς
198 721 311 774 εἶναι
337 723 621 776 πιστεύεται.
669 726 694 775 ὁ
723 723 771 776 δὲ
797 723 883 788 τὴν
910 723 1059 793 φύσιν
1086 723 1240 790 ἕτερος
1266 722 1345 786 ὧν,
1371 722 1400 788 ἢ
1428 722 1542 789 ὅπερ
1567 724 1699 773 ἐστὶν

104 805 133 869 ἡ
168 803 434 873 μετέχουσα
469 806 612 857 αὐτοῦ
648 807 724 857 καὶ
760 804 1051 874 φωτιζομένη
1091 805 1257 867 κτίσις,
1291 809 1392 858 πῶς
1428 805 1510 856 οὐκ
1542 802 1600 854 ἂν
1632 802 1700 868 ε’ίη

105 886 278 938 λοιπὸν
305 888 330 937 5
358 887 473 955 ὑπὲρ
498 886 655 940 πάντα
682 886 834 950 Θεός;

179 989 312 1019 ΑΛΛΟ.
353 974 411 1021 Εἰ
439 973 543 1039 φῶς
570 969 689 1021 κατὰ
716 968 866 1038 φύσιν
892 968 1006 1020 ὄντα
1037 968 1119 1020 τὸν
1146 968 1264 1020 Υἱὸν
1289 970 1338 1019 ἐν
1363 972 1460 1021 τοῖς
1493 971 1703 1033 γενητοῖς

106 1053 169 1107 ὡς
212 1052 409 1119 γενητὸν
455 1052 479 1102 5
526 1050 757 1119 θεομάχος
802 1048 923 1101 εἶναί
963 1054 1102 1120 φησι,
1146 1049 1206 1101 τὰ
1249 1048 1409 1119 φωτὸς
1454 1048 1704 1113 δεδεημένα

41 1160 88 1185 10
107 1133 386 1204 φωτίζοντα·
444 1137 634 1200 πρῶτον
674 1132 760 1197 μὲν
800 1130 938 1186 αὐτὸς
981 1132 1207 1199 ὑπάρχων
1248 1133 1296 1182 ἐν
1337 1132 1486 1200 ἑαυτῷ
1532 1128 1703 1195 νοηθή-

107 1238 258 1278 σεται,
284 1214 381 1267 εἶτα
408 1213 526 1278 πρὸς
555 1215 717 1285 τούτῳ,
744 1216 819 1265 καὶ
846 1212 985 1268 αὐτὸς
1020 1215 1184 1265 ἑαυτοῦ
1219 1213 1419 1280 με’τοχος
1454 1212 1602 1274 ἔσται,
1631 1213 1706 1262 καὶ

109 1302 225 1366 φῶς,
261 1297 389 1364 ε’ίπερ
428 1296 493 1348 ὧν
526 1298 575 1347 ἐν
609 1302 706 1350 τοῖς
744 1301 967 1362 γενητοῖς,
1004 1295 1066 1349 εἷς
1105 1297 1181 1346 καὶ
1220 1296 1245 1346 5
1284 1293 1423 1348 αὐτὸς
1461 1295 1517 1363 ἐξ
1552 1295 1706 1344 αὐτῶν

110 1379 336 1447 ὑπάρχειν
371 1378 782 1447 ὑποληφθήσεται.
835 1379 946 1428 ἀλλ’
986 1379 1073 1447 ὁρᾷ
1110 1400 1203 1429 που
1240 1376 1429 1431 πάντως
1468 1378 1492 1427 5
1532 1398 1701 1428 πεπαι-
1723 1401 1744 1428 e

110 1461 327 1525 δευμένος
354 1467 380 1490 ‘⁶
395 1459 482 1525 τὴν
508 1461 703 1527 καρδίαν
730 1462 777 1510 ἐν
802 1460 997 1528 σοφία,”
1016 1458 1139 1510 καθὰ
1165 1459 1444 1525 γέγραπται,
1467 1457 1589 1523 ὅσην
1613 1456 1706 1525 ε”χει

44 1560 90 1599 15
110 1541 196 1608 τὴν
238 1542 438 1594 ἀτοπίαν
479 1542 533 1593 τὸ
579 1543 700 1593 οὕτω
743 1546 879 1593 νοεῖν.
950 1542 1118 1592 οὐκοῦν
1159 1545 1197 1592 εἰ
1243 1544 1477 1604 μεθεκτῶς
1522 1541 1571 1590 ἐν
1610 1544 1706 1593 τοῖς

110 1629 321 1691 γενητοῖς
359 1625 490 1676 ἐστιν
530 1625 555 1675 5
595 1622 810 1693 φωτίζων
847 1622 966 1674 αὐτὰ
1006 1621 1178 1689 Λόγος,
1218 1623 1302 1673 οὐκ
1342 1624 1390 1673 ἐν
1428 1626 1525 1676 τοῖς
1567 1621 1702 1685 μετέ-

111 1729 255 1774 χουσι
302 1707 379 1757 καὶ
424 1705 754 1776 φωτιζομένοις
793 1704 928 1756 ἔσται
968 1707 1044 1755 καὶ
1083 1703 1234 1767 αὐτὸς,
1274 1705 1385 1755 ἀλλ’
1427 1703 1580 1769 ἕτερος
1619 1704 1703 1767 δη-

111 1787 274 1839 λονότι
307 1789 415 1854 παρ’
453 1789 616 1838 ἐκεῖνα.
672 1791 709 1838 εἰ
746 1786 794 1837 δὲ
830 1791 984 1849 τοῦτο,
1011 1787 1094 1837 οὐκ
1129 1786 1221 1852 ἄρα
1257 1784 1466 1851 γενητὸς,
1500 1786 1610 1836 ἀλλ’
1647 1786 1708 1837 ὡς

113 1873 217 1939 φῶς
244 1869 362 1921 κατὰ
389 1869 556 1939 φύσιν,
585 1872 660 1920 καὶ
687 1868 809 1922 Θεὸς
835 1869 883 1919 ἐν
909 1872 1005 1921 τοῖς
1032 1866 1191 1937 φωτὸς
1217 1867 1467 1931 δεομένοις.

44 1980 94 2005 20
187 1972 320 2002 AAAo.
360 1955 419 2002 Ei
443 1950 509 2015 μὴ
537 1951 587 2001 ἐκ
613 1953 696 2014 τῆς
727 1949 891 2003 οὐσίας
926 1954 1011 2000 τοῦ
1039 1953 1164 2000 Θεοῦ
1200 1950 1276 2000 καὶ
1305 1948 1495 2015 Πατρός
1527 1949 1658 1999 ἐστιν
1685 1949 1708 1998 5

1767 1455 1822 1486 Ps.

1767 1498 1894 1529 lxxxix.

1772 1551 1785 1572 1
1794 1551 1821 1572 2.

113 2033 242 2097 Υἱὸς,
269 2033 444 2102 ἔξωθεν
471 2032 520 2084 δὲ
555 2030 697 2083 αὐτὸν
733 2032 831 2082 κατ’
865 2031 1063 2084 ἐκείνους
1101 2030 1359 2095 ὑπέστησε,
1390 2028 1585 2096 γενητὸς
1620 2029 1751 2097 ἄραα
1807 2048 1863 2081 56
1880 2046 1933 2080 A.

114 2117 218 2167 ἐστὶ
269 2117 344 2166 καὶ
395 2113 720 2178 πεποιημένος’
787 2117 888 2167 πῶς
939 2113 1021 2164 οὖν
1065 2113 1115 2163 ἐν
1166 2116 1261 2167 τοῖς
1312 2111 1566 2178 γεγονόσιν
1610 2112 1713 2162 ἐστὶ

116 2197 332 2267 φωτίζων
360 2194 479 2247 αὑτά
501 2217 513 2258 ;
559 2196 608 2246 τί
629 2194 678 2246 δὲ
703 2194 758 2246 τὸ
791 2195 1029 2263 ἐξαίρετον
1057 2195 1106 2245 ἐν
1132 2197 1190 2262 τῇ
1227 2194 1326 2263 θείᾳ
1363 2193 1507 2262 φύσει
1543 2190 1714 2244 λοιπὸν

115 2278 411 2346 εὑρήσομεν;
450 2276 478 2343 ὴ
505 2282 606 2331 πῶς
642 2278 666 2328 5
703 2275 989 2345 σοφώτατος
1013 2275 1298 2345 ψαλμῳδὸς,
1326 2277 1387 2328 ὡς
1414 2272 1714 2344 ἀξιάγαστόν

1 2360 5 2362 ’
49 2379 98 2418 25
117 2383 162 2412 τι
189 2363 340 2430 φησὶν
367 2362 441 2412 ἐπὶ
467 2365 552 2410 τοῦ
579 2357 699 2410 κατὰ
726 2357 876 2427 φύσιν
903 2357 1038 2412 ὄντος
1065 2361 1192 2409 Θεοῦ
1219 2364 1246 2387 “
1267 2359 1354 2409 Ἐν
1379 2361 1446 2427 τῷ
1473 2357 1600 2426 φωτί
1621 2378 1714 2407 σου

117 2450 147 2473 “
173 2441 395 2512 ὀψόμεθα
430 2445 533 2510 φῶς
551 2442 593 2503 ;’'
643 2444 681 2491 εἰ
715 2439 808 2507 γὰρ
843 2439 1040 2506 γενητὸς
1074 2438 1300 2508 ὑπάρχων
1327 2441 1352 2490 5
1379 2439 1493 2492 Υἱὸς
1529 2436 1715 2505 φωτίζει

118 2523 179 2576 τὰ
213 2523 383 2586 πάντα,
409 2521 577 2586 ἑαυτὴν
603 2517 820 2586 ἡ’κτίσις
856 2525 1034 2591 φωτιεῖ,
1060 2520 1304 2589 χρῄζουσα
1338 2523 1564 2584 μηδαμῶς
1598 2517 1717 2585 πρὸς

119 2611 259 2658 τοῦτο
299 2611 383 2656 τοῦ
423 2604 715 2669 ποιήσαντος
755 2607 898 2655 Θεοῦ.
966 2602 1100 2654 οὐδὲν
1139 2603 1221 2653 οὖν
1260 2602 1352 2668 ἄρα
1389 2599 1444 2652 τὸ
1482 2600 1630 2651 πλέον
1667 2601 1717 2650 ἐν

121 2690 231 2756 Θεῷ
254 2684 385 2753 παρὰ
410 2684 495 2750 τὴν
522 2686 691 2748 κτίσιν,
718 2687 897 2752 ἐνεργεῖ
928 2683 977 2736 δὲ
1012 2685 1100 2752 οὐχ
1125 2684 1267 2748 ἧττον
1292 2682 1320 2747 ἢ
1353 2683 1414 2735 ὡς
1440 2679 1498 2731 ἂν
1524 2680 1716 2745 δύνηται

172 2861 206 2895 8.
232 2859 313 2895 ὅντα
331 2858 413 2893 κατὰ
430 2857 540 2903 φύσιν
556 2858 696 2892 inverso
713 2857 836 2892 ordine
854 2857 898 2891 B.
1127 2865 1180 2888 12.
1206 2854 1359 2898 γενητοῖς
1378 2852 1420 2886 Β.
1438 2851 1630 2897 γενομένοις
1648 2850 1717 2885 Ed.

125 2909 144 2941 5
162 2912 385 2951 assumptum
403 2916 445 2939 ex
463 2905 506 2939 B.
738 2916 792 2946 14.
818 2903 903 2937 καθὰ
922 2903 964 2937 B.
984 2902 1091 2936 καθὼς
1109 2900 1177 2934 Ed.
1418 2908 1471 2941 15.
1497 2898 1656 2942 μεθεκτὸς
1676 2898 1718 2931 Ε.

129 2964 183 2997 23.
209 2953 399 2998 φωτίζοντα
419 2951 461 2985 Β.
656 2962 711 2992 24.
738 2952 756 2983 ὁ
774 2955 996 2994 assumptum
1015 2960 1055 2982 ex
1078 2946 1212 2981 B.D.E.

891 3015 970 3045 312

1776 2412 1876 2433 XXXV.
1885 2410 1936 2433 10.
