2084 3317
353 143 438 182 418
755 142 805 182 B.
839 142 1113 182 CYRILLI
1154 141 1535 182 ALEXANDR.
1711 141 1765 180 vi.
1791 153 1851 189 12,
1874 153 1935 194 13.

353 251 550 319 τροφήν·
605 256 743 302 τοῦτο
778 250 871 317 γὰρ
908 253 1157 315 ὑποδηλοῖ,
1191 249 1245 301 τὸ
1283 250 1377 301 ἀπὸ
1416 253 1589 314 κριθῆς.
1644 248 1720 300 διὰ
1758 248 1807 299 δὲ
1845 252 1940 299 τῶν

354 333 572 401 ὀψαρίων
598 333 625 397 ἡ
653 331 728 383 διὰ
754 337 848 383 τῶν
874 332 1044 383 ἁλιέων
1069 332 1239 400 τροφὴ,
1266 331 1481 382 τουτέστι
1512 330 1572 382 τὰ
1603 329 1941 399 τρυφερώτατα

354 419 449 466 τῶν
489 421 573 466 τοῦ
613 417 833 480 Σωτῆρος
867 418 1092 477 μαθητῶν
1121 412 1491 479 συγγράμματα·
1533 417 1607 464 καὶ
1651 413 1733 464 δύο
1779 417 1940 473 ταῦτα,

354 498 519 565 φησὶν,
571 495 893 547 ἀποστολικὸν
945 496 993 545 ἐν
1044 496 1152 558 ἡμῖν
1203 497 1279 545 καὶ
1329 494 1635 561 εὐαγγελικὸν
1686 493 1941 557 διαλάμπει

308 589 333 629 d
354 577 586 645 κήρυγμα.
641 577 787 642 ἄμφω
827 575 875 627 δὲ
914 582 1062 627 ταῦτα
1099 581 1194 627 τῶν
1220 577 1390 628 ἁλιέων
1415 576 1653 643 εὑρήματα
1683 579 1757 627 καὶ
1794 584 1938 641 λογο-

353 661 555 727 γραφίαι
597 659 919 722 πνευματικαί.
991 658 1223 727 ἀναμίξας
1269 665 1519 724 τοιγαροῦν
1562 660 1587 710 ὃ
1633 658 1801 724 Σωτὴρ
1847 662 1942 711 τοῖς

351 746 571 794 παλαιοῖς
605 740 665 792 τὰ
702 741 795 804 νέα,
823 740 899 791 διὰ
935 740 1080 804 νόμου
1111 743 1186 791 καὶ
1218 740 1510 805 μαθημάτων
1536 740 1757 806 διαθήκης
1783 743 1944 803 καινῆς

350 828 446 874 τῶν
472 827 534 877 εἰς
560 822 702 873 αὑτὸν
727 821 1050 874 πιστευόντων
1074 821 1159 876 τὰς
1185 822 1347 891 ψυχὰς
1379 824 1634 892 ἀποτρέφει
1665 822 1783 889 πρὸς
1809 821 1941 888 ζωὴν,

352 909 499 970 δῆλον
525 905 595 956 ὅτι
621 905 707 969 τὴν
735 905 935 956 αἰώνιον.
993 905 1063 956 ὅτι
1096 904 1191 970 γὰρ
1220 905 1277 974 ἐξ
1307 905 1478 956 ἁλιέων
1505 909 1546 955 οἱ
1580 907 1799 969 μαθηταὶ,
1826 903 1941 970 πρό-

352 991 499 1052 δηλον
526 987 677 1052 δήπου
708 989 783 1038 καὶ
810 987 980 1056 σαφές·
1024 992 1062 1038 εἰ
1099 987 1190 1054 γὰρ
1226 989 1301 1038 καὶ
1337 987 1403 1051 μὴ
1435 986 1608 1040 πάντες
1643 985 1802 1054 τυχὸν,
1829 985 1941 1036 ἀλλ’

350 1070 535 1136 ἐπείπερ
562 1072 681 1120 εἰσὶν
707 1072 755 1120 ἐν
781 1070 937 1122 αὐτοῖς
964 1072 1006 1119 οἱ
1038 1075 1251 1132 τοιοῦτοι,
1279 1070 1400 1120 οὕτω
1426 1073 1508 1133 τῆς
1534 1072 1608 1121 ἐπὶ
1634 1074 1731 1123 τοῖς
1757 1069 1939 1136 εἰρημέ-

353 1174 446 1205 νοις
473 1152 696 1215 ἀληθείας
723 1152 748 1201 ὁ
774 1150 920 1217 λόγος
946 1151 1055 1216 ἡμῖν
1082 1153 1163 1202 οὐκ
1189 1151 1498 1219 ἐξοιχήσεται.

313 1254 335 1280 e

286 1305 431 1347 12‘Qc
475 1305 518 1347 δὲ
564 1305 904 1356 ἐνεπλήσθΗσαν,
948 1307 1060 1352 λέΓει
1108 1303 1197 1347 τοῖς
1246 1304 1457 1354 μαθι-ιταῖο
1507 1306 1635 1346 αὐτοῦ
1676 1305 1943 1352 ΣυναΓάΓετε.

287 1409 332 1444 13
419 1389 471 1430 τὰ
510 1389 850 1445 Περιοσεύσαντα
890 1390 1127 1440 κλάσματα,
1155 1390 1222 1430 ἵνα
1261 1390 1317 1438 μή
1357 1405 1394 1430 τι
1428 1389 1658 1430 ἀπόλΗται.
1708 1389 1942 1436 συνιίΓαῙ-ον

420 1470 507 1524 οὖν,
541 1472 609 1513 καὶ
641 1472 841 1521 ὲΓέμισαν
871 1472 1041 1513 δώδεκα
1082 1472 1284 1529 κοφίνους
1324 1473 1582 1522 κλασμάτων
1616 1472 1663 1513 ἐκ
1700 1472 1784 1513 τῶν
1817 1472 1944 1513 Πέντε

419 1555 564 1612 ἄρτων
602 1555 689 1596 τῶν
728 1554 942 1612 κριθίνων,
980 1557 1091 1612 ἅπερ
1129 1555 1405 1613 ἐπερίσσευσε
1443 1554 1532 1598 τοῖς
1570 1555 1822 1612 βεβρωκόσι.

425 1662 594 1732 Δόξειε
634 1663 718 1727 μὲν
746 1664 804 1714 ἄν
829 1687 895 1734 τῳ
935 1668 1092 1733 φειδοῖ
1125 1669 1220 1716 τῶν
1258 1667 1619 1734 περισσευμάτων
1645 1670 1741 1718 τοῖς
1779 1666 1945 1715 ἑαυτοῦ

350 1750 581 1810 μαθηταῖς
625 1745 842 1814 ἐπιτάξαι
884 1746 1100 1814 Χριστὸς
1142 1747 1399 1813 συλλέγειν
1441 1746 1574 1798 αὐτά.
1632 1747 1760 1810 ἀλλ’,
1803 1743 1943 1809 οἶμαι,

350 1833 623 1878 παστισοῦν
649 1827 869 1891 ἐννοήσαι
894 1828 1181 1895 πρεπόντως,
1209 1832 1271 1883 ὡς
1306 1831 1389 1881 οὐκ
1424 1829 1482 1881 ἂν
1508 1833 1569 1883 εὶς
1601 1834 1739 1880 τοῦτο
1774 1851 1939 1895 μικρο-

129 1923 282 1959 284Α.
312 1910 519 1974 αλογίας
557 1911 857 1970 καταβαίνειν
896 1910 1139 1978 ἠνέσχετο·
1184 1913 1259 1962 καὶ
1297 1913 1346 1962 τί
1380 1911 1506 1977 λέγω
1542 1911 1786 1977 Χριστός;
1830 1910 1941 1961 ἀλλ’

352 1990 456 2041 οὐδὲ
497 1990 560 2044 εἷς
606 2013 676 2045 τις
720 1995 814 2041 τῶν
859 1993 967 2043 καθ’
996 1993 1132 2056 ἡμᾶς.
1188 1994 1237 2043 τί
1277 1993 1372 2059 γὰρ
1416 1993 1474 2058 ἦν
1516 1995 1566 2044 ἐκ
1610 1993 1747 2044 πέντε
1788 1993 1945 2060 ἄρτων

351 2074 570 2140 κριθίνων
596 2072 649 2124 τὸ
684 2079 1040 2141 περιλελεῖφθαι
1070 2075 1501 2141 προσδοκώμενον;
1546 2076 1657 2126 ἀλλ’
1687 2075 1779 2142 ἔχει
1813 2083 1941 2126 πολ·

352 2154 444 2219 λὴν
470 2156 735 2217 οἰκονομίαν
761 2157 785 2206 ὁ
811 2154 968 2222 λόγος,
996 2158 1071 2207 καὶ
1102 2155 1156 2207 τὸ
1184 2161 1342 2220 θαῦμα
1373 2162 1469 2211 τοῖς
1500 2158 1810 2223 ἀκροωμένοις
1838 2159 1939 2208 δια-

1963 595 1985 633 5

1967 1009 2014 1034 10

1969 1487 2015 1525 15

1967 1929 2016 1954 20

353 2236 499 2306 φανὲς
547 2235 802 2304 ἐργάζεται.
874 2238 1087 2302 τοσαύτη
1137 2238 1230 2305 γάρ
1281 2262 1350 2293 τις
1402 2239 1606 2306 ἐνέργεια
1658 2244 1944 2304 θεοπρεποῦς
1985 2255 1992 2263 ”

352 2319 572 2388 ἐξουσίας
608 2321 714 2386 περὶ
748 2317 802 2370 τὸ
835 2318 1035 2386 πρᾶγμά
1069 2321 1212 2383 ἐστιν,
1241 2323 1302 2375 ὡς
1341 2321 1406 2386 μὴ
1441 2322 1586 2385 μόνον
1620 2323 1670 2372 ἐκ
1699 2321 1834 2372 πέντε
1861 2320 1945 2372 τὸν

288 2414 291 2416 ’
353 2401 554 2467 ἀριθμὸν
579 2401 798 2467 κριθίνων
830 2403 905 2452 καὶ
941 2402 1159 2469 ὀψαρίων
1194 2405 1320 2453 δυοῖν
1352 2405 1500 2466 δῆμον
1532 2404 1652 2454 οὕτω
1688 2425 1941 2469 κατακορε-

353 2486 527 2547 σθῆναι
578 2481 748 2544 πολὺν,
799 2484 909 2534 ἀλλ’
962 2482 1028 2533 ε”τι
1085 2482 1204 2549 πρὸς
1252 2491 1390 2535 τοῦτο
1437 2486 1512 2536 καὶ
1563 2488 1944 2551 συγκομισθῆναι

309 2571 336 2612 b
355 2565 600 2635 λειψάνων
626 2566 847 2634 κοφίνους
871 2565 1064 2616 δώδεκα.
1122 2566 1285 2620 ἄλλως
1319 2589 1368 2617 τε
1405 2570 1481 2617 καὶ
1510 2567 1669 2633 ἑτέραν
1694 2566 1799 2618 τινὰ
1824 2565 1944 2618 κατὰ

353 2647 408 2699 τὸ
447 2646 566 2702 εἰκὸς
603 2647 658 2699 τὸ
697 2653 854 2711 θαῦμα
892 2646 978 2711 τὴν
1014 2646 1236 2699 ὑπόνοιαν
1263 2649 1604 2715 ἀπεκρούσατο,
1633 2653 1692 2717 τῇ
1725 2653 1820 2700 τῶν
1847 2657 1943 2700 λει-

404 2816 433 2838 Ι.
461 2805 559 2848 δηλοῖ
578 2805 620 2839 Β.
802 2816 835 2850 3.
861 2805 1019 2848 μαθητῶν
1038 2804 1114 2838 B.a.
1133 2805 1339 2850 μαθημάτων
1358 2806 1465 2841 Cord.
1487 2807 1552 2841 Ed.
1733 2817 1786 2841 10.
1812 2807 1865 2840 καὶ
1883 2807 1941 2841 alt.

352 2857 575 2896 assumptum
593 2864 634 2886 ex
654 2851 696 2886 B.
916 2862 968 2885 11.
995 2849 1088 2895 ε’ίπερ
1108 2851 1150 2884 Β.
1217 2851 1303 2886 οὕτω
1322 2865 1391 2888 om.
1413 2854 1454 2888 B.
1505 2853 1632 2888 Statim
1649 2855 1719 2889 τοῖς
1737 2865 1799 2898 pro
1817 2855 1875 2897 τῆς
1894 2853 1941 2888 D.

356 2897 408 2931 18.
434 2898 515 2932 αὐτό
536 2898 577 2933 Β.
776 2909 831 2932 21.
858 2898 969 2943 ἄρτων
985 2903 1209 2943 assumptum
1229 2911 1269 2932 ex
1290 2899 1332 2933 B.
1538 2901 1593 2935 28.
1619 2899 1812 2945 λειψάνων]
1831 2900 1942 2934 πολὺν

352 2943 520 2987 λείψανον
538 2944 579 2979 Β.
715 2955 771 2990 29.
797 2944 995 2989 θαυμαστὴν
1012 2956 1075 2989 pro
1093 2945 1131 2979 τὸ
1150 2944 1259 2989 θαῦμα
1277 2946 1337 2989 τὴν
1356 2946 1397 2980 Β.

1965 2335 2015 2374 25

2077 2908 2084 3147 .—‚.r-*..-.„:=.-.—‚„.,„
2080 2885 2081 2888 „
2082 2843 2084 2860 μ
