2084 3317
133 838 202 868 Col.
216 837 249 867 ii.
260 846 296 876 9:

133 882 173 912 cf.
190 881 210 911 i.
228 890 277 920 19.

312 921 339 962 b

137 1329 151 1349 2
167 1321 283 1350 C01·.v.

137 1370 185 1403 17·

315 1596 338 1623 C

134 1735 295 1767 Hebwiii.

137 1789 186 1819 13.

136 2080 151 2100 2
165 2071 240 2101 Cor.
257 2081 286 2100 v.

137 2120 186 2153 17.

359 152 443 190 566
763 153 814 193 Β.
847 151 1125 194 CYRILLI
1166 153 1546 194 ALEXANDR.
1806 152 1861 193 vi.
1880 152 1946 191 68.

362 257 516 328 τάξαι,
541 262 616 311 καὶ
650 260 716 324 μὴ
752 262 800 312 ἐν
826 263 982 323 δυσὶν,
1010 260 1039 326 ἢ
1075 263 1246 328 τρισὶν,
1275 262 1323 311 ἐν
1351 261 1399 312 δὲ
1433 265 1490 329 τῇ
1525 261 1766 329 νουμηνίᾳ,
1795 263 1870 311 καὶ
1897 261 1950 310 οὐ

361 341 507 405 μηνὸς
533 343 700 396 ἁπλῶς
726 349 809 393 τοῦ
835 343 1075 410 τυχόντος,
1102 341 1236 393 ἀλλὰ
1262 348 1346 393 τοῦ
1377 343 1598 408 πρώτους
1641 342 1832 405 πολλὴν
1856 341 1950 407 γὰρ

362 423 508 477 ὅντως
547 424 656 488 ἡμῖν
694 424 753 475 τὰ
794 431 987 476 τοιαῦτα
1032 427 1107 475 καὶ
1152 424 1287 488 μάλα
1331 423 1519 478 εἰκότως
1565 424 1823 488 ἐμποιήσαι
1866 422 1952 486 τὴν

361 505 574 571 ζήτησιν,
616 505 772 570 ἐπειδὴ
823 510 918 556 τῶν
962 507 1215 572 εἰρημένων
1262 511 1363 560 ταῖς
1408 507 1549 559 θείαις
1599 509 1809 572 γραφαῖς
1857 509 1952 555 τῶν

360 589 543 638 εἰκαίων
594 587 742 638 οὐδέν.
818 589 1001 638 οὐκοῦν·
1063 586 1282 655 ἑψόμεθα
1331 587 1426 654 γὰρ
1474 593 1571 641 τοῖς
1619 588 1796 638 ἑαυτῶν
1845 589 1993 652 περὶ5

359 668 540 719 τούτων
578 668 758 733 λόγοις·
809 670 836 733 ἡ
879 670 1170 734 ἀνισταμένη
1209 668 1365 734 σκηνὴ
1403 669 1457 720 τὸ
1496 668 1632 735 ἅγιον
1670 673 1814 732 σῶμα
1851 691 1948 732 ση-

359 751 510 812 μαίνει
554 754 773 816 Χριστοῦ
818 753 908 813 καὶ,
958 751 1033 801 ἵνα
1084 752 1231 804 οὕτως
1276 750 1403 812 ε’ίπω,
1447 750 1534 814 τὴν
1579 751 1826 819 σύμπηξιν
1867 756 1951 801 τοῦ

359 832 513 896 τιμίου
551 831 755 897 σκήνους
793 833 949 895 αὐτοῦ,
991 835 1039 883 ἐν
1078 831 1115 902 ᾧ
1157 831 1393 897 ηὐδόκησε
1437 835 1717 897 κατοικῆσαι
1761 836 1858 883 πᾶν
1896 830 1951 882 τὸ

359 913 599 981 πλήρωμα
625 917 708 978 τῆς
734 913 953 978 θεότητος
979 919 1275 977 σωματικῶς·
1319 915 1609 966 ἀνίστασθαι
1634 913 1782 980 γεμὴν
1807 912 1951 978 αὐτὴν

359 997 408 1046 ἐν
435 996 584 1065 ἡμέρᾳ
619 996 794 1047 κελεύει
829 999 928 1065 μιᾷ,
960 997 1035 1047 καὶ
1071 1002 1210 1048 τοῦτο
1245 995 1302 1060 δὴ
1337 995 1554 1059 μάλιστα
1588 1000 1756 1064 σοφῶς
1791 1018 1841 1046 τε
1875 996 1950 1046 καὶ
1973 1017 2021 1043 10

359 1081 675 1142 οἰκονομικῶς,
712 1078 788 1129 ἵνα
827 1078 903 1129 διὰ
941 1081 1025 1143 τῆς
1063 1083 1171 1141 μιᾶς
1210 1078 1382 1144 ἡμέρας
1420 1078 1503 1129 τὸν
1536 1083 1683 1129 αἰῶνα
1722 1082 1830 1145 νοῇς
1868 1076 1952 1128 τὸν

358 1161 655 1224 ἐνεστηκότα,
678 1161 782 1210 καθ’
811 1159 865 1210 ὃν
891 1162 967 1210 καὶ
994 1159 1140 1222 μόνον
1167 1160 1361 1226 γέγονεν
1387 1160 1651 1225 ἄνθρωπος.
1700 1160 1953 1222 νουμηνίαν

357 1241 508 1308 γεμὴν
534 1243 667 1292 οὐδὲν
694 1242 851 1308 ἕτερον
878 1242 999 1305 ἡμᾶς
1032 1242 1296 1293 ἀκόλουθον
1324 1244 1510 1304 ἐννοεῖν,
1542 1241 1568 1306 ἢ
1596 1241 1682 1305 τὴν
1708 1243 1949 1292 ἀνακαινί-

358 1322 536 1388 ζουσαν
581 1324 702 1387 ἡμᾶς
747 1329 830 1375 τοῦ
877 1326 1099 1388 Σωτῆρος
1144 1324 1405 1388 ἐπιδημίαν,
1452 1324 1560 1374 καθ’
1608 1323 1666 1388 ἣν
1711 1331 1739 1353 “
1765 1322 1824 1374 τὰ
1869 1322 1954 1386 μὲν

358 1412 386 1436 “
412 1407 586 1473 ἀρχαῖα
626 1408 858 1471 παρῆλθε,
897 1404 1063 1471 γέγονε
1103 1405 1152 1456 δὲ
1190 1404 1250 1456 τὰ
1287 1404 1444 1457 πάντα
1482 1404 1663 1457 καινά.”
1721 1405 1821 1459 νέος
1858 1404 1952 1471 γὰρ
1975 1423 2021 1461 15

358 1488 468 1552 ἡμῖν
501 1488 745 1555 ἀνεδείχθη
782 1486 941 1553 καιρὸς
979 1489 1028 1538 ἐν
1054 1491 1270 1557 Χριστῷ,
1296 1487 1382 1552 τὴν
1415 1488 1502 1552 μὲν
1532 1488 1834 1552 παλαιότητα
1871 1491 1954 1551 τῆς

359 1573 551 1634 νομικῆς
577 1571 798 1637 λατρείας
823 1571 1158 1639 ἐξωθούμενος,
1185 1574 1247 1625 εἰς
1283 1569 1388 1621 νέαν
1413 1569 1462 1621 δὲ
1497 1572 1572 1621 καὶ
1611 1568 1773 1633 καινὴν
1800 1571 1948 1637 ἀναῤ-

356 1652 591 1720 ῥυθμίζων
617 1652 738 1719 ζωὴν
765 1651 841 1703 διὰ
874 1657 969 1703 τῶν
995 1653 1317 1718 εὐαγγελικῶν
1343 1651 1687 1716 παιδευμάτων,
1712 1651 1952 1702 ἀλλὰκαὶ

357 1734 466 1790 τοὺς
490 1735 910 1797 πεπαλαιωμένους
943 1735 1000 1804 ἐξ
1031 1735 1261 1800 ἁμαρτίας
1288 1737 1364 1785 καὶ
1391 1737 1670 1803 ἀφανισμοῦ
1697 1736 1953 1800 γεγονότας

356 1816 497 1884 ἐγγὺς
522 1817 826 1883 ἀνακαινίζων
852 1821 915 1870 εὶς
942 1816 1241 1881 δικαιοσύνης
1269 1816 1436 1884 ἀρχὴν,
1457 1819 1534 1867 καὶ
1560 1815 1646 1880 τὴν
1665 1815 1752 1879 μὲν
1777 1824 1951 1867 παλαι-
1973 1837 2023 1862 20

356 1899 502 1964 ότητα
527 1897 778 1950 καταλύων
804 1901 887 1962 τῆς
921 1897 1204 1949 ἐπεισάκτου
1241 1902 1438 1967 φθορᾶς,
1463 1902 1521 1966 τῇ
1555 1897 1605 1948 δὲ
1638 1901 1722 1962 τῆς
1756 1899 1949 1966 ἀφθαρ-

355 1982 466 2036 σίας
504 1980 742 2045 καινότητι
781 1979 1174 2048 καταφαιδρύνων
1212 1979 1320 2034 τοὺς
1359 1980 1436 2030 διὰ
1474 1981 1683 2034 πίστεως
1726 1983 1787 2033 εἰς
1832 1978 1953 2046 ζωὴν

356 2063 712 2130 ἀναδραμόντας
749 2061 834 2126 τὴν
870 2061 1074 2112 αἰώνιον·
1129 2068 1156 2091 “
1177 2061 1220 2112 εἴ
1253 2084 1323 2115 τις
1361 2060 1455 2128 γὰρ
1493 2062 1542 2112 ἐν
1569 2065 1784 2131 Χριστῷ,
1817 2060 1951 2126 καινὴ

359 2152 386 2175 “
411 2146 605 2208 κτίσις,”
635 2143 754 2195 κατὰ
779 2143 833 2195 τὸ
859 2142 1201 2210 γεγραμμένον.

435 2229 567 2292 Μηνὶ
617 2226 666 2277 δὲ
721 2231 788 2296 τῷ
847 2225 1034 2295 πρώτῳ,
1087 2224 1174 2290 τὴν
1225 2225 1355 2276 θείαν
1405 2227 1668 2292 ἐγείρεσθαι
1718 2223 1950 2277 διατάττει
1973 2245 2022 2283 25

311 2309 555 2375 (Ισκηνὴν,
583 2310 659 2361 ὅτε
694 2312 777 2373 τῆς
810 2311 988 2375 τροπῆς
1023 2311 1106 2372 τῆς
1141 2310 1323 2374 ἐαρινῆς
1359 2308 1630 2370 ἀναλάμπει
1663 2305 1717 2358 τὸ
1749 2306 1948 2369 κάλλος,

358 2392 718 2461 ἁπονιψοῖμενον
744 2389 908 2456 ὥσπερ
943 2395 1026 2440 τοῦ
1063 2394 1291 2457 χειμῶνος
1317 2389 1402 2454 τὴν
1429 2389 1702 2458 κατήφειαν,
1730 2389 1946 2441 ὑποθάλ-

356 2499 493 2528 πεται
520 2475 568 2525 δὲ
594 2478 821 2538 μαλακῶς
848 2471 1194 2539 λαμπροτέροις
1220 2471 1310 2537 ἤδη
1338 2474 1415 2523 καὶ
1447 2471 1790 2538 καθαρωτέροις
1823 2472 1851 2535 ἡ
1887 2475 1949 2537 γῆ

404 2610 438 2644 3.
465 2597 634 2642 ἐμποιήσῃ
654 2597 697 2632 Β.
841 2608 874 2638 4.
902 2595 1007 2630 θείαις
1025 2599 1251 2638 assumptum
1269 2606 1309 2628 ex
1330 2595 1372 2629 B.
1440 2600 1507 2630 τῶν
1525 2595 1657 2630 εἶκαίων
1676 2594 1719 2629 Β.
1737 2594 1862 2629 εἰκαῖον
1880 2593 1948 2629 Ed.

356 2656 390 2689 5.
417 2646 584 2691 ὀψώμεθα
606 2644 646 2678 Β.
728 2645 846 2689 λόγοις
863 2643 941 2686 περὶ
958 2640 1085 2676 τούτων
1103 2640 1242 2674 inverso
1262 2642 1384 2676 ordine
1403 2642 1446 2676 Β.
1618 2641 1638 2675 6
1657 2648 1690 2676 et
1709 2652 1822 2685 11-14
1840 2648 1873 2675 et
1892 2641 1948 2681 26,

358 2703 400 2738 27
420 2693 549 2737 partim
567 2692 649 2725 citat
668 2689 825 2735 Nikeph.
844 2689 865 2723 i.
886 2701 966 2734 949.
1095 2687 1127 2721 6.
1155 2688 1328 2734 σημαίνει]
1354 2693 1390 2729 -Ι-
1412 2692 1472 2723 τοῦ
1492 2688 1647 2733 Nikeph.
1776 2688 1809 2723 8.
1835 2703 1947 2722 κατοι-

356 2742 458 2782 κῆσαι
475 2751 546 2773 om.
569 2739 612 2772 D.
722 2750 754 2782 9.
782 2736 884 2780 αὐτὴν
901 2742 1124 2779 assumptum
1143 2746 1184 2768 ex
1204 2734 1246 2768 B.
1364 2747 1415 2771 10.
1444 2738 1568 2781 σαφῶς
1588 2736 1629 2769 Β.
1744 2746 1796 2768 Π.
1824 2734 1948 2779 νοήσῃς

356 2788 415 2820 τὸν
432 2787 599 2829 ἑστηκότα
620 2784 660 2818 Β.
680 2786 765 2818 νοεῖς
783 2784 841 2817 τὸν
858 2783 1067 2826 ἀνεστηκότα
1087 2780 1243 2825 Nikeph.
1417 2794 1470 2827 13.
1496 2783 1602 2828 γεμὴν
1622 2782 1717 2817 B.D.
1735 2782 1771 2815 δέ
1790 2781 1946 2826 Nikeph.

358 2833 424 2867 Ed.
505 2831 589 2876 ἡμᾶς
606 2837 829 2875 assumptum
848 2842 888 2863 ex
910 2829 951 2863 B.
1193 2838 1244 2872 19.
1272 2828 1587 2875 πεπαλαιωμένους]
1607 2828 1884 2872 πεπλανημένους
1903 2828 1945 2862 Β.

1775 2883 1845 2904 μῑως

357 2923 410 2956 25.
437 2915 483 2958 τῷ
502 2924 572 2946 om.
595 2911 634 2945 B.
768 2919 823 2954 27.
850 2911 908 2943 τοῦ
927 2910 1046 2951 νοητοῦ
1064 2911 1228 2952 χειμῶνος
1248 2908 1403 2953 Nikcph.
1539 2909 1593 2942 28.
1619 2910 1943 2952 μάλακωσλαμπρο-

355 2960 464 3004 τέροις
481 2959 580 3005 quasi
598 2958 748 3003 corrigat
765 2959 856 3001 μάλα
874 2956 1022 3000 κοσμίως
1041 2955 1289 3000 λαμπροτέροις
1311 2955 1351 2990 B.
1418 2955 1435 2998 ἡ
1456 2957 1496 3001 γῆ
1517 2955 1623 2998 ἡλίοις
1641 2955 1708 2990 hoc
1726 2953 1848 2989 ordine
1868 2954 1910 2989 B.
