2084 3317
131 163 185 205 iv.
207 177 300 219 7—9.
363 164 436 204 IN
479 163 520 203 S.
554 161 888 203 JOANNEM.
952 160 1074 201 LIB.
1110 160 1169 201 II.
1231 159 1364 199 CAP.
1399 159 1477 198 lv,
1635 158 1717 196 267

129 274 258 337 ἡμεῖς
294 271 602 336 μανθάνωμεν
632 269 749 334 μηδὲ
783 271 830 320 ἐν
864 274 960 324 τοῖς
998 268 1268 336 ἐλαχίστοις
1307 269 1592 333 ἀδιαφορεῖν,
1620 286 1716 314 πει-

128 359 304 420 ρᾶσθαι
350 355 398 405 δὲ
443 358 633 417 μᾶλλον
678 355 753 402 καὶ
799 351 885 416 τὴν
930 354 978 403 ἐν
1022 357 1117 405 τοῖς
1168 355 1395 418 τυχοῦσιν
1438 347 1718 411 ἐπιτηδεύειν

128 435 368 500 ἀλήθειαν.

122 582 323 640 Ἔρχεται
369 583 465 628 rum}
511 584 558 624 ὲκ
600 587 676 625 τιῖε
720 583 964 639 Σαμαρείας
1007 583 1216 623 ἀντλιῖισαι
1258 581 1388 637 ὕδωρ.
1452 580 1563 626 ΛὲΓει
1607 578 1756 635 αὐτῇ7

86 678 108 715 5
195 667 217 709 ὁ
238 665 405 709 ἸΗσοῦε
431 668 516 711 Δός
541 683 612 716 μοι
639 665 762 708 Πιεῖν.
812 666 849 707 οἱ
882 667 958 722 scip
990 666 1176 714 μαθΗταὶ
1209 665 1338 705 αὐτοῦ
1372 663 1714 705 ἀπελΗλύθεισαν
1737 663 1758 697 8

195 747 255 790 εἰς
292 750 369 791 τήν
402 751 527 792 Πόλιν
559 751 626 792 ἵνα
667 750 833 807 τροφὰς
867 750 1125 805 ἀτοραοωσι.
1183 750 1295 795 λέΓει
1334 747 1450 800 αὐτῷ
1489 747 1511 787 ἡ
1552 746 1650 793 Γυνὴ
1691 745 1758 786 ῥι9

196 831 468 889 Σαμαρεῖτις.
1736 839 1758 865 0

203 942 308 991 Οὐκ
335 940 492 1006 ἠγνόει
519 947 602 992 τοῦ
633 941 826 1007 γυναίου
856 939 941 1004 τὴν
969 940 1133 1008 ἄφιξιν
1158 941 1182 990 ὁ
1210 939 1392 1003 Σωτήρ.
1450 939 1497 989 εὖ
1533 937 1625 1003 γὰρ
1661 937 1718 1000 δὴ

129 1024 203 1073 καὶ
254 1023 364 1073 λιάν
413 1023 650 1088 ἠπίστατο
702 1022 824 1077 Θεὸς
877 1020 1102 1089 ὑπάρχων
1153 1020 1390 1085 ἀληθινὸς,
1441 1022 1504 1074 ὡς
1555 1019 1719 1070 αὐτίκα

63 1133 110 1158 10
128 1105 362 1170 παρέσται
400 1104 592 1174 ψυχρὸν
627 1104 721 1157 ἀπὸ
761 1104 932 1171 κρήνης
973 1104 1241 1170 ἀρυσομένη
1279 1101 1334 1153 τὸ
1374 1106 1514 1165 νᾶμα·
1564 1101 1719 1165 ἐπειδὴ

129 1186 177 1237 δὲ
214 1187 302 1251 ἤδη
338 1190 507 1253 παρῆν,
535 1187 648 1238 ε’ίσω
674 1186 867 1254 βρόχων
893 1189 1089 1238 ἐποιεῖτο
1116 1185 1170 1236 τὸ
1197 1184 1400 1251 θήραμα,
1428 1183 1503 1235 καὶ
1529 1184 1611 1234 τὸν
1638 1187 1721 1247 τῆς

130 1270 440 1323 διδασκαλίας
491 1270 599 1320 εὐθὺ
649 1270 932 1320 κατατείνων
981 1267 1144 1334 λόγον,
1197 1267 1290 1319 ἀπὸ
1340 1271 1434 1318 τῶν
1485 1268 1532 1317 ἐν
1583 1268 1721 1334 χερσὶ

129 1351 424 1416 πραγμάτων
462 1354 657 1403 ἐποιεῖτο
695 1351 780 1416 τὴν
819 1350 1044 1420 διάλεξιν.

205 1431 276 1484 Τὸ
335 1433 420 1496 μὲν
471 1435 551 1484 οὖν
601 1431 873 1497 μηδαμόθεν
924 1435 1094 1500 χρῆναι
1146 1429 1574 1493 καταμολύνεσθαι,
1624 1435 1721 1483 τοῖς

63 1513 370 1571 Ι5Ἰουδαιόις
423 1517 446 1566 ὁ
501 1515 640 1580 νόμος
692 1514 1082 1582 ἐπραγματεύετο·
1149 1512 1225 1563 διά
1268 1535 1317 1562 τε
1363 1518 1502 1562 τοῦτο
1544 1511 1720 1565 παντὸς·
1783 1514 1863 1588 {mu
1880 1525 1910 1545 v.

130 1598 389 1665 ἀναχωρεῖν
425 1596 691 1664 ἀκαθάρτου
730 1597 946 1648 διετύπου
984 1596 1275 1663 πράγματος,
1310 1595 1385 1645 καὶ
1420 1593 1535 1658 μήτε
1573 1597 1767 1644 ἀλλο-(1

130 1680 316 1744 γενέσιν
355 1679 383 1744 ἢ
430 1680 759 1745 ἀπεριτμήτοις
804 1677 1167 1744 ἀναμιγνύσθαι.
1239 1681 1281 1727 οἱ
1326 1676 1374 1727 δὲ
1413 1680 1476 1730 εἷς
1513 1676 1641 1727 πολύ
1679 1699 1722 1726 τι

130 1762 278 1811 πλέον
306 1762 617 1829 ἀναφέροντες
645 1765 726 1825 τῆς
754 1763 947 1824 ἐντολῆς
975 1760 1060 1824 τὴν
1088 1760 1298 1822 δύναμιν,
1321 1761 1395 1810 καὶ
1421 1757 1724 1811 εἶκαιοτάταις

130 1847 321 1917 μᾶλλον
373 1843 723 1910 ἐπιτηρήσεσιν,
778 1842 806 1908 ἦ
857 1848 959 1896 ταῖς
1008 1842 1261 1910 ἀκριβείαις
1311 1846 1406 1891 τῶν
1455 1840 1726 1906 λεγομένων

63 1948 113 1973 20
133 1925 556 1991 ἀκολουθήσαντες,
593 1927 691 1976 οὐδ’
735 1925 853 1976 ὅσον
893 1926 1136 1990 ἀποθίγειν
1174 1926 1256 1987 τῆς
1294 1927 1388 1974 τῶν
1428 1922 1725 1990 ἀλλοφύλων

131 2007 310 2073 σαρκὸς
349 2010 725 2071 ἀποτολμῶντες,
762 2007 954 2071 ἁπάσης
993 2005 1042 2056 δὲ
1082 2006 1196 2057 ε’ίσω
1235 2010 1399 2057 πεσεῖν
1431 2005 1725 2070 ἀκαθαρσίας

131 2088 351 2155 ἐνόμιζον,
378 2094 414 2141 εἰ
442 2090 561 2141 κατά
587 2113 630 2140 τι
656 2095 772 2155 γοῦν
800 2091 986 2159 ὀφθεῖεν
1014 2088 1139 2141 ὅλως
1167 2089 1478 2153 Σαμαρείταις
1508 2087 1718 2151 συμβαί-

132 2194 302 2225 νοντες.
360 2177 423 2226 εἷς
461 2178 691 2223 τοσοῦτον
731 2172 777 2222 δὲ
817 2173 971 2225 αὐτοῖς
1011 2170 1069 2222 τὰ
1107 2173 1189 2234 τῆς
1228 2168 1525 2222 διαστάσεως
1562 2169 1723 2236 ἐχώρει

133 2253 315 2315 λοιπὸν,
344 2257 405 2308 ὡς
433 2257 509 2305 καὶ
536 2256 704 2308 ὕδατος
730 2256 805 2304 καὶ
842 2257 1025 2322 τροφῆς
1060 2252 1379 2317 ἀπογεύεσθαι
1415 2256 1609 2318 ναρκᾶν,
1640 2254 1759 2315 τῆςο

66 2350 113 2388 25
134 2335 208 2386 διὰ
236 2336 386 2404 χειρὸς
412 2336 711 2404 ἀλλοφύλων
737 2335 1183 2403 προσκομιζομένης.
1230 2335 1306 2385 ἵνα
1331 2334 1485 2385 τοίνυν
1512 2334 1722 2402 ξενοφω-

135 2416 260 2486 νήσῃ
310 2419 364 2469 τὸ
415 2419 621 2484 γύναιον,
672 2420 747 2468 καὶ
798 2416 852 2469 τὸ
904 2417 1136 2481 ἀσύνηθες
1187 2417 1314 2484 αὐτῷ
1366 2416 1549 2482 καλέσῃ
1605 2414 1724 2480 πρὸς

134 2498 342 2565 ζήτησιν,
369 2501 437 2552 τίς
471 2499 555 2562 μὲν
591 2500 672 2564 ε’ίη,
708 2501 783 2550 καὶ
817 2499 1026 2563 πόθεν,ἦ
1067 2502 1141 2550 καὶ
1176 2498 1302 2551 ὅπως
1338 2503 1432 2548 τῶν
1457 2498 1724 2547 Ἰουδαϊκῶν

135 2580 489 2648 κατεφρόνησεν
515 2583 646 2632 ἐθῶν·
688 2584 809 2633 οὕτω
845 2605 895 2632 τε
931 2580 1100 2632 λοιπὸν
1128 2582 1152 2631 ὁ
1179 2579 1324 2646 λόγος
1350 2580 1423 2631 ἐπὶ
1450 2578 1532 2630 τὸν
1559 2582 1725 2629 οἰκεῖον

187 2749 216 2772 1.
241 2738 398 2782 μάθωμεν
416 2750 447 2772 a.
591 2750 623 2783 9.
649 2737 826 2784 ὑπάρχων]
847 2740 892 2772 ὢν
912 2739 952 2781 Β,
972 2737 1032 2772 sed
1050 2738 1212 2782 ὑπάρχων
1231 2737 1259 2770 Β
1280 2748 1351 2781 mg.
1416 2734 1550 2780 αὐτίκα]
1570 2735 1651 2779 αὐτῇ
1671 2735 1725 2768 καὶ

137 2785 217 2829 (sic)
238 2785 279 2818 B.
365 2795 417 2818 10.
436 2785 584 2829 ψυχρῶν
604 2785 649 2819 D.
708 2786 899 2829 ἀρυσομένη
921 2786 962 2820 Β.
982 2785 1168 2829 ἀρρυομένη
1187 2784 1234 2818 D.
1252 2783 1416 2827 ἀρυομένη
1437 2781 1502 2815 Ed.
1590 2794 1641 2816 11.
1663 2782 1724 2825 ἤδη

137 2837 359 2875 assumptum
377 2842 417 2864 ex
438 2831 480 2864 Β.
667 2843 717 2874 15.
748 2833 854 2866 διάτοι
870 2832 992 2866 τούτου
1013 2832 1054 2865 Β.
1243 2840 1294 2874 17.
1320 2828 1566 2873 ἆναμιγνύσθαι
1586 2828 1627 2862 Β.
1646 2829 1725 2862 ἀνα-

137 2878 325 2923 μίσγεσθαι
344 2877 410 2911 Ed.
482 2891 485 2893 ·
519 2878 565 2913 εἷς
581 2877 670 2912 πολύ
689 2893 720 2912 τι
737 2878 843 2913 πλέον
859 2878 1086 2923 ἀναφέροντες
1105 2877 1146 2911 Β.
1167 2878 1210 2912 ὡς
1226 2876 1333 2910 πλέον
1349 2891 1380 2909 τι
1397 2876 1640 2918 πλεονάζοντες
1658 2875 1725 2909 Ed.

139 2935 194 2960 20.
220 2923 411 2969 ἀποθίγειν]
432 2924 624 2969 ἀποφυγεῖν
642 2925 685 2958 Β.
815 2937 870 2959 21.
895 2925 1100 2968 ἀποτόλμων
1118 2924 1198 2966 (Sic)
1219 2923 1260 2957 Β.
1326 2923 1362 2956 δέ
1381 2928 1602 2967 assumptum
1621 2934 1663 2956 ex
1684 2921 1725 2956 B.

139 2971 194 3005 26.
220 2972 328 3006 αὐτῶν
348 2971 389 3004 Β.
536 2972 589 3005 28.
618 2971 672 3005 ἐπὶ
690 2973 747 3006 τὸν
765 2972 885 3006 οἰκεῖον
903 2978 982 3016 post
999 2971 1131 3013 βαδίζοι
1149 2977 1191 3004 tr.
1215 2969 1255 3004 B.

861 3039 1003 3067 Mmz
