2084 3317
141 163 196 204 vi.
217 173 368 216 70,71.
416 163 489 204 IN
531 163 573 203 S.
608 161 941 203 JOANNEM.
1003 160 1127 200 LIB.
1162 159 1239 199 IV.
1303 159 1436 199 CAP.
1471 159 1548 199 IV.
1642 160 1724 199 577

141 272 359 338 χρίεσθαι
384 275 442 338 τῇ
473 273 556 335 τῆς
590 269 950 338 ἀνθρωπότητος
984 268 1304 334 περιθήσομεν
1335 268 1480 336 χρείᾳ,
1511 264 1724 331 Χριστὸς

140 352 200 403 ἂν
231 358 382 404 νοοῖτο
416 351 524 404 καθ’
553 353 780 417 ὁμοίωσιν
812 351 898 416 τὴν
930 354 992 406 ὡς
1029 349 1148 417 πρὸς
1185 350 1322 414 ἡμᾶς,
1349 350 1423 399 καὶ
1458 349 1545 416 οὐχ
1579 350 1725 401 οὕτως

141 432 303 501 ὥσπερ
338 436 439 486 ἐστὶ
476 436 551 486 καὶ
583 433 712 497 Υἱὸς,
742 433 873 499 πλὴν
908 433 971 488 εἷς
1010 435 1084 484 καὶ
1124 431 1267 496 μόνος
1305 435 1521 499 φυσικῶς
1560 452 1611 480 τε
1649 431 1725 480 καὶ
1745 455 1765 481 e

140 515 399 584 ἐξαιρέτως,
438 519 514 568 καὶ
551 516 645 583 πρὸ
684 515 863 583 σαρκὸς
902 517 978 567 καὶ
1014 515 1132 580 μετὰ
1171 513 1363 580 σαρκὸς,
1404 514 1480 564 καὶ
1522 513 1575 563 οὐ
1621 511 1723 574 δύο,

98 611 120 650 5
142 597 352 665 καθάπερ
389 599 567 650 οἴονταί
595 621 727 661 τινες,
755 600 808 649 οὐ
847 603 1074 660 νοοῦντες,
1101 599 1163 650 ὡς
1195 595 1323 657 ἔοικε,
1350 600 1433 646 τοῦ
1467 594 1730 659 μυστηρίου

141 679 196 731 τὸ
221 680 388 741 βάθος.
444 682 498 732 οὐ
530 680 624 780 γὰρ
651 684 714 735 εὶς
741 680 991 747 ἄνθρωπον
1018 680 1042 730 ὁ
1070 681 1119 730 ἐκ
1147 682 1272 730 Θεοῦ
1301 676 1494 744 Πατρὸς
1520 698 1723 727 καταπε-

142 763 336 855 φοιτηκε
365 762 543 828 Λόγος,
573 762 737 829 ὥσπερ
771 763 843 831 ἐφ’
872 762 952 813 ἕνα
985 760 1129 829 τυχὸν
1158 765 1253 811 τῶν
1289 761 1437 825 ἁγίων
1470 762 1731 827 προφητῶν

141 845 170 908 ἡ
209 845 286 895 διὰ
322 845 597 908 Πνευματος
635 843 785 912 χάρις,
824 844 934 893 ἀλλ’
972 865 1112 896 αυτος
1149 843 1248 893 κατ’
1288 840 1511 905 ἀλήθειαν
1550 839 1731 906 ἐγένετο
1792 849 1901 924 {ulma

142 927 286 996 σὰρξ,
318 950 438 978 κατα
475 926 529 978 τὸ
567 948 904 992 γεγραμμενον,
938 925 1185 1024 ἄνθρωπος
1221 922 1420 988 δηλαδή.
1474 922 1732 988 ἀδιαίρετος
1851 905 1868 931 4

75 1027 123 1053 10
142 1014 392 1076 τοιγαροῦν
418 1031 535 1073 μετα
559 1007 644 1072 τὴν
671 1008 856 1065 ἕνωσιν,
885 1030 960 1057 και
988 1008 1071 1057 οὐκ
1097 1029 1159 1060 εις
1191 1005 1274 1056 δυο
1309 1004 1550 1072 πρόσωπα
1582 1027 1728 1055 κατα-

143 1091 365 1161 σχίζεται,
393 1089 479 1142 κᾶν
503 1088 660 1156 ετερόν
686 1112 730 1140 τι
767 1093 946 1152 νοῶμεν
978 1112 1061 1139 τον
1093 1089 1143 1139 ἐκ
1180 1091 1306 1139 Θεοῦ
1334 1086 1509 1153 Λόγον,
1536 1088 1612 1137 καὶ
1646 1085 1733 1150 τὴν

143 1174 192 1224 ἐν
215 1171 245 1241 ῂ
281 1172 518 1241 κατῴκηκε
554 1171 730 1239 σάρκα·
773 1171 890 1222 ὅλου
928 1170 976 1222 δὲ
1014 1176 1097 1221 τοῦ
1136 1175 1281 1237 χοροῦ
1318 1174 1413 1221 τῶν
1444 1169 1590 1235 ἁγίων
1616 1170 1734 1220 ἀπο-

143 1253 338 1306 στόλων
370 1253 456 1318 τὴν
486 1256 560 1306 ἐπι
597 1253 778 1308 τούτοις
816 1254 926 1318 ἡμῖν
961 1255 1341 1313 διαβεβαιοῦντος
1381 1275 1558 1314 πιστιν,
1586 1251 1641 1302 δι’
1670 1249 1773 1302 ῶνα
1803 1262 1960 1298 394A.

144 1337 384 1403 ἐγνωκέναι
423 1339 547 1404 φασὶ
585 1339 860 1401 μοναδικῶς,
896 1337 958 1389 ὡς
994 1334 1133 1388 αὐτός
1165 1336 1296 1385 ἐστιν
1324 1340 1341 1386 ὁ
1371 1332 1553 1404 Χριστός
1589 1340 1607 1386 ὁ
1637 1336 1735 1390 Υἱὶς

78 1440 126 1479 15
146 1421 217 1470 τοῦ
262 1421 387 1482 Θεοῦ,
431 1418 538 1473 τοῦς
590 1417 747 1485 ἕτερόν
791 1440 836 1469 τι
879 1416 1000 1485 πρὸς
1044 1416 1226 1470 τούτοις
1273 1418 1641 1480 ἐπικαινοτομεΐν
1684 1416 1742 1485 ἐξ

145 1501 303 1555 ἀνοίας
342 1503 396 1552 οὐ
434 1500 846 1568 παραιτουμένους,
882 1504 919 1551 εὶ
958 1500 1246 1568 φρονοίημεν
1285 1500 1449 1565 ὀρθῶς,
1486 1500 1539 1550 οὐ
1576 1522 1733 1566 παρα-

146 1582 388 1652 δεξόμεθα.

140 1728 376 1785 ἈπεκρίΘΗ
416 1726 561 1770 αὐτοῖς
599 1730 621 1771 ὁ
653 1729 822 1771 ἸΗσοῦο
855 1728 943 1769 Οὐκ
980 1727 1065 1775 &sch
1102 1728 1211 1776 ὑμᾶς
1248 1726 1346 1767 τοὺς
1385 1726 1556 1768 δώδεκα
1593 1726 1732 1770 ὲΞελε-
1756 1735 1805 1773 70

217 1812 365 1862 ΕάμΗν,
394 1811 462 1852 καὶ
496 1813 540 1854 ἐξ
576 1812 694 1860 ὑμῶν
721 1808 783 1852 εἷς
819 1810 1018 1861 διάβολός
1052 1810 1194 1862 ἐστιν,
1237 1810 1358 1857 ἕλει-ε
1393 1809 1439 1851 δὲ
1473 1810 1736 1852 τὸνἸούὸαν
1758 1817 1803 1856 71

78 1905 128 1929 20
215 1894 412 1943 Σίμωνος
443 1894 737 1952 Ἰσκαριώτι-ιν·
782 1892 907 1936 οὗτος
947 1894 1024 1951 Γὰρ
1062 1893 1242 1943 ἔμελλεν
1274 1893 1403 1935 αὐτὸν
1436 1892 1738 1949 Παραὸιὸόναι,

215 1974 276 2019 εἷο
313 1977 374 2019 ὢν
411 1978 458 2019 ἐκ
494 1979 580 2020 τῶν
620 1977 804 2019 δώδεκα.
1756 1975 1782 2015 b

220 2089 470 2139 Ἐπιτείνει
515 2087 598 2139 τὸν
640 2087 857 2156 ἐ’λεγχον,
903 2088 978 2137 καὶ
1031 2086 1321 2153 δριμυτέροις
1372 2084 1539 2139 αὐτοὺς
1591 2108 1737 2136 κατα-

148 2170 350 2238 σφίγγει
389 2168 568 2236 λόγοις,
600 2169 654 2220 τὸ
693 2175 870 2237 χαῦνον
900 2171 976 2220 καὶ
1015 2168 1254 2232 ἀνειμένον
1288 2172 1351 2222 εἷς
1389 2168 1619 2236 ῥᾳθυμίας
1658 2167 1741 2221 τὰς

149 2254 223 2304 ἐπὶ
262 2256 329 2322 τῷ
368 2256 646 2321 σοφοῦσθαι
685 2250 842 2302 θέλειν
877 2249 1264 2314 ὑποτεμνόμενος·
1320 2250 1533 2300 τοιοῦτόν
1566 2273 1610 2301 τι
1648 2249 1743 2316 γὰρ

81 2353 130 2392 25
150 2336 400 2401 μονονουχὶ
434 2334 590 2399 λέγων
622 2334 785 2400 ὁρᾶται
820 2332 1047 2402 Νήψεως,
1073 2330 1110 2382 ῶ
1143 2334 1364 2396 μαθηταὶ,
1392 2333 1468 2382 καὶ
1504 2335 1691 2400 φρενῶν
1718 2333 1742 2381 ὁ

151 2415 310 2482 καιρὸς
351 2417 426 2467 καὶ
470 2414 702 2466 συντόνου
747 2414 949 2468 διανοίας
994 2418 1055 2468 εἷς
1099 2413 1153 2465 τὸ
1200 2412 1518 2479 διασώζεσθαι
1568 2412 1737 2464 θέλειν.

151 2497 504 2563 ὀλισθηροτοὶτη
536 2496 629 2563 γὰρ
656 2497 765 2547 λίαν
792 2498 820 2561 ἡ
846 2499 929 2561 τῆς
955 2496 1193 2549 ἀπωλείας
1220 2495 1338 2558 ὁδὸς,
1367 2496 1421 2546 οὐ
1454 2494 1537 2546 τὸν
1564 2497 1743 2558 ἀσθενῆ

151 2578 297 2644 μόνον
325 2579 636 2645 ὑποσύρουσα
661 2583 784 2642 νοῦν,
805 2577 937 2629 ἀλλὰ
963 2580 1038 2629 καὶ
1066 2577 1149 2629 τὸν
1168 2578 1256 2642 ἤδη
1284 2580 1511 2628 δοκοῦντα
1537 2577 1743 2637 βεβαίως

204 2748 234 2772 1.
260 2736 421 2782 χρίεσθαι
440 2736 482 2770 Β.
502 2736 682 2782 κεχρίσθαι
700 2735 768 2771 Ed.
834 2735 961 2770 Statim
979 2738 1018 2780 τῇ
1037 2737 1094 2780 τῆς
1111 2735 1371 2780 ἀνθρωπότητος
1391 2733 1431 2767 Β.
1451 2734 1490 2776 τῇ
1510 2732 1743 2777 ἀνθρωπότητι

154 2784 221 2818 Ed.
330 2795 361 2818 2.
388 2782 494 2818 οὕτως
511 2795 581 2817 om.
602 2783 644 2817 Β.
753 2792 784 2818 '·'.
758 2782 885 2829 εφ’]
905 2783 952 2818 εἷς
973 2783 1015 2817 Β.
1112 2783 1144 2816 8.
1171 2782 1252 2815 αυτὸ
1274 2781 1315 2814 B.
1426 2791 1479 2814 12.
1506 2779 1678 2825 κατῴκησε
1700 2780 1742 2814 Β.

153 2830 237 2865 ὅλου
254 2830 294 2864 Β.
299 2830 346 2864 D.
362 2830 445 2864 ὅλον
459 2829 526 2864 Ed.
602 2840 654 2874 13.
674 2829 752 2873 ἡμῖν
769 2842 839 2864 om.
855 2830 898 2864 B.
949 2829 1074 2863 Statim
1093 2829 1369 2869 διαβεβαιοῦντος
1384 2827 1426 2860 Β.
1439 2828 1661 2867 βεβαιοῦντος
1675 2826 1743 2860 Ed.

156 2888 210 2920 14.
237 2879 255 2911 ὁ
273 2878 423 2921 Χριστός
441 2877 537 2911 ἐστιν
553 2876 613 2910 inv
608 2887 692 2956 2erso
710 2876 832 2910 ordine
852 2876 893 2911 Β.
912 2878 930 2910 ὁ
948 2877 1099 2920 Χριστὸς
1116 2887 1187 2908 om.
1206 2875 1284 2918 Mig
1288 2886 1341 2908 ne.
1492 2875 1543 2908 16.
1570 2874 1745 2917 φρονόμεν

153 2925 207 2967 (·-=
226 2926 406 2968 φρονῶμεν
418 2926 446 2967 ?)
467 2923 509 2956 Β.
690 2925 836 2967 ημελλεν
856 2923 903 2958 D.
1002 2934 1056 2964 24.
1084 2936 1115 2955 τι
1133 2935 1198 2966 γαρ
1217 2887 1284 2955 hogc
1304 2919 1426 2954 ordine
1447 2920 1488 2954 B.
1592 2920 1646 2954 26.
1673 2920 1744 2953 δια-

153 2971 326 3013 σώζεσθαι
347 2970 388 3003 Β.
408 2969 580 3012 σώζεσθαι
600 2933 708 3003 Εᾶ.η

210 3038 303 3066 VOL.
327 3038 356 3065 1.
926 3038 953 3075 4
975 3037 999 3063 E
