2084 3317
353 146 437 187 612
754 146 804 186 B.
836 143 1111 186 CYRILLI
1152 142 1532 184 ALEXANDR.
1783 141 1856 184 vii.
1876 154 1941 186 22.

356 254 634 320 τολμήμασι
686 254 984 320 κατακρίνετε
1035 253 1118 304 τὸν
1168 250 1516 318 μεγαλουργὸν,
1563 253 1639 302 καὶ
1688 254 1751 304 εἰς
1799 250 1949 316 μόνην

358 337 559 403 ὁρῶντες
610 335 696 401 τὴν
739 341 824 388 τοῦ
869 333 1128 396 σαββάτου
1171 333 1323 398 τιμὴν,
1369 334 1424 384 οὐ
1470 337 1537 403 τῷ
1585 330 1844 402 παραδόξῳ
1893 331 1949 384 τὸ

357 424 516 482 θαῦμα
550 417 820 486 χαρίζεσθε·
876 423 1015 468 τοῦτο
1049 416 1144 483 γὰρ
1178 414 1236 480 ἧν
1265 414 1412 469 ὅντως
1446 414 1501 466 τὸ
1538 414 1946 481 πρεπωδέστερον·

357 501 467 551 ἀλλ’
516 500 586 551 ὅτι
634 500 836 551 λέλυταί
881 521 982 552 πως
1034 497 1154 549 κατὰ
1198 495 1285 561 τὴν
1329 499 1532 548 ε’νοῦσαν
1576 497 1683 560 ὑμῖν
1727 495 1950 548 ὑπόνοιαν

358 584 517 646 ἀμαθῆ
555 581 880 647 παράγγελμα
918 579 1123 644 νομικὸν,
1163 580 1247 630 οὐκ
1285 580 1360 630 ἐπὶ
1398 583 1579 645 μικροῖς
1617 600 1759 637 τισιν,
1800 576 1828 642 ἢ
1873 578 1991 633 καὶ5

357 662 541 717 οὐδενὸς
577 663 739 732 ἀξίοις,
768 662 878 714 ἀλλ’
907 662 976 713 ἐπ’
1007 661 1259 728 ἀνθρώπου
1293 660 1508 730 σωτηρίᾳ
1541 662 1619 711 καὶ
1653 659 1762 727 ζωῇ,
1789 681 1946 725 παρα·

320 745 518 811 Θλόγως
562 743 821 810 ἠγάσθητε,
869 744 974 795 δέον
1020 743 1236 797 ἐπαίνους
1284 747 1476 806 μᾶλλον
1527 741 1777 806 ἀπονέμειν
1826 741 1953 810 αὐτῷ

358 831 425 897 τῷ
451 826 536 891 τὴν
561 828 682 878 οὕτω
708 825 923 892 μεγάλην
950 827 1025 876 καὶ
1053 827 1290 891 θεοπρεπῆ
1317 823 1715 893 κατημφιεσμένῳ
1741 821 1950 885 δύναμιν.

358 910 634 963 ἀπαίδευτος
689 913 942 975 τοιγαροῦν
993 909 1070 958 καὶ
1127 906 1203 958 διὰ
1259 906 1439 958 τούτων
1490 907 1515 957 ὁ
1567 909 1663 957 τῶν
1712 903 1953 955 Ἰουδαίων

358 991 599 1059 ἐλέγχεται
646 992 805 1055 δῆμος,
844 991 917 1060 ἐφ’
958 989 1026 1044 οἷς
1069 990 1123 1041 οὐ
1161 992 1376 1055 προσῆκε
1414 987 1500 1053 τὴν
1537 989 1614 1039 ἐπὶ
1651 991 1718 1057 τῷ
1755 989 1948 1052 τεθερα-
1976 1007 2026 1035 10

358 1073 571 1144 πευμένῳ
619 1072 901 1137 δαπανήσας
946 1070 1260 1140 κατάπληξιν,
1303 1073 1378 1122 καὶ
1427 1071 1528 1138 οὐχὶ
1574 1074 1768 1134 μᾶλλον
1809 1065 1955 1132 αὐτὴν

360 1158 545 1210 ἀναθεὶς
602 1159 669 1225 τῷ
722 1155 1006 1224 παραδόξως
1067 1153 1346 1220 διασώζοντι
1397 1155 1617 1221 Χριστῷ.
1695 1149 1855 1202 ἰστέον
1906 1150 1955 1202 δὲ

361 1237 433 1290 ὅτι
471 1242 567 1292 τοῖς
604 1237 662 1307 ἐξ
696 1236 902 1304 Ἰσραὴλ
934 1234 1402 1304 προσδιαλεγόμενος
1437 1236 1514 1286 καὶ
1549 1234 1705 1300 λέγων
1728 1230 1807 1284 ὸΕν
1839 1231 1955 1302 ἔργον

140 1335 221 1370 419
239 1334 289 1369 A.
323 1321 551 1382 ῑιὲποῖησαι
599 1326 677 1371 καὶ
723 1319 890 1374 πάντες
931 1316 1194 1388 θαυμάζετε,
1232 1317 1452 1383 πλαγίως
1492 1315 1742 1383 ὑπελέγχει
1783 1313 1952 1376 πάλιν,

362 1404 437 1453 καὶ
475 1400 688 1454 τοιοῦτόν
725 1423 770 1452 τι
807 1403 1094 1467 παραδηλοῖ.
1164 1399 1237 1467 ἐφ’
1277 1400 1341 1450 ἑνὶ
1381 1397 1476 1465 γὰρ
1514 1397 1680 1468 τούτῳ,
1716 1399 1854 1466 φησὶ,
1888 1398 1956 1467 τῷ
1979 1420 2026 1460 15

362 1485 469 1536 καθ’
499 1486 617 1549 ὑμᾶς
655 1482 1033 1548 πλημμελήματι
1072 1481 1158 1546 τὴν
1196 1480 1312 1546 ἐμὴν
1349 1478 1701 1546 ἀποθαυμάζετε
1740 1479 1953 1545 γνώμην,

363 1570 427 1622 ὡς
470 1570 537 1636 τῷ
582 1565 812 1634 νομοθέτῃ
853 1563 1172 1631 προσκρούειν
1212 1562 1658 1628 ἀποτολμήσαντος·
1719 1559 1819 1613 εἶτα
1854 1564 1958 1616 πῶς

365 1650 522 1702 οἴεσθε
560 1650 823 1701 διακεῖσθαι
862 1646 1001 1709 Θεὸν,
1041 1646 1095 1698 οὐ
1135 1645 1364 1715 καθάπαξ
1400 1645 1532 1696 αὐτοὶ
1571 1648 1837 1698 λυποῦντες
1873 1641 1958 1694 τὸν

366 1732 529 1797 νόμον,
575 1730 686 1782 ἀλλ’
731 1731 794 1783 ὡς
839 1728 971 1780 οὐδὲν
1013 1728 1401 1795 παραβαίνοντες,
1444 1725 1504 1778 τὰ
1547 1727 1622 1796 ἐφ’
1667 1725 1736 1780 οἷς
1776 1724 1958 1792 ἑτέρους

368 1815 572 1882 κρίνετε,
1979 1832 2030 1859 20

304 2025 349 2050 22
370 2013 449 2056 Διὰ
499 2017 626 2055 τοῦτο
664 2012 857 2055 Μωυσῆς
901 2011 1091 2054 δέδωκεν
1131 2007 1226 2060 ὑμῖν
1269 2010 1346 2052 τήν
1389 2009 1639 2068 Περιτομιὶν,
1680 2009 1757 2065 οὐχ
1804 2009 1869 2054 ὅτι
1910 2007 1958 2050 ὲκ

325 2110 352 2151 b
437 2111 511 2151 τοῦ
549 2107 776 2150 ΛΛωυσέωο
813 2107 940 2159 ἐστὶν,
978 2105 1068 2148 ἀλλ’
1109 2106 1155 2147 ὲκ
1193 2104 1280 2147 τῶν
1318 2104 1535 2163 Πατὲρων,
1571 2103 1641 2146 καὶ
1678 2103 1722 2146 ὲν
1760 2103 1960 2159 σαββάτῳ

438 2204 716 2263 Περιτὲμνετε
755 2203 999 2262 ἄνθρωπον.

448 2329 606 2385 Βαθὺς
640 2329 725 2395 μὲν
755 2331 782 2381 ὁ
820 2329 965 2396 λόγος
997 2329 1073 2379 καὶ
1113 2326 1401 2396 δυσέφικτόν
1426 2350 1526 2382 πως
1559 2328 1663 2378 ἐστὶ
1696 2326 1751 2378 τὸ
1786 2326 1961 2396 ἐπὶ·τῷ

373 2413 659 2483 προκειμένῳ
704 2411 938 2479 θεώρημα,
977 2409 1108 2475 πλὴν
1146 2410 1281 2461 ε”σται
1327 2409 1594 2480 καταφανὲς
1638 2408 1714 2461 διὰ
1755 2407 1842 2473 τὴν
1879 2413 1963 2460 τοῦ
1984 2427 2034 2468 25

374 2495 657 2565 φωτίζοντος
695 2493 850 2563 χάριν.
900 2492 977 2544 διὰ
1013 2497 1214 2544 πολλῶν
1251 2498 1501 2559 τοιγαροῦν
1533 2490 1964 2561 κατασοφιζόμενος

374 2577 536 2644 λόγων
562 2577 648 2642 τὴν
679 2582 774 2628 τῶν
798 2576 1038 2627 Ἰουδαίων
1069 2576 1392 2638 ἀπαιδευσίαν,
1420 2576 1496 2626 καὶ
1534 2572 1772 2626 διδάσκων
1804 2580 1959 2625 πολυ-

374 2659 574 2727 τρόπως,
613 2662 687 2712 ἐπὶ
725 2663 783 2728 τῇ
822 2663 905 2710 τοῦ
943 2656 1198 2720 σαββάτου
1233 2656 1372 2708 λύσει
1406 2655 1523 2725 πρὸς
1562 2657 1780 2724 ἀκαίρους
1818 2653 1964 2723 ὀργὰς

423 2830 455 2863 7.
482 2816 653 2863 ἐπαίνους]
675 2817 724 2852 ἐπ’
745 2818 817 2861 ἐμοὶ
839 2817 880 2852 Β.
969 2815 1164 2860 ἀπονέμειν]
1188 2815 1365 2859 ὑπομένειν
1389 2815 1495 2855 Β.Ῑ).,
1522 2813 1585 2849 sed
1609 2813 1760 2848 correxit
1784 2812 1963 2857 ἀπονέμειν

376 2865 408 2899 D
429 2877 500 2907 mg.
568 2865 695 2898 Statim
713 2865 795 2899 αὐτὸ
816 2864 860 2898 D.
879 2865 969 2909 αὐτῷ
987 2863 1135 2898 correxit
1154 2863 1187 2896 D
1207 2875 1279 2907 mg.
1404 2873 1458 2904 15.
1483 2863 1550 2907 γὰρ
1567 2861 1676 2907 τούτῳ
1693 2861 1760 2895 hoc
1777 2859 1899 2894 ordine
1918 2859 1961 2894 B.

377 2913 430 2946 19„
449 2910 563 2945 οἴεσθε
586 2912 630 2946 D.
649 2914 684 2945 ct
702 2912 750 2946 sic
769 2912 916 2956 conjecit
935 2910 1001 2945 Ed.
1021 2922 1093 2955 mg.
1112 2907 1227 2943 οἶσθαι
1246 2909 1328 2953 (sic)
1349 2909 1390 2944 B.
1409 2907 1542 2943 οἴεσθαι
1562 2907 1629 2943 Ed.
1727 2907 1767 2942 οὐ
1785 2905 1958 2952 καθάπαξ]

374 2959 523 3002 οὐκιὶπαξ
544 2958 624 3002 (bic)
648 2958 688 2992 B.
834 2969 888 3001 24.
918 2958 971 2992 ἐπὶ
990 2959 1034 3003 τῷ
1054 2955 1278 3003 προκειμένῳ]
1299 2956 1517 3002 προκείμενον
1538 2955 1578 2990 Β.
