2084 3317
352 152 436 191 668
754 151 805 191 Β.
838 148 1111 190 CYRILLI
1153 146 1533 188 ALEXANDR.
1783 144 1856 185 vii.
1874 156 1941 199 30.

355 259 590 323 ἀδικήσαι,
618 257 646 323 ἢ
682 263 757 309 καὶ
792 259 842 308 ἐκ
876 262 972 307 τῶν
1006 257 1226 307 ἐναντίων
1262 257 1492 324 εὐφρανεῖ,
1519 254 1584 319 μὴ
1624 255 1726 321 οὐχὶ
1764 258 1847 303 τοῦ
1884 250 1943 303 τὰ

354 338 512 392 πάντα
537 340 820 392 διιθύνοντος
846 342 983 401 Θεοῦ,
1012 338 1117 389 καθ’
1147 338 1261 404 ὅπερ
1297 336 1355 388 ἂν
1381 337 1620 399 βούλεται,
1646 338 1722 386 καὶ
1747 333 1865 400 πρὸς
1889 333 1944 385 τὸ

356 420 543 491 ἑκάστῳ
595 420 983 488 χρεωστούμενον
1032 419 1062 484 ἢ
1121 424 1288 470 λυπεῖν
1341 417 1368 483 ὴ
1429 418 1692 486 εὐφραίνειν
1741 419 1789 467 ἐκ
1851 421 1946 467 τῶν

358 504 576 555 ἐναντίων
612 502 868 564 θέλοντος;
917 502 1145 565 ἠκούομεν
1178 499 1273 565 γὰρ
1312 500 1551 566 λεγόντων
1585 499 1765 564 ἀρτίως,
1798 501 1861 552 ὡς
1898 500 1946 548 ἐν

318 587 552 655 οέξουσῖᾳ
587 586 673 649 μέν
699 587 802 635 ἐστι
838 589 937 636 ταῖς
974 581 1114 647 ὥραις
1147 586 1242 633 τῶν
1269 583 1376 632 καθ’
1410 583 1530 645 ἡμᾶς
1565 581 1711 639 οὐδὲν,
1738 579 1947 647 πονηρὰς
1968 596 1990 635 5

356 667 505 733 γεμὴν
535 665 650 717 εἶναι
688 670 746 733 τῇ
787 665 932 733 φύσει
969 664 1111 726 τινὰς,
1139 667 1212 714 καὶ
1251 662 1433 730 ἀθρόως
1470 665 1579 727 ἡμῖν
1609 665 1942 731 ἐγκαταφορεῖ-

357 753 473 800 σθαι
492 747 756 809 πνεύματος
777 747 922 811 δίκην.
963 747 1073 796 ἀλλ’
1096 744 1223 808 οἶμαι
1250 744 1305 809 δὴ
1332 745 1479 796 πάλιν
1501 748 1562 798 ὡς
1582 744 1795 812 χαλεπὸν
1816 744 1948 795 οὐδὲν

356 834 439 895 τῆς
478 829 684 897 ἐσχάτης
725 829 953 890 ἀβουλίας
993 827 1244 879 ἀνάπλεων
1278 830 1354 878 καὶ
1393 833 1558 878 τοῦτον
1590 829 1695 888 ὑμῖν
1725 826 1948 895 ἐπιδεῖξαι

356 913 440 964 τὸν
466 911 719 978 λογισμόν.
771 912 860 962 τίνι
886 910 979 976 γὰρ
1007 910 1089 960 οὐκ
1116 909 1252 960 ἔσται
1278 914 1372 960 τῶν
1398 909 1547 960 ὄντων
1574 908 1852 976 καταφανὲς,
1877 908 1948 958 ὅτι

356 994 416 1046 τὰ
455 995 564 1046 δέκα
604 995 679 1044 καὶ
719 994 801 1044 δύο
840 997 935 1043 τῶν
970 994 1106 1058 ὡρῶν
1141 990 1455 1056 διαστήματα,
1488 990 1546 1042 τὰ
1576 990 1661 1055 μὲν
1695 991 1856 1059 ἡμέρᾳ,
1889 989 1947 1040 τὰ
1975 1012 2019 1038 10
2064 1015 2067 1058 j

357 1077 406 1128 δὲ
458 1078 586 1128 νυκτὶ
632 1075 1034 1140 συμμεμέτρηται·
1093 1072 1183 1142 νὺξ
1225 1073 1272 1124 δὲ
1319 1078 1393 1126 καὶ
1438 1074 1590 1139 ήμερα
1635 1074 1689 1123 οὐ
1732 1075 1819 1123 τινὶ
1863 1070 1949 1134 μὲν
2076 1069 2080 1078 ’

357 1160 623 1221 συμβαίνει,
651 1160 739 1207 τινὶ
767 1157 814 1207 δὲ
840 1157 923 1206 οὐκ
957 1155 1036 1217 ἔτι,
1063 1154 1195 1205 ἀλλὰ
1231 1155 1306 1205 διὰ
1341 1154 1532 1206 πάντων
1558 1155 1771 1222 ἐρχεταις
1819 1154 1873 1204 τὸ
1900 1153 1950 1204 δὲ

134 1256 220 1291 456
235 1255 286 1289 A.
318 1239 565 1305 ειπονηρὸν
592 1243 650 1306 τῇ
685 1237 846 1306 φύσει,
878 1239 953 1288 καὶ
987 1236 1353 1303 ἀπαραποιήτως
1387 1238 1496 1303 ε”χον
1522 1242 1583 1291 εἷς
1617 1242 1767 1298 τοῦτο,
1795 1237 1849 1287 οὐ
1884 1238 1951 1304 τῷ

356 1322 441 1385 μὲν
476 1325 582 1372 δεῖνι
623 1319 843 1385 πονηρὸν,
878 1320 1018 1389 ἑτέρῳ
1059 1319 1106 1369 δὲ
1146 1318 1309 1381 οὐκέτι,
1352 1320 1463 1369 ἀλλ’
1499 1318 1604 1369 οὐδὲ
1642 1320 1707 1370 ἑνὶ
1745 1317 1889 1386 τυχὸν
1921 1317 1950 1382 ἢ

357 1404 569 1472 δευτέρῳ,
589 1407 711 1454 πᾶσι
741 1401 789 1452 δὲ
815 1406 1007 1465 μᾶλλον
1034 1403 1082 1451 ἐν
1108 1401 1191 1468 ἰ’σῃ
1217 1402 1358 1470 μοίρᾳ
1384 1400 1438 1451 τὸ
1465 1401 1654 1463 βλάβος
1681 1402 1872 1462 ἐποίσει,
1893 1399 1947 1451 δι’
1974 1421 2021 1460 15
2065 1404 2078 1462 ᾗ

356 1484 513 1551 ὧνπερ
553 1483 611 1535 ἂν
649 1483 708 1534 ἰὀι
747 1481 801 1534 τὸ
849 1486 932 1547 τῆς
977 1482 1143 1536 νυκτὸς
1182 1481 1210 1547 ἢ
1251 1482 1304 1534 τὸ
1349 1486 1432 1547 τῆς
1477 1483 1649 1550 ἡμέρας
1690 1483 1946 1547 διάστημα.

355 1573 456 1621 πῶς
501 1568 582 1618 οὖν
622 1568 668 1617 ἐν
710 1566 859 1634 ἡμέρᾳ
899 1564 1044 1633 τυχὸν
1085 1563 1113 1629 ἦ
1155 1566 1204 1615 ἐν
1244 1563 1343 1634 ὥρᾳ
1388 1569 1485 1633 μιᾷ,
1523 1565 1606 1616 τὸν
1643 1564 1729 1629 μὲν
1766 1564 1953 1633 ἔξεστιν

356 1651 652 1701 εὐπαθοῦντα
687 1648 900 1710 βλέπειν,
938 1649 1013 1697 καὶ
1052 1652 1257 1700 πολλοῖς
1290 1650 1593 1716 ἐντρυφῶντα
1627 1652 1721 1700 τοῖς
1760 1648 1951 1715 εὐφραί-

357 1756 450 1783 νειν
483 1730 673 1792 εἰδόσιν,
708 1732 770 1784 ὡς
805 1732 880 1781 ἐπὶ
916 1730 1093 1782 διαίτας
1129 1729 1244 1780 ἱέναι
1278 1729 1516 1796 λαμπρὰς,
1548 1731 1622 1780 καὶ
1657 1730 1951 1795 συναγείρειν

357 1814 448 1865 σὺν
483 1815 649 1881 πολλῇ
691 1816 750 1880 τῇ
790 1814 979 1879 σπουδῇ
1020 1810 1126 1865 τοὺς
1167 1811 1642 1875 συνεστιασομένους,
1681 1811 1861 1877 ἑτέρους
1901 1810 1949 1862 δὲ
1974 1836 2022 1860 20

358 1898 565 1962 ἀκριβῶς
590 1897 637 1945 ἐν
665 1899 762 1948 τοῖς
798 1894 1033 1957 ἐναντίοις,
1061 1896 1123 1947 ὡς
1157 1896 1232 1944 καὶ
1268 1893 1540 1959 ἀπάγεσθαι
1575 1893 1810 1948 πολλάκις
1846 1892 1951 1944 τινὰ

312 1977 699 2046 ὒτεθνηξόμενον
741 1980 951 2041 οἰκτρῶς.
1021 1977 1090 2028 τίς
1138 1977 1162 2026 ὁ
1206 1975 1365 2041 λόγος,
1407 1976 1510 2027 εἰπέ
1543 1999 1636 2040 μοι,
1677 1975 1706 2042 ὴ
1748 1980 1849 2030 πῶς
1891 1974 1949 2027 ἂν

359 2058 589 2127 ἐνδέχοιτο
623 2063 731 2122 μιᾶς
767 2059 914 2120 οὔσης
951 2055 1142 2123 &pas-,5⁸7
1179 2060 1254 2107 καὶ
1291 2056 1390 2111 ἑνὸς
1425 2064 1507 2108 τοῦ
1542 2063 1717 2123 καιροῦ,
1747 2057 1830 2109 τὸν
1864 2057 1951 2122 μὲν

358 2144 406 2192 ἐν
431 2142 630 2202 ἐκείνοις,
664 2139 717 2190 τὸ
758 2139 806 2189 δὲ
845 2141 892 2189 ἐν
925 2139 1105 2193 τούτοις
1145 2140 1379 2205 ὁρᾶσθαις
1420 2139 1468 2190 τί
1501 2139 1587 2204 τὴν
1617 2140 1743 2206 ὥραν
1776 2139 1951 2204 ἐκείνην

358 2227 638 2289 προσερεῖς,
688 2219 913 2288 πονηρὰν,
953 2218 982 2285 ἢ
1022 2220 1076 2271 τὸ
1116 2222 1353 2284 ἐναντίον,
1404 2225 1546 2272 εἰπεῖν
1585 2221 1678 2288 γὰρ
1717 2223 1800 2272 οὐκ
1837 2221 1948 2290 ἔχω,
1975 2242 2022 2280 25

362 2304 481 2356 κατὰ
540 2309 634 2355 τῶν
683 2304 751 2354 ἐπ’
809 2304 955 2371 ἄμφω
1014 2303 1225 2365 βλέπων,
1279 2305 1353 2353 καὶ
1409 2309 1662 2371 τρυφῶντα
1711 2303 1797 2367 μὲν
1846 2304 1948 2366 ἕνα,

361 2385 523 2452 νεκρὸν
570 2385 618 2436 δὲ
663 2386 739 2435 καὶ
783 2385 962 2436 ἄπνουν
1007 2388 1080 2434 καὶ
1127 2382 1328 2436 ἐλεεινὸν
1376 2386 1607 2451 εὑρίσκων
1650 2384 1732 2436 τὸν
1774 2385 1947 2451 ἕτερον.

359 2467 431 2534 ἀρ’
461 2469 563 2535 οὐχὶ
603 2471 749 2529 μῦθος
788 2465 986 2530 ἀμαθὴς,
1022 2469 1098 2516 καὶ
1138 2465 1470 2528 δαιμονιώδους
1508 2467 1676 2529 μανίας
1713 2467 1951 2533 εὑρήματα

359 2549 418 2600 τὰ
457 2551 531 2600 ἐπὶ
570 2553 668 2602 ταῖς
709 2546 848 2614 ὥραις
887 2548 1130 2598 ἁλώσεται
1169 2547 1418 2613 δόγματα,
1467 2550 1576 2599 ἀλλ’
1607 2547 1733 2612 οἶμαι
1769 2548 1952 2604 πάντας

411 2683 440 2706 Ι.
467 2670 611 2715 ἀδικήσῃ
636 2683 666 2705 a.
764 2670 927 2715 εὐφρανεῖ
950 2682 980 2703 a.
1000 2670 1156 2715 εὐφρένει
1181 2669 1223 2703 Β.
1242 2670 1406 2714 εὖφρονοῖ
1431 2670 1547 2706 Holst.
1568 2671 1810 2716 εὐφρανθῶμεν
1830 2683 1848 2705 e
1872 2671 1950 2706 Cat.

364 2718 463 2753 Harl.
482 2718 575 2752 Aub.
642 2718 682 2751 τὰ
701 2724 924 2762 assumptum
942 2729 984 2750 ex
1004 2716 1046 2751 B.
1204 2727 1236 2750 2.
1264 2717 1468 2753 διιθύνοντος
1488 2718 1529 2753 Β.
1549 2718 1778 2753 διευθύνοντος
1800 2719 1861 2752 Ht.
1883 2718 1949 2752 Ed.

361 2776 395 2810 3.
422 2764 615 2810 εὐφραίνειν
635 2763 828 2809 [εὐφρένειν
843 2762 949 2808 Cod.]
972 2763 1014 2798 B.
1031 2763 1164 2808 Migne.
1184 2763 1362 2808 εὐφρονεῖν
1382 2764 1444 2799 Ht.
1465 2764 1531 2800 Ed.
1631 2776 1684 2807 14.
1711 2764 1788 2798 ἀλλ’
1807 2765 1884 2799 οὐδὲ
1903 2766 1950 2799 ἑνὶ

361 2812 464 2856 τυχὸν
481 2811 547 2845 hoc
565 2810 686 2844 ordine
708 2810 748 2845 B.
770 2811 832 2845 Ht.
853 2810 988 2854 Migne.
1009 2811 1057 2843 ἑνὶ
1074 2810 1178 2855 τυχὸν
1195 2809 1271 2843 ἀλλ’
1292 2810 1368 2844 οὐδὲ
1386 2810 1482 2845 Aub.
1660 2821 1714 2856 15.
1741 2810 1795 2856 δὲ]
1815 2810 1843 2845 δ’
1863 2812 1903 2845 ἂν
1920 2823 1951 2846 a.

360 2859 492 2892 ἐποίσει
510 2869 528 2891 e
547 2857 624 2892 Cat.
643 2863 682 2891 ut
698 2856 771 2891 vid.
792 2856 990 2890 emendavit
1008 2857 1102 2890 Aub.
1120 2855 1256 2899 ποιήσει
1275 2856 1316 2891 Β.
1338 2857 1400 2892 Ht.
1500 2857 1553 2891 16.
1576 2856 1621 2892 'lm
1643 2858 1717 2892 B.a.
1735 2856 1783 2901 ε’ίη
1805 2857 1867 2892 Ht.
1884 2858 1950 2892 Ed.

366 2906 418 2938 18.
446 2904 655 2938 εὐπαθοῦντα
676 2903 749 2937 B.a.
768 2902 805 2937 εὖ
822 2903 993 2937 παθοῦντα
1014 2903 1077 2937 Ht.
1097 2902 1133 2937 εὖ
1151 2903 1300 2937 παθόντα
1319 2903 1385 2938 Ed.
1483 2915 1539 2938 21.
1563 2904 1727 2950 ἀκριβῶς]
1747 2905 1856 2950 ἄκρως
1872 2916 1903 2939 a.
1916 2911 1950 2939 et

364 2950 440 2985 Cat.
462 2951 560 2985 Harl.
707 2950 762 2985 26.
790 2954 856 2984 τῶν
874 2949 923 2984 ἐπ’
942 2950 1046 2995 ἄμφω
1068 2950 1109 2985 Β.
1131 2949 1192 2984 Ht.
1210 2950 1332 2984 ταύτὸν
1349 2962 1367 2984 e
1386 2950 1462 2985 Cat.
1481 2950 1574 2985 Aub.
