2084 3317
143 152 196 194 vi.
217 164 284 209 37.
374 156 447 197 IN
490 157 533 198 S.
566 156 903 198 JOANNEM.
966 155 1091 197 LIB.
1124 155 1212 197 III.
1274 156 1409 198 CAP.
1437 156 1512 198 VI.
1648 158 1730 198 481

144 269 227 314 τοῦ
270 265 323 316 τὸ
366 268 553 334 ἀχρεῖον
591 267 682 336 ἔξω
727 269 1017 330 βεβλῆσθαι,
1055 265 1110 316 τὸ
1154 264 1347 317 πάντων
1385 267 1733 317 ἀποπεσεῖσθαι

143 350 237 396 τῶν
263 348 456 411 ἀγαθῶν
481 350 556 399 καὶ
583 353 643 401 εἰς
676 348 833 414 κρίσιν
859 346 1231 415 κατοιχήσεσθαι
1262 346 1345 398 τὸν
1372 348 1527 410 ἀσεβῆ
1559 345 1734 413 θεωρή-
1753 355 1781 396 (1

142 449 309 490 σομεν.
365 431 532 480 οὐκοῦν
564 430 678 481 ὅταν
711 430 830 498 λε’γῃ
867 430 1082 496 Χριστός
1107 428 1186 480 Tbv
1211 430 1428 499 ἐρχόμενον
1454 429 1561 498 πρὶς
1597 427 1654 496 μὲ
1691 432 1734 478 οὐ

141 508 202 576 μὴ
242 511 435 570 ἐκβάλω
475 511 569 581 ἔξω,
607 511 662 563 τὸ
701 512 972 576 μηδαμόθεν
1009 515 1370 578 περιπεσεῖσθαι
1414 509 1612 561 κολάσει
1651 507 1735 561 τὸν

100 602 122 640 5
143 590 218 641 διὰ
257 592 461 647 πίστεως
500 595 626 663 αὐτῷ
664 593 927 660 προσιόντα
966 592 1088 644 λαὸν
1117 591 1511 661 παραδεξώμεθα.
1559 591 1729 660 σοφώ-

142 696 261 724 τατα
299 675 354 725 δέ
384 698 464 739 μοι
504 678 631 727 δοκεῖ
664 681 760 729 τοῖς
798 675 1005 729 ἐκτόπως
1043 674 1403 738 ἀπονοουμένοις
1442 673 1518 724 διὰ
1555 673 1735 725 τούτων

144 756 432 820 ὑπαπειλεῖν,
461 759 535 820 ὡς,
563 761 601 808 εὶ
637 757 702 821 μή
738 780 807 810 τις
839 756 1007 810 αὐτοὺς
1033 755 1119 821 τὴν
1143 755 1378 824 ταχίστην
1404 754 1590 821 ἀγαθὴν
1615 754 1735 822 πρὸς

143 838 397 889 εὐπείθειαν
422 843 777 902 μεταποιεῖσθαι
810 838 1080 902 βουληθείη,
1109 837 1201 906 ἔξω
1236 837 1321 901 μὲν
1346 838 1583 888 κείσονται
1608 860 1731 888 παν-

142 919 223 972 τὸς
249 922 444 985 ἀγαθοῦ,
470 923 554 984 τῆς
589 919 638 970 δὲ
673 923 735 972 εἷς
768 918 911 970 αὐτὸν
938 919 1101 986 φιλίας
1128 921 1204 969 καὶ
1230 920 1317 986 οὐχ
1342 919 1525 973 ἑκόντες
1550 921 1731 983 ἀποδη-
1753 940 1775 967 e

77 1017 124 1042 10
142 1000 372 1065 μήσουσι·
423 1002 478 1052 δι’
507 1000 571 1052 ὧν
597 1000 690 1068 γὰρ
727 1005 804 1052 οὐκ
840 1001 1100 1060 ἐκβάλλειν
1125 1000 1204 1070 ἔξω
1239 1001 1307 1053 τὶν
1331 1002 1553 1070 ἐρχόμενον
1579 1001 1730 1066 ἐπαγ-

141 1082 380 1149 γέλλεται,
419 1083 495 1134 διὰ
541 1083 720 1135 τούτων
759 1083 913 1134 αὐτῶν
953 1082 1025 1134 ὅτι
1068 1080 1258 1137 πάντως
1302 1084 1499 1145 ἐκβαλεῖ
1531 1082 1614 1134 τὸν
1652 1083 1736 1134 οὐκ

143 1164 273 1218 ἰόντα
312 1166 548 1231 σημαίνει.

168 1328 390 1358 ΚΥΡΙΛΛΟΥ
414 1328 783 1358 ΑΡΧΙΕΠΙΣΚΟΠΟΥ
808 1326 1153 1358 ΑΛΕΞΑΝΔΡΕΙΑΣ
1179 1326 1250 1355 ΕΙΣ
1275 1327 1331 1356 ΤΟ
1358 1326 1476 1356 ΚΑΤΑ
1501 1325 1715 1356 ΙΩΑΝΝΗΝ

588 1403 884 1440 ΕΥΑΓΓΕΛΙΟΝ,
911 1403 1094 1432 ΒΙΒΛΙΟΝ
1120 1402 1293 1433 ΤΡΙΤΟΝ.

197 1541 226 1565 Ι.
250 1530 289 1564 τὸ
306 1530 404 1574 prius
424 1530 467 1566 Β.
485 1530 544 1565 τὸν
562 1529 629 1564 Ed.
748 1538 784 1574 5.
807 1528 1068 1575 παραδεξόμεθα
1087 1529 1134 1564 D.
1241 1529 1274 1563 8.
1298 1527 1557 1573 μεταποιεῖσθαι
1577 1527 1618 1562 Β.
1635 1542 1738 1573 μετα-

145 1578 287 1622 ποιῆσαι
306 1577 374 1612 Ed.
520 1588 574 1623 13,
597 1587 650 1620 14.
679 1576 736 1612 Sic
754 1576 802 1612 D.

209 3021 300 3051 VOL.
324 3023 354 3050 1,
903 3023 925 3065 3
952 3023 979 3060 Q
