2084 3317
163 157 216 198 vi.
235 171 304 212 32,
323 172 389 214 33.
443 160 516 200 IN
559 161 601 201 S.
637 161 974 204 JOANNEM.
1039 163 1163 204 LIB.
1198 164 1282 204 ΙΙΙ.
1346 165 1480 206 CAP.
1506 167 1583 207 VI.
1671 169 1752 207 465

160 267 448 331 θεοσέβειαν,
476 269 594 321 ὅσον
620 272 669 322 δὲ
696 273 804 336 ἧκεν
831 277 893 327 εὶς
920 274 1089 326 θυσίας
1123 274 1244 341 φημὶ
1281 276 1357 324 καὶ
1392 275 1753 341 περιρῥαντήρια

160 349 235 398 καὶ
261 349 515 415 καθάρσεις
540 353 814 408 Ἰουδαϊκοῖς·
863 354 1030 420 ὀλίγον
1056 353 1149 420 γὰρ
1177 355 1302 406 οὗτοι
1329 359 1412 419 τῆς
1439 359 1525 422 γῆς
1553 358 1746 423 ἀνοχλί-

157 429 318 495 ζονταί
346 455 460 494 πως,
487 436 562 485 καὶ
589 437 859 496 ἀναβαίνειν
885 440 1108 487 δοκοῦσιν
1135 437 1290 501 αὐτῆς,
1318 439 1410 488 εἶσὶ
1448 438 1491 488 δ’
1521 439 1603 488 οὖν
1628 438 1753 501 ὅμως

155 512 204 561 ἐν
230 513 347 580 αὐτῇ
384 517 459 565 καὶ
494 518 601 582 περὶ
638 517 802 582 αὐτήν·
847 519 900 569 οὐ
926 517 1019 584 γὰρ
1045 519 1093 569 ἐν
1119 519 1247 588 νόμῳ
1274 518 1328 570 τὸ
1355 521 1544 573 τελείως
1571 519 1752 585 ἀγαθὸν

114 607 135 645 5
157 595 232 643 καὶ
269 595 464 663 ὑψηλὸν
490 602 553 651 εἰς
588 599 801 650 σύνεσιν.
847 605 1117 667 χορηγεῖται
1153 599 1302 666 γεμὴν
1328 602 1377 651 ἐν
1402 601 1600 670 ἑσπέρᾳ·
1648 601 1751 666 ἤτοι

155 672 209 725 τὸ
235 677 284 726 ἐν
310 682 376 746 τῷ
403 678 646 744 γράμματι
678 681 922 732 σκοτεινὸν
949 688 1031 732 τοῦ
1067 683 1216 748 λόγου
1250 681 1399 733 πάλιν
1424 683 1534 747 ἡμῖν
1562 682 1637 734 διὰ
1669 687 1752 748 τῆς

154 756 358 823 ἑσπέρας
382 762 711 826 σημαίνοντος,
732 761 760 827 ἢ
787 762 872 827 τὴν
898 765 1088 832 ἀφεγγῆ
1115 770 1198 815 τοῦ
1226 763 1411 828 κόσμου
1437 765 1750 827 κατάστασιν,

154 840 284 891 οὔπω
325 839 379 892 τὸ
421 846 525 910 φῶς
566 843 755 911 ε”χοντος
794 843 848 895 τὸ
887 845 1129 910 ἀληθινὸν,
1168 846 1385 898 τουτέστι
1425 846 1658 913 Χριστὸν,
1701 847 1790 902 ὂςῡ

152 922 525 988 ἐνανθρωπήσας
551 926 703 993 φησίν
731 933 757 955 “
777 926 906 992 Ἐγὼ
933 931 1035 994 φῶς
1071 931 1133 981 εἷς
1168 927 1252 978 τὸν
1278 927 1460 992 κόσμον
1486 928 1747 993 ἐλήλυθα.”
1812 928 1905 1010 {ngst
1917 930 1974 959 ΧΗ·

86 1021 134 1047 10
152 1003 428 1068 γνώσεσθαι
463 1004 512 1056 δὲ
547 1005 674 1072 λέγει
713 1006 819 1061 τοὺς
861 1006 983 1061 υἱοὺς
1014 1007 1233 1073 Ἰσραὴλ,
1266 1008 1336 1059 ὅτι
1373 1010 1547 1076 Κύριος
1581 1009 1750 1064 αὐτοὺς

151 1084 390 1151 ἀνήγαγεν
416 1088 474 1156 ἐξ
497 1088 760 1153 Αἰγύπτου·
811 1094 990 1155 γνῶσις
1022 1090 1117 1156 γὰρ
1152 1089 1273 1155 μόνη
1307 1094 1390 1154 τῆς
1431 1092 1639 1143 καθόλου
1675 1092 1750 1142 διὰ

151 1169 370 1233 Χριστοῦ
415 1172 654 1237 σωτηρίας
696 1173 745 1222 ἐν
782 1177 880 1226 τοῖς
924 1176 1232 1227 Μωυσαϊκοῖς
1278 1174 1442 1238 ὁρᾶται
1488 1174 1744 1240 συγγράμ-

150 1271 315 1312 μασιν,
356 1252 487 1303 οὕπω
524 1253 773 1319 παρούσης
811 1255 1199 1320 αὐτοπροσώπως
1238 1258 1321 1319 τῆς
1359 1255 1564 1323 χάριτος.
1636 1258 1749 1308 αὐτὸ

152 1330 246 1397 γὰρ
284 1332 341 1396 δὴ
380 1339 518 1384 τοῦτο
553 1337 628 1385 καὶ
665 1334 902 1400 ὑπεδήλου
936 1338 1210 1401 προστιθείς
1244 1344 1269 1366 “
1292 1337 1363 1388 Τὸ
1401 1337 1525 1404 πρωῒ
1564 1338 1748 1406 ὄψεσθε

85 1426 131 1464 15
153 1419 179 1441 ‘⁴
206 1412 292 1477 τὴν
318 1414 464 1484 δόξαν
493 1418 671 1482 Κυρίου
706 1418 754 1467 ἐν
779 1422 846 1485 τῷ
872 1417 1049 1468 διδόναι
1075 1420 1182 1481 ὑμῖν
1209 1418 1378 1484 ἄρτους
1414 1423 1475 1473 εἷς
1510 1429 1741 1484 πλησμο-

152 1501 179 1524 “
206 1495 336 1559 νήν.”
391 1497 652 1562 λελυμένης
678 1498 772 1565 γὰρ
799 1498 961 1565 ὥσπερ
994 1503 1041 1550 ἐν
1067 1500 1198 1569 τάξει
1235 1501 1400 1554 νυκτὸς
1436 1505 1520 1565 τῆς
1556 1506 1748 1566 νομικῆς

150 1577 346 1644 ἀχλύος,
376 1582 451 1629 καὶ
486 1580 622 1643 ἡλίου
657 1587 739 1631 τοῦ
774 1587 941 1645 νοητοῦ
976 1586 1126 1633 πᾶσιν
1151 1582 1261 1646 ἡμῖν
1286 1583 1634 1646 ἀνατείλαντος,
1662 1584 1746 1648 τὴν
1766 1600 1791 1639 d

150 1657 297 1727 δόξαν
327 1661 502 1726 Κυρίου
540 1662 773 1728 παρόντος
813 1662 902 1727 ἤδη
942 1663 1357 1730 κατοπτριζόμεθα,
1392 1663 1474 1715 τὸν
1509 1666 1651 1732 ἄρτον
1684 1671 1746 1719 εἷς
1812 1665 1970 1737 ξὲ(”’·ᾓὶ’

148 1742 439 1806 πλησμονὴν
464 1742 547 1793 τὸν
573 1743 630 1812 ἐξ
662 1745 860 1811 ούρανοῦ
892 1744 1194 1811 κομιζόμενοι,
1223 1745 1366 1797 αὐτὸν
1393 1746 1440 1796 δὲ
1476 1748 1564 1812 ἤδη
1598 1747 1746 1799 πάλιν

82 1842 131 1866 20
150 1825 272 1892 φημὶ
299 1823 382 1875 τὸν
407 1825 637 1891 Χριστόν.

225 1913 252 1935 “
277 1905 498 1972 Ἐγενετο
536 1906 585 1958 δε
624 1908 816 1973 ἕσπερα,
852 1930 928 1958 και
967 1909 1114 2008 ἀνέβη
1153 1910 1486 1977 ὀρτυγομήτρα
1525 1915 1600 1962 καὶ
1640 1912 1742 1962 ε’κά-
1807 1913 1934 1994 ξᾷᾒξϋ

149 1991 333 2057 “λυψε
359 1987 445 2053 τὴν
471 1989 800 2056 παρεμβολήν·
850 1989 903 2041 τὸ
930 1991 1054 2056 πρωὶ
1080 1991 1261 2056 ἐγενετο
1288 1991 1336 2043 δὲ
1363 2016 1745 2058 καταπαυομενης
1812 2009 1857 2039 ¹4·

148 2073 285 2134 “τῆς
311 2070 488 2137 δρόσου
514 2071 673 2123 κύκλω
699 2075 781 2136 τῆς
806 2075 1131 2139 παρεμβολῆς,
1154 2096 1229 2124 και
1255 2073 1404 2125 ιδου’
1381 2098 1457 2126 επι
1480 2075 1744 2141 πρόσωπον

148 2158 176 2181 “
200 2155 282 2216 τῆς
308 2152 481 2219 ἐρήμου
507 2153 683 2205 λεπτὸν
710 2156 823 2205 ὡσεὶ
850 2153 1007 2221 κόριον
1031 2155 1248 2207 λευκόν.”
1290 2155 1376 2223 ὅρα
1403 2156 1459 2221 δὴ
1485 2156 1633 2209 πάλιν
1659 2159 1744 2221 τὴν

81 2249 129 2288 25
149 2238 243 2285 τῶν
278 2234 526 2298 νοημάτων
561 2235 831 2301 διασκευήν·
877 2238 982 2303 περὶ
1022 2236 1107 2300 μὲν
1136 2236 1230 2304 γὰρ
1268 2241 1350 2302 τῆς
1389 2239 1741 2305 ὁρτυγομήτρας
1762 2271 1782 2294 e

149 2318 357 2383 φησιν,
343 2315 413 2367 ότι
440 2316 653 2385 ἐκάλυψε
688 2317 774 2382 τὴν
799 2319 1129 2385 παρεμβολὴν,
1155 2342 1263 2386 περι
1298 2322 1353 2370 δέ
1382 2344 1435 2387 γε
1473 2327 1555 2372 τοῦ
1589 2321 1742 2384 μάννα

147 2396 310 2460 πάλιν,
352 2421 424 2449 οτι
467 2399 590 2464 πρωί
632 2401 940 2464 καταβεβηκε,
984 2424 1370 2465 καταπαυομενης
1415 2406 1496 2466 τῆς
1542 2401 1738 2467 δρόσου,

149 2478 310 2530 κύκλω
347 2483 431 2544 τῆς
468 2485 780 2547 παρεμβολῆς
819 2484 893 2534 ἐπι
931 2482 1195 2549 πρόσωπον
1226 2486 1308 2547 τῆς
1348 2483 1536 2550 ἐρήμου.
1592 2485 1619 2548 ἡ
1657 2507 1742 2547 μεν

201 2608 231 2631 1.
257 2596 379 2632 θυσίας
406 2597 447 2631 Β.
474 2597 596 2632 θυσιαν
622 2598 688 2633 Ed.
752 2599 913 2634 Verba“
894 2615 979 2635 οσον
1004 2600 1082 2634 δὲ
1066 2605 1142 2644 ἡκεν
1168 2601 1215 2636 εἷς
1240 2600 1362 2636 θυσίας
1388 2600 1517 2635 desunt
1542 2607 1581 2635 ut
1606 2600 1677 2635 vid.
1704 2603 1737 2635 in

149 2643 307 2688 Nikeph.
405 2644 499 2678 2.δέ
517 2656 618 2690 ριόγ
621 2646 663 2690 ὰρ
682 2646 801 2691 Nikep
804 2646 837 2681 h.
935 2659 968 2693 3.
995 2647 1162 2691 δοκούσης
1181 2647 1222 2680 Β.
1241 2647 1351 2681 invito
1370 2647 1525 2692 Nikeph.
1622 2657 1655 2692 5.
1679 2649 1740 2691 μὲν

149 2701 213 2735 pro
230 2691 335 2735 γεμὴν
357 2689 397 2724 B.
417 2690 522 2735 γεμὴν
538 2659 1100 2740 1131161ρ1Ν1κερ11.6.τῴ
1119 2693 1739 2738 0111.Nikeph.10.c11'1·rm¹c

149 2736 316 2795 ἀνήγαγεν
333 2736 400 2770 hoc
417 2737 539 2771 ordine
560 2738 601 2772 B.
621 2738 714 2772 Nike
717 2739 777 2783 p.h
918 2751 970 2783 14.
997 2741 1038 2784 δὴ
1056 2752 1127 2775 om.
1148 2741 1302 2785 Nikeph.
1442 2740 1494 2774 16.
1521 2741 1595 2776 ὡς
1583 2741 1737 2786 Nikeph.

150 2752 1174 2887 191111113111111.1111113111]
1321 2787 1376 2868 ἐξ
1392 2788 1538 2867 131

151 2877 193 2911 B.
207 2877 236 2921 (ἓ
242 2842 268 2920 )p
261 2875 408 2968 gante’
391 2878 524 2921 εγένετο
544 2878 659 2920 (Alex.
678 2879 722 2913 X.
730 2878 773 2925 )].
905 2892 1031 2925 24—p.
1046 2880 1126 2923 466,
1149 2891 1203 2923 23
1232 2879 1325 2913 Citat
1344 2880 1497 2925 Nikeph.
1518 2882 1538 2914 i
1562 2891 1640 2926 732,
1662 2864 1739 2927 733.

150 2935 205 2966 24.
233 2923 273 2967 δὴ
312 2923 348 2957 δέ
367 2923 521 2968 Nikeph.
668 2925 722 2959 26.
750 2926 789 2959 δέ
804 2942 871 2972 γε
862 2934 1083 2972 assumptum
1102 2939 1142 2960 ex
1166 2927 1205 2962 B
1213 2927 1256 2960 D.
1278 2926 1432 2972 Nikeph.
1572 2938 1624 2973 27
1651 2931 1738 2972 φη
1705 2944 1739 2961 a

151 2982 214 3015 pro
231 2972 335 3004 πάλιν
354 2970 510 3015 Nikeph.

208 3037 299 3064 von.
325 3038 353 3065 1.
919 3041 942 3082 3
965 3040 990 3067 O
