2084 3317
141 149 197 190 v-i.
217 150 284 205 69.
372 148 445 190 IN
488 150 530 190 S.
564 149 899 191 JOANNEM.
962 149 1086 192 LIB.
1120 150 1198 193 IV.
1260 151 1394 193 CAP.
1427 151 1507 192 IV.
1645 150 1727 191 575

142 259 398 323 ὁμολογίας
435 260 460 309 ὁ
496 258 682 325 τρόπος,
709 251 1084 328 ἀξιεραστοτάτη
1119 261 1195 310 καὶ
1228 257 1493 328 ὑπερφερὴς
1525 260 1553 324 ἡ
1584 259 1724 309 σύνε-

141 363 233 394 σις.
281 342 333 391 οὐ
371 339 464 406 γὰρ
504 340 560 404 δὴ
599 341 719 392 κατά
756 364 884 394 τινας
924 345 1019 392 τῶν
1057 341 1408 407 ἀμαθεστέρων,
1446 340 1475 407 ὴ
1515 343 1590 392 καὶ
1629 339 1728 391 κατ’

138 422 334 475 ἐκείνους
384 421 492 476 τοὺς
543 423 674 488 οἵπερ
726 425 880 486 ἀπηνῆ
932 422 1015 474 τὸν
1059 428 1144 474 τοῦ
1190 425 1411 488 Σωτῆρος
1461 421 1731 474 ἀπεκάλουν

138 501 302 568 λόγον,
336 504 492 554 ὀπίσω
528 505 714 557 δικαίως
751 503 1002 572 ἀπῴχοντο
1038 506 1113 555 καὶ
1146 504 1468 563 πεπτώκασιν,
1498 505 1602 555 οὔτε
1637 502 1731 567 μὴν

97 584 195 653 5ἐξ
230 586 460 654 ἐλαφρίας
500 585 905 651 εὐσυναρπάστως
945 588 1021 637 ἐπὶ
1061 585 1115 636 τὸ
1156 586 1393 638 πιστεύειν
1430 585 1726 650 ἐκλήθησαν,

139 667 586 736 πληροφορηθέντες
637 667 686 719 δὲ
736 667 981 734 πρότερον,
1034 670 1111 719 καὶ
1161 669 1438 731 διακείμενοι
1494 666 1614 718 κατὰ
1674 666 1770 722 τὸο

141 747 330 813 ἀληθὲς,
356 749 426 800 ὅτι
461 748 684 816 ῥημάτων
710 749 795 813 μὲν
820 750 1058 816 ζωοποιῶν
1084 749 1350 815 ἀνάμεστος
1384 748 1443 814 ἧν
1475 750 1500 800 ὁ
1537 771 1727 813 μυστα-

142 836 327 897 γωγῶν,
368 832 596 896 οὐρανίων
635 830 683 882 δὲ
721 830 1048 894 παιδευμάτων
1087 831 1355 897 εἰσηγητής.
1414 830 1644 899 ἀσφαλὴς
1683 829 1733 881 δὲ

143 916 251 964 λίαν
284 914 311 977 ἡ
346 912 536 977 τοιαύτη
572 914 750 967 πίστις’
794 914 821 977 ἡ
859 913 906 964 δὲ
943 915 1031 981 οὐχ
1065 915 1211 966 οὕτως
1246 914 1437 981 ἔχουσα,
1469 914 1640 982 ῥᾳδίως
1675 910 1734 962 ἂν

73 1015 122 1041 10
142 993 328 1048 εἰκότως
365 996 441 1045 καὶ
480 994 783 1057 ἀποπτύοιτο,
819 997 893 1045 καὶ
932 995 1062 1062 ῥίζαν
1094 995 1178 1045 οὐκ
1217 994 1395 1062 ε”χουσα
1433 994 1519 1058 τὴν
1549 1001 1732 1061 πληρο-

143 1077 329 1145 φοριάν,
355 1074 635 1140 ἑτοιμότατα
673 1078 755 1140 τῆς
794 1076 1047 1142 ἀνθρώπου
1086 1076 1289 1130 διανοίας
1324 1076 1600 1143 ἐκτρίβεται.
1657 1077 1735 1127 καὶ

141 1164 258 1225 γοῦν
300 1157 440 1212 αὐτὸς
486 1159 535 1209 ἐν
579 1163 881 1225 παραβολαῖς
926 1159 951 1209 ὁ
997 1157 1179 1225 Σωτὴρ,
1226 1159 1302 1210 ὅτε
1349 1157 1456 1212 τοὺς
1500 1161 1605 1224 περὶ
1650 1163 1734 1209 τοῦ

144 1241 422 1306 σπείροντος
462 1241 658 1291 ἐποιεῖτο
702 1241 890 1306 λόγους,
931 1239 955 1292 ὃ
995 1239 1045 1292 δὲ
1089 1240 1257 1292 ε”πεσεν
1295 1243 1369 1292 ἐπὶ
1411 1242 1496 1304 τὴν
1533 1239 1729 1305 πέτραν,

146 1325 282 1390 φησὶ,
329 1323 406 1373 καὶ
456 1322 521 1387 μὴ
573 1322 681 1390 ε”χον
724 1322 855 1390 ῥίζαν
895 1322 1146 1392 ἐξηράνθη,
1191 1322 1368 1388 πέτραν
1413 1321 1528 1373 εἶναι
1579 1321 1734 1387 λέγων

77 1425 124 1464 15
145 1407 510 1470 αἰνιγματωδῶς,
538 1410 647 1456 νοῦν
671 1403 755 1456 τὸν
781 1403 1121 1469 ἀπεσκληκότα
1155 1406 1230 1455 καὶ
1262 1404 1344 1456 τὸν
1371 1404 1506 1473 ἅπαξ
1528 1406 1728 1470 ἐγκατα-
1752 1408 1781 1451 d

143 1486 384 1551 βληθέντα
433 1486 582 1554 λόγον
626 1487 885 1551 οὐδαμόθεν
929 1487 1098 1555 ἔχοντα
1145 1486 1522 1556 παραδέξασθαι.
1596 1492 1735 1537 τοῦτο

143 1567 236 1636 γὰρ
278 1568 334 1633 δὴ
381 1572 458 1621 καὶ
502 1570 787 1623 πεπονθότες
831 1570 880 1619 ἐκ
925 1571 1115 1633 πολλῆς
1158 1568 1281 1634 ἄγαν
1322 1571 1405 1633 τῆς
1445 1567 1647 1631 ἀμαθίας
1691 1570 1736 1625 οἱ

142 1649 343 1704 τάλανες
380 1652 597 1702 Ἰουδαῖοι
636 1658 663 1681 “
685 1650 985 1720 Διαρῥήξατε
1024 1650 1109 1705 τὰς
1155 1653 1344 1718 καρδίας
1387 1652 1515 1713 ὑμῶν
1554 1651 1630 1701 καὶ
1668 1648 1733 1713 μὴ

144 1742 172 1765 “
197 1734 258 1786 τὰ
296 1735 457 1799 ἱμάτια
497 1737 666 1800 ὑμῶν,”
709 1734 785 1787 διὰ
828 1738 910 1800 τῆς
951 1742 1034 1787 τοῦ
1077 1735 1328 1805 προφήτου
1371 1737 1534 1804 φωνῆς
1576 1734 1732 1785 ἐδιδά-

74 1839 337 1873 ,2οσκοντο.
382 1817 524 1884 ὅνπερ
559 1817 652 1883 γὰρ
689 1818 866 1884 τρόπον
891 1816 984 1884 πρὸ
1019 1820 1102 1881 τῆς
1135 1822 1229 1868 τῶν
1260 1815 1553 1883 σπερμάτων
1586 1838 1733 1866 κατα-

143 1902 311 1964 βολῆς,
361 1899 546 1969 ἀρότρερ
597 1902 765 1967 χρῆναι
815 1899 1254 1966 προανατέμνεσθαι
1304 1897 1390 1962 τὴν
1440 1901 1532 1962 γῆν
1583 1899 1607 1948 ὁ
1656 1899 1740 1961 τῆς

145 1982 374 2048 γηπονίας
411 1981 730 2046 συμβουλεύει
773 1981 931 2045 νόμος·
990 1982 1137 2035 οὕτως
1176 1978 1303 2043 οἶμαι
1342 1983 1436 2031 δεῖν
1475 1978 1583 2034 τοὺς
1621 1979 1741 2046 πρὸς

144 2063 392 2134 ἀνάληψιν
426 2064 562 2115 θείων
598 2064 754 2118 ἰόντας
791 2062 952 2129 λόγων
983 2062 1409 2130 προαναπτύσσειν
1434 2060 1612 2128 τρόπον
1636 2060 1740 2112 τινὰ

145 2151 246 2200 ταῖς
279 2152 342 2201 εἱς
376 2145 544 2200 αὐτοὺς
578 2146 840 2208 ἐπιθυμίαις
875 2145 960 2209 τὴν
988 2146 1200 2211 καρδίαν·
1240 2144 1613 2211 παραδεχθέντες
1647 2142 1780 2209 γὰρε

82 2248 129 2287 25
147 2230 283 2292 οὕτω,
313 2231 404 2295 γῆν
439 2227 603 2295 ὥσπερ
641 2228 746 2279 τινὰ
784 2226 1092 2296 καρποφόρον
1128 2229 1421 2286 ἀποτελοῦσι
1459 2224 1625 2294 ψυχὴν
1655 2222 1741 2288 τὴν

147 2312 426 2363 ὠδίνουσαν.
481 2312 648 2362 οὐκοῦν
674 2311 722 2361 ἐν
748 2310 1055 2378 πληροφορίᾳ
1080 2310 1287 2363 πίστεως
1315 2308 1556 2374 ἐγνωκέναι
1589 2309 1742 2375 φασὶν

148 2395 191 2443 οἱ
217 2393 494 2461 σοφώτατοι
519 2395 738 2457 μαθηταὶ,
768 2394 843 2443 καὶ
869 2390 987 2459 πρός
1013 2414 1066 2458 γε
1093 2390 1244 2463 τούτῳ
1274 2395 1483 2457 θαρσεῖν,
1511 2392 1573 2443 ὡς
1603 2388 1743 2443 αὐτὸς

149 2474 217 2539 ε’ίη
250 2475 436 2542 Χριστὶς
473 2482 490 2527 ὁ
522 2477 621 2530 Υἱὸς
654 2477 726 2526 τοῦ
753 2477 864 2526 Θεοῦ
903 2476 972 2526 τοῧ
1007 2473 1176 2545 ζῶντος.
1221 2477 1390 2541 σοφῶς
1429 2471 1478 2523 δὲ
1517 2472 1640 2535 λίαν,
1666 2474 1743 2523 καὶ

150 2556 233 2607 τὸν
282 2558 356 2608 ἐπὶ
406 2556 558 2625 τούτῳ
607 2556 756 2608 πάλιν
805 2554 1139 2625 ἐξυφασμένον
1182 2553 1393 2620 εὑρήσεις
1442 2551 1605 2619 λόγον·
1668 2556 1743 2604 καὶ

80 2665 132 2702 3⁴0
151 2638 376 2690 πιστεύειν
424 2637 518 2705 γάρ
567 2641 640 2690 καὶ
695 2638 931 2705 ἐγνωκέναι
983 2639 1126 2705 φασὶ,
1180 2634 1540 2701 συνενεγκόντες
1597 2635 1743 2704 ἄμφω

202 2774 231 2797 1.
265 2763 441 2807 ὑπερφυὴς
460 2762 500 2796 Β.
583 2761 722 2798 σύνεσις
742 2762 784 2797 Β.
802 2766 825 2780 “
845 2761 1060 2807 prudentia'’
1080 2760 1210 2805 Georg.
1228 2759 1441 2803 Trapezunt.
1462 2759 1656 2794 συναίνεσις
1675 2758 1743 2793 Ed.

154 2822 184 2845 2.
210 2825 301 2845 τινας
319 2816 351 2843 et
369 2809 387 2852 ἢ
407 2821 477 2843 om.
500 2809 540 2843 B.
685 2820 715 2853 7.
741 2812 977 2854 μυσταγωγῶν
998 2808 1038 2841 Β.
1056 2808 1285 2852 μυσταγωγὸς
1304 2806 1366 2839 Ed.
1516 2817 1568 2839 10.
1594 2805 1743 2839 ἁπεπτύ-

153 2872 208 2891 ετο
229 2857 270 2891 Β.
383 2867 395 2890 Ι
407 2868 435 2890 1.
462 2857 677 2900 ἑτοιμοτάτης
695 2867 758 2900 pro
776 2857 975 2900 ἑτοιμότατα
993 2855 1052 2897 τῆς
1072 2854 1112 2888 Β.
1229 2864 1282 2886 12.
1309 2854 1327 2886 ὁ
1345 2852 1460 2895 Σωτὴρ
1479 2852 1514 2885 ἐν
1530 2853 1745 2896 παραβολαῖς

152 2905 291 2938 inverso
310 2903 431 2938 ordine
453 2903 492 2936 B.
639 2913 693 2936 20.
719 2902 804 2947 πρὸ]
824 2903 901 2947 περὶ
923 2902 963 2936 Β.
1095 2900 1152 2934 28.
1179 2902 1238 2933 τοῦ
1257 2900 1378 2942 ζῶντος
1398 2906 1621 2944 assumptum
1640 2911 1681 2933 ex
1702 2898 1743 2933 B.

154 2949 209 2995 δὲ]
235 2955 269 2991 ÷
292 2953 392 2984 τοῦτο
413 2949 453 2983 Β.

1793 1247 1826 1279 S.
1840 1248 1922 1280 Luc.

1793 1292 1862 1323 viii.
1875 1291 1906 1324 6.

1795 1651 1873 1682 Joel
1889 1651 1922 1683 ii.

1801 1704 1850 1735 13.
