2084 3317
135 173 361 229 vi.32,33.
411 174 483 214 IN
525 173 568 214 S.
602 173 939 214 JOANNEM.
1003 173 1245 214 LIB.111.
1307 174 1542 214 CARVI.
1637 172 1716 211 461

135 282 250 347 ὁρᾶν
276 281 329 332 τὸ
353 284 401 333 ἐν
428 286 645 349 ψαλμοῖς
679 282 1037 352 μελῳδούμενον
1064 290 1090 312 “
1109 281 1292 349 ’Άρτον
1318 284 1517 347 οὐρανοῦ
1551 281 1719 331 ε”δωκεν
1780 299 1834 328 Ps.
1861 342 1880 348 ..

135 371 161 392 ‘⁶
187 364 358 426 αὐτοῖς,
399 363 542 430 ἄρτον
580 363 803 429 ἀγγέλων
843 365 1018 434 ἔφαγεν
1063 362 1355 430 ἄνθρωπος·”
1411 365 1520 414 ἀλλ’
1563 363 1715 423 ἔστιν,
1737 380 1758 406 C
1779 342 1896 425 ἓξὲξ.

133 442 273 506 οἶμαι,
311 449 433 496 πᾶσι
473 444 710 514 διαφανὲς,
750 445 820 497 ὅτι
866 450 961 497 τῶν
997 447 1046 497 ἐν
1084 450 1182 500 τοῖς
1225 446 1436 512 οὐρανοῖς
1480 443 1721 507 δυνάμεων

132 529 353 591 λογικῶν,
380 528 466 594 οὐχ
492 526 645 593 ἕτερος
668 526 728 578 ἀν
754 532 907 578 νοοῖτο
932 530 1008 579 καὶ
1034 528 1175 594 ἄρτος
1201 529 1278 578 καὶ
1304 525 1458 596 τροφὴ
1484 525 1614 592 παρὰ
1640 524 1722 576 τὸν

91 609 184 659 5ἐκ
223 611 349 659 Θεοῦ
389 607 580 675 Πατρὸς
622 613 890 674 Μονογενῆ.
957 609 1096 663 αὐτὸς
1135 610 1216 660 οὖν
1254 609 1345 675 ἄρα
1382 608 1437 660 τὸ
1475 606 1629 671 μάννα
1667 606 1722 657 τὸ

133 688 319 753 ἀληθὲς,
348 691 373 741 ὁ
409 690 549 756 ἄρτος
585 692 610 741 ὁ
644 691 700 760 ἐξ
732 692 943 758 οὐρανοῦ,
971 693 996 742 ὀ
1030 690 1166 759 πάσῃ
1203 692 1355 742 κτίσει
1390 694 1561 758 λογικῇ
1592 687 1722 754 παρὰ

134 774 260 822 Θεοῦ
289 771 479 838 Πατρὸς
506 772 868 840 χορηγούμενος.
923 777 986 826 εἷς
1012 773 1068 824 δέ
1092 796 1146 838 γε
1172 777 1267 824 τῶν
1292 772 1609 839 προκειμένων
1635 770 1723 835 τὴν

134 852 271 922 τάξιν
305 854 636 916 εἶσβαίνοντες,
671 854 812 905 ἐκεῖνό
853 858 1009 923 φαμεν
1038 854 1354 918 Κατανόησον
1389 854 1516 908 ὅπως
1555 854 1583 918 ἡ
1622 855 1723 905 θειά

133 957 183 985 τε
210 937 286 986 καὶ
317 936 495 986 ἄνωθεν
520 935 669 1002 χάρις,
698 937 772 986 καὶ
808 941 1053 986 νοσοῦσαν
1080 936 1184 986 ἔσθ’
1214 935 1291 986 ὅτε
1327 935 1387 986 τὰ
1412 935 1610 1000 συνήθη,
1638 935 1723 999 τὴν
1741 943 1769 983 d

67 1034 116 1060 10
134 1017 386 1083 ἀνθρώπου
424 1016 576 1085 φύσιν
611 1017 827 1069 ἀνθέλκει
864 1017 983 1084 πρὸς
1022 1016 1191 1082 ἑαυτὴν
1229 1019 1307 1068 καὶ
1344 1017 1576 1083 ἀνασώζει
1612 1040 1721 1068 ποι-

134 1098 294 1153 κίλως.
348 1103 552 1150 κατωθεῖ
584 1097 668 1163 μὲν
702 1099 796 1165 γὰρ
834 1101 971 1150 λίθου
1009 1100 1142 1163 δίκην
1174 1099 1425 1151 ἐπιπίπτον
1462 1103 1529 1168 τῷ
1568 1103 1633 1168 νῷ
1670 1098 1725 1149 τὸ

135 1182 359 1248 φρόνημα
392 1184 474 1244 τῆς
508 1181 704 1247 σαρκὸς,
733 1183 810 1232 καὶ
844 1179 964 1247 πρὸς
998 1181 1052 1231 τὸ
1084 1181 1201 1232 ’ίδιον
1228 1180 1415 1244 θέλημα
1441 1185 1725 1247 τυραννικῶς

134 1262 406 1328 ἐκβιάζεται,
434 1262 747 1330 ἀντιπεριάγει
782 1263 830 1314 δὲ
864 1262 1012 1315 πάλιν
1041 1263 1162 1327 ἡμᾶς
1197 1264 1222 1313 ὁ
1257 1262 1485 1329 Χριστὸς,
1513 1262 1725 1328 καθάπερ

134 1346 223 1395 τινὶ
250 1349 446 1415 χαλινῷ,
472 1344 591 1410 πρὸς
617 1345 704 1410 τὴν
729 1350 824 1396 τῶν
850 1344 1107 1409 ἀμεινόνων
1133 1346 1396 1409 ἐπιθυμίαν,
1422 1346 1498 1395 καὶ
1531 1348 1593 1398 εἰς
1626 1345 1725 1414 ἕξιν

69 1445 115 1483 15
136 1426 398 1493 ἀνακομίζει
436 1425 544 1481 τοὺς
583 1427 896 1491 νενοσηκότας
934 1427 1020 1491 τὴν
1054 1426 1298 1494 φιλόθεον.
1355 1425 1454 1478 ἰδοὺ
1493 1427 1586 1493 γὰρ
1625 1427 1725 1478 ἰδοὺ

135 1513 231 1562 τοῖς
256 1510 706 1560 κατολισθαίνουσιν
731 1513 794 1564 εἷς
820 1508 1094 1574 σωματικὰς
1119 1509 1302 1574 ἡδονὰς,
1325 1508 1409 1563 τὰς
1435 1509 1492 1578 ἐξ
1515 1510 1725 1575 οὐρανῶν

135 1590 423 1658 χορηγήσειν
473 1592 769 1658 ὑπισχνεῖται
819 1591 1016 1659 τροφὰς,
1060 1590 1146 1655 τὴν
1191 1590 1268 1642 διὰ
1318 1597 1402 1642 τοῦ
1448 1591 1765 1654 Πνεύματοςθ

135 1672 443 1739 παράκλησιν
488 1673 721 1738 δηλονότι,
762 1671 815 1724 τὸ
860 1673 1016 1736 μάννα
1066 1673 1120 1724 τὸ
1171 1671 1355 1737 νοητόν.
1431 1672 1507 1723 διὰ
1558 1673 1725 1739 γάρτοι

136 1754 304 1806 τούτου
341 1753 458 1821 πρὸς
497 1759 661 1806 πᾶσαν
693 1755 933 1818 ὑπομονὴν
962 1756 1038 1806 καὶ
1076 1755 1291 1822 ἀνδρείαν
1328 1755 1722 1821 διακρατούμεθα,

69 1859 121 1886 20
138 1838 213 1887 καὶ
237 1834 292 1887 τὸ
318 1836 384 1900 μὴ
409 1837 595 1888 πίπτειν
622 1836 679 1905 ἐξ
705 1838 950 1890 ἀσθενείας
982 1837 1055 1905 ἐφ’
1086 1836 1116 1887 ἃ
1148 1835 1215 1901 μὴ
1250 1839 1491 1903 προσῆκεν
1518 1838 1721 1902 ἀποκερ-

136 1918 369 1981 δαίνομεν.
424 1917 635 1985 ἐστήριζε
670 1919 826 1969 τοίνυν
852 1919 973 1982 ἡμᾶς
1007 1923 1070 1972 εὶς
1103 1918 1348 1979 εὐσέβειαν
1374 1920 1450 1969 καὶ
1485 1917 1638 1969 πάλαι
1671 1918 1726 1969 τὸ

135 1998 290 2063 μάννα
327 1999 381 2051 τὸ
420 1999 600 2064 νοητὸν,
640 2001 856 2052 τουτέστι
896 1999 1124 2067 Χριστός.
1198 1999 1355 2064 ἐπειδὴ
1395 1999 1443 2051 δὲ
1482 1998 1617 2068 ἅπαξ
1651 2000 1728 2050 διὰ

136 2080 224 2146 τὴν
254 2083 429 2149 χρείαν,
461 2085 523 2136 ὡς
560 2083 608 2132 ἐν
641 2081 835 2143 ἐκβάσει
872 2088 956 2134 τοῦ
994 2082 1144 2148 λόγου
1182 2081 1458 2148 γεγόναμεν,
1491 2083 1572 2133 οὐκ
1611 2081 1721 2147 ἀζή-

136 2187 278 2229 τητον
304 2163 447 2216 αὐτὸν
474 2162 601 2228 οἶμαι
625 2164 817 2231 πρέπειν
842 2167 936 2229 ἐᾶν,
962 2167 1149 2232 ἐπείπερ
1184 2165 1276 2233 ἔχει
1308 2164 1437 2217 πολὺ
1470 2164 1524 2216 τὸ
1560 2169 1728 2216 τελοῦν

68 2264 119 2303 25
138 2249 199 2300 εἷς
225 2245 409 2310 ὅνησιν.

213 2329 403 2379 Οὐκοῦν
426 2331 522 2395 ἐρεῖ
551 2352 620 2382 τις
654 2328 863 2395 εὐλόγως
886 2329 1040 2380 ”Ὀτου
1076 2328 1132 2394 δὴ
1168 2327 1306 2397 χάριν
1333 2329 1358 2379 ὁ
1386 2326 1726 2396 φιλάνθρωπός
1744 2351 1766 2375 a
1803 2343 1880 2377 315
1898 2341 1950 2378 A.

137 2432 187 2461 τε
226 2411 302 2460 καὶ
338 2410 594 2478 φιλάρετος
629 2411 750 2462 οὕτω
778 2411 913 2475 Θεὸς,
941 2410 1045 2462 δεόν
1070 2409 1258 2480 φθάσαι
1291 2409 1377 2474 μὲν
1403 2410 1488 2474 τὴν
1515 2410 1723 2473 αἴτησιν,

139 2491 365 2558 ὑστερίζει
399 2493 505 2559 περὶ
538 2491 625 2556 τὴν
650 2493 932 2560 ὑπόσχεσιν·
976 2492 1162 2559 κολάζει
1196 2490 1345 2559 γεμὴν
1371 2492 1585 2554 οὐδαμῶς
1620 2490 1728 2545 τοὺς

139 2575 261 2624 οὕτω
310 2575 708 2640 διεστραμμένους
758 2574 845 2639 τὴν
894 2575 922 2625 ἕ
951 2599 1007 2638 ιν,
1059 2575 1209 2626 καίτοι
1266 2573 1481 2628 κολάσας
1533 2575 1581 2623 ἐν
1631 2578 1728 2628 τοῖς

187 2749 221 2782 5.
247 2739 312 2784 ἄρα
337 2750 408 2773 om.
437 2739 479 2773 B.
505 2740 611 2774 habet
636 2741 792 2786 Nikeph.
851 2732 968 2777 Verba
993 2742 1162 2776 nonnulla
1187 2740 1254 2775 hoc
1280 2752 1298 2775 e
1323 2741 1399 2774 loco
1425 2740 1506 2774 citat
1533 2739 1667 2774 Catena
1691 2740 1728 2774 in

141 2786 313 2826 PsaImos,
333 2786 368 2819 in
389 2786 476 2820 Maii
496 2786 587 2821 Bibl.
607 2787 700 2822 Nov.
717 2788 764 2822 iii.
782 2797 862 2833 407.
1048 2799 1100 2822 11.
1127 2788 1317 2822 ἐπιπίπτειν
1335 2788 1381 2821 D.
1573 2798 1625 2829 15.
1650 2787 1728 2822 τοὺς

140 2834 362 2876 νενοσηκότας
379 2832 567 2876 ἀνακομίζει
585 2834 723 2868 inverso
741 2835 862 2869 ordine
882 2835 924 2869 Β.
1182 2844 1234 2879 17.
1259 2831 1484 2879 χορηγήσειν]
1504 2834 1666 2878 χορηγίας
1686 2833 1727 2868 Β.

145 2891 198 2924 19.
225 2880 279 2913 καὶ
297 2879 450 2924 ἀνδρείαν
468 2887 648 2924 assumpta
666 2893 707 2914 ex
726 2880 769 2915 Β.
1051 2892 1105 2923 24.
1131 2881 1221 2915 πολὺ
1238 2882 1277 2914 τὸ
1294 2879 1432 2925 τελοῦν]
1451 2881 1665 2914 πολυτελοῦν
1684 2880 1726 2914 Β.

143 2936 198 2971 27.
223 2926 358 2971 φθάσαι
374 2926 435 2969 μὲν
452 2925 518 2960 hoc
536 2927 657 2960 ordine
678 2927 719 2961 B.
882 2929 937 2971 28,
958 2939 1012 2972 ²9·
1039 2928 1192 2970 οὐδαμῶς
1209 2933 1242 2961 et
1259 2927 1318 2971 τὴν
1335 2926 1406 2970 ἕξιν
1422 2933 1604 2972 assumpta
1621 2939 1662 2961 ex
1683 2926 1725 2961 B.

141 2973 349 3018 particulam
368 2973 406 3006 οὐ
424 2980 504 3006 ante
522 2974 654 3015 κολάζει
673 2974 848 3019 supplevit
865 2975 955 3009 inter
972 2985 1083 3009 uncos
1103 2974 1237 3018 Migne.
