2084 3317
365 162 449 201 352
769 163 818 203 B.
853 162 1125 204 CYRILLI
1166 163 1549 205 ALEXANDR.
1832 180 1869 204 v.
1889 178 1956 219 30.

364 268 451 333 τὴν
479 269 624 334 αὐτὴν
649 272 722 340 ἐφ’
750 271 932 323 ἅπασιν
958 272 1190 339 ἐνέργειαν
1224 295 1272 324 τε
1308 276 1383 323 καὶ
1420 273 1643 342 ἐξουσίαν
1678 272 1771 340 ε”χει
1805 277 1955 341 φυσι-

365 355 473 406 κῶς.
529 352 658 418 λέγει
693 352 742 404 δὲ
776 352 841 417 μὴ
874 354 1113 405 δύνασθαί
1140 377 1185 405 τι
1218 359 1367 406 ποιεῖν
1397 356 1480 423 ἀφ’
1509 355 1688 417 ἑαυτοῦ,
1715 355 1884 421 κρίνειν
1912 354 1960 405 δὲ

364 435 525 497 οὕτως,
552 434 716 501 ὥσπερ
749 434 808 486 ἂν
834 437 1053 487 ἀκοῦσαι·
1096 435 1257 505 τρόπῳ
1282 435 1431 487 πάλιν
1454 437 1609 506 ἑτέρῳ,
1638 439 1713 488 καὶ
1750 435 1956 501 Ζσογνώ-

364 539 488 579 μονα
531 518 607 567 καὶ
651 520 880 580 ἱσοσθενῆ
923 516 1143 568 δεικνύων
1186 516 1350 568 ἑαυτὸν
1395 522 1462 588 τῷ
1508 522 1616 587 Θεῷ
1661 520 1736 570 καὶ
1783 519 1956 584 Πατρί.

1817 605 1837 614 Α
1861 599 1872 615 ’
1912 598 1930 618 ’Χ

327 619 348 645 e
367 595 471 649 οὐδὲ
498 596 591 664 γὰρ
617 598 804 665 ἐνεργὸς
830 600 941 664 περί
961 622 1006 650 τι
1037 603 1133 650 τῶν
1159 598 1308 650 ὄντων
1335 599 1444 667 δίχα
1480 605 1563 651 τοῦ
1589 603 1707 651 Υἱοῦ
1735 623 1860 651 νοοιτ
1902 623 1960 650 αν
1979 613 2001 652 5

363 678 506 740 μόνος
551 682 628 730 καὶ
679 680 786 731 καθ’
835 680 1001 731 ἑαυτὸν
1043 682 1068 732 ὁ
1116 680 1299 747 Πατὴρ,
1347 680 1488 749 ἰσχὺν
1531 681 1652 750 ἔχων
1696 680 1838 734 αὐτὸν
1883 684 1960 732 καὶ

140 775 246 820 Supra
364 760 576 824 δύναμιν·
620 760 691 813 διὸ
718 761 775 827 δὴ
803 769 830 792 “
849 761 1006 814 πάντα
1033 763 1088 814 δι’
1118 763 1280 826 αὐτοῦ,
1311 765 1387 814 καὶ
1422 766 1565 832 χωρὶς
1600 765 1743 815 αὐτοῦ
1778 762 1960 829 ἐγένετο

138 827 205 858 ¹⁸3¹
364 850 391 872 ‘⁶
418 843 522 895 οὐδὲ
561 844 655 895 ἕν·”
708 845 803 895 οὐδ’
853 846 912 896 αὖ
951 845 1100 897 πάλιν
1138 845 1450 914 ἐξεργάσεταί
1491 869 1535 897 τι
1579 847 1690 897 καθ’
1731 845 1896 897 ἑαυτὸν
1934 847 1960 896 ὁ

363 923 491 989 Υἱὸς,
538 925 602 991 μὴ
649 927 753 995 οὐχὶ
798 926 1027 981 συνόντος
1071 928 1197 997 αὐτῷ
1240 934 1324 979 τοῦ
1373 926 1578 995 Πατρός.
1631 927 1708 979 διὰ
1749 926 1843 994 γάρ
1888 949 1960 978 τοι

138 1024 289 1097 {gre-1²&
361 1013 499 1059 τοῦτο
535 1009 616 1059 καί
647 1013 799 1077 φησιν
827 1015 853 1038 “
872 1010 981 1061 Ἀπ’
1011 1011 1213 1073 ἐμαυτοῦ
1245 1009 1380 1061 οὐδὲν
1410 1015 1546 1062 ποιῶ·
1590 1011 1614 1061 ὁ
1650 1009 1699 1061 δὲ
1728 1009 1898 1076 Πατὴρ
1934 1010 1959 1060 ὁ
1983 1031 2029 1055 10

138 1111 205 1142 xiv.
229 1120 275 1142 10.
361 1097 389 1119 ‘⁶
416 1091 465 1141 ἐν
490 1092 590 1154 ἐμοὶ
615 1091 768 1155 μένων
794 1096 920 1143 ποιεῖ
940 1091 1000 1142 τὰ
1027 1091 1144 1159 ε”ργα
1171 1091 1350 1146 αὐτός.”
1406 1094 1483 1143 καὶ
1517 1093 1570 1143 οὐ
1606 1090 1759 1157 δήπου
1791 1095 1959 1143 διακει-

361 1172 548 1236 σόμεθα
572 1175 897 1234 δυναμοῦσθαι
923 1174 1008 1238 μὲν
1034 1177 1097 1228 ὡς
1132 1175 1189 1243 ἐξ
1221 1175 1467 1228 ἀσθενείας
1498 1174 1629 1241 παρὰ
1655 1179 1740 1225 τοῦ
1768 1173 1959 1239 Πατρὸς

361 1253 443 1305 τὸν
469 1254 601 1318 Υἱὸν,
635 1259 945 1323 χορηγεῖσθαι
984 1255 1032 1307 δὲ
1073 1255 1222 1307 πάλιν
1261 1258 1387 1326 αὐτῷ
1430 1257 1506 1307 καὶ
1545 1255 1632 1320 τὴν
1669 1257 1741 1325 ἐφ’
1779 1254 1960 1306 ἅπασιν

316 1344 345 1386 d
362 1336 595 1404 ἐξουσίαν·
635 1335 664 1402 ἢ
711 1336 806 1404 γὰρ
850 1335 908 1387 ἀν
952 1337 1101 1388 οὐκέτι
1147 1336 1176 1405 ᾗ
1224 1336 1344 1388 κατὰ
1386 1337 1537 1405 φύσιν
1577 1336 1714 1400 Θεὸς,
1757 1335 1959 1388 ἐπακτὸν

360 1417 524 1485 ὥσπερ
564 1418 685 1487 ἔχων
723 1419 777 1470 τὸ
817 1422 901 1483 τῆς
942 1419 1164 1484 θεότητος
1210 1420 1409 1474 κάλλος·
1451 1419 1563 1471 ἀλλ’
1608 1419 1712 1471 οὐδὲ
1753 1418 1893 1473 αὐτὸς
1934 1420 2028 1474 ὀῐ5

362 1502 532 1568 Πατὴρ
583 1503 632 1553 ἐν
676 1500 895 1569 ἀκράτοις
945 1507 1041 1554 τῶν
1091 1504 1286 1568 ἀγαθῶν
1329 1504 1579 1570 ὑπεροχαῖς
1632 1502 1698 1553 ε”τι
1744 1502 1959 1564 κείσεται,

361 1581 599 1648 δυνάμεως
637 1587 720 1648 τῆς
758 1584 870 1651 παρ’
898 1584 1057 1651 ἑτερου
1096 1587 1169 1636 καὶ
1210 1584 1430 1654 ἐξουσίας
1470 1585 1689 1648 δεόμενον
1722 1583 1843 1651 ἔχων
1876 1582 1960 1635 τὸν

360 1669 442 1730 τῆς
471 1668 585 1721 ἰδίας
614 1666 807 1734 φύσεως
839 1670 1116 1734 χαρακτῆρα
1144 1666 1321 1733 Λόγον.
1376 1665 1690 1733 ζητηθήσεται
1726 1665 1820 1734 γὰρ
1847 1666 1958 1717 ἀνα-

361 1747 517 1813 λόγως
543 1753 601 1817 τῇ
631 1748 772 1800 εἰκόνι
803 1751 879 1800 καὶ
913 1753 980 1818 τῷ
1010 1748 1261 1818 ἀρχετύπῳ
1287 1753 1383 1800 τῶν
1408 1750 1660 1816 εἰρημένων
1687 1750 1712 1800 ὁ
1738 1748 1957 1816 χορηγὸς,

362 1832 482 1882 οὕτω
522 1854 571 1882 τε
609 1829 779 1882 λοιπὸν
815 1835 877 1885 εἷς
916 1832 1180 1898 ἀπέραντον
1206 1830 1402 1897 ζήτησιν
1435 1833 1460 1882 ὁ
1496 1830 1643 1897 λόγος
1678 1831 1788 1895 ἡμῖν
1820 1831 1954 1898 οὶχή-
1980 1852 2030 1878 20

323 1941 345 1968 e
363 1935 512 1976 σεται,
540 1915 614 1964 καὶ
642 1917 705 1967 εἰς
731 1911 859 1974 βαθὺ
883 1917 1216 1982 βλασφημιῶν
1242 1915 1536 1980 ἐκδραμεΐται
1561 1913 1788 1979 πέλαγος.
1844 1914 1955 1963 ἀλλ’

362 1996 547 2061 ἐπείπερ
582 1997 632 2046 ἐκ
671 1998 753 2059 τῆς
786 2001 870 2046 τοῦ
905 1995 1097 2062 Πατρὸς
1137 1996 1300 2048 οὐσίας
1343 1994 1568 2063 ὑπάρχων
1595 1996 1619 2046 ὁ
1645 1994 1773 2057 Υἱὸς,
1800 1995 1958 2046 ποίντα

362 2077 421 2128 τὰ
448 2083 530 2128 τοῦ
556 2076 875 2143 γεννήσαντος
908 2076 1001 2127 ἰ’δια
1033 2075 1152 2127 κατὰ
1178 2076 1328 2145 φύσιν
1354 2075 1588 2143 ἐπάγεται,
1616 2079 1691 2127 καὶ
1718 2077 1958 2130 οὐσιωδῶς

363 2159 606 2227 ἀνατρέχει
655 2159 774 2225 πρὸς
823 2160 936 2223 μίαν
984 2159 1110 2228 αὐτῷ
1154 2159 1353 2223 θεότητα
1406 2158 1482 2210 διὰ
1531 2158 1585 2210 τὸ
1636 2161 1719 2223 τῆς
1765 2158 1957 2228 φύσεως

363 2242 752 2308 ἀπαράλλακτον,
785 2240 888 2291 ἔστι
925 2239 1011 2304 μὲν
1046 2240 1184 2293 αὐτὸς
1223 2242 1270 2291 ἐν
1301 2242 1472 2306 Πατρὶ,
1507 2241 1600 2308 ἔχει
1638 2241 1677 2291 δ’
1712 2241 1770 2292 αὖ
1808 2240 1957 2292 πάλιν
1980 2259 2028 2298 25

362 2325 412 2375 ἐν
438 2326 585 2393 ἑαυτῷ
610 2322 692 2375 τὸν
721 2323 930 2389 Πατέρα·
974 2321 1122 2373 διάτοι
1149 2328 1303 2385 τοῦτο,
1328 2322 1566 2376 πολλάκις
1592 2321 1958 2389 ἀκατηγορήτως

363 2430 414 2458 τε
448 2409 524 2458 καὶ
560 2408 751 2470 ἀληθῶς
790 2406 1040 2469 ἀνατίθησι
1078 2409 1144 2473 τῷ
1174 2407 1329 2471 Πατρὶ
1368 2409 1463 2455 τῶν
1490 2405 1667 2456 οἰκείων
1694 2405 1845 2471 ἔργων
1869 2403 1957 2468 τὴν

363 2487 579 2552 δύναμιν,
610 2489 693 2539 οὐκ
718 2487 810 2557 ἔξω
834 2492 917 2538 τοῦ
944 2487 1176 2538 δύνασθαι
1209 2488 1348 2539 τιθεὶς
1375 2487 1556 2550 ἑαυτὸν,
1586 2486 1718 2537 ἀλλὰ
1743 2491 1802 2555 τῇ
1827 2489 1952 2553 ἐνερ-

142 2590 227 2625 239
243 2588 294 2624 A.
323 2599 346 2624 a
363 2572 467 2640 γείᾳ
492 2574 575 2635 τῆς
599 2575 708 2635 μιᾶς
729 2571 946 2635 θεότητος
972 2568 1031 2620 τὰ
1055 2568 1213 2620 πάντα
1237 2570 1534 2635 προσνέμων·
1567 2571 1651 2633 μία
1671 2569 1719 2620 δὲ
1744 2569 1772 2633 ἡ
1793 2568 1955 2633 θεότης

362 2654 411 2704 ἐν
439 2655 595 2720 Πατρὶ
621 2655 696 2704 καὶ
722 2655 770 2704 ἐν
794 2655 896 2722 Υἱῲ
923 2653 997 2702 καὶ
1024 2653 1072 2703 ἐν
1095 2651 1245 2720 εΑγίῳ
1276 2652 1532 2715 Πνεύματι.
1976 2667 2026 2704 30

413 2800 442 2823 1.
469 2788 524 2833 ἐφ’
544 2789 671 2823 ἅπασιν
688 2795 910 2833 assumptum
930 2799 971 2822 ex
992 2787 1033 2821 B.
1182 2796 1212 2832 7.
1237 2787 1376 2831 γέγονεν
1393 2786 1490 2821 οὐδέν
1506 2787 1546 2821 Β.
1692 2798 1724 2831 9.
1751 2801 1802 2820 τοι
1820 2797 1889 2820 om.
1911 2785 1952 2820 B.

367 2847 419 2870 10.
447 2836 544 2870 οὐδὲν
559 2839 644 2870 ποιῶ
663 2836 729 2869 hoc
747 2835 869 2869 ordine
887 2835 927 2870 Β.
994 2836 1012 2868 ὁ
1032 2835 1091 2868 alt.
1110 2846 1178 2867 om.
1199 2834 1239 2867 Β.
1293 2834 1453 2868 Formam
1473 2833 1644 2868 citationis
1664 2833 1811 2867 similem
1825 2832 1953 2868 videsis

362 2883 397 2916 in
416 2883 473 2916 xii.
496 2882 624 2926 Proph.
645 2882 710 2927 687
731 2894 760 2916 c.
880 2893 931 2915 12.
960 2882 1002 2919 ὡς
1021 2893 1091 2915 om.
1115 2881 1153 2914 Β.
1280 2891 1331 2924 13.
1359 2881 1394 2914 δὲ
1414 2887 1446 2915 et
1464 2881 1517 2915 καὶ
1535 2892 1605 2915 om.
1627 2879 1669 2914 B.
1794 2891 1845 2921 14.
1871 2879 1889 2922 ἢ
1911 2879 1951 2912 B.

362 2929 401 2963 οὗ
420 2929 487 2963 Ed.
553 2928 574 2973 ᾗ
594 2929 686 2964 RD.
706 2928 744 2972 ἦν
762 2929 828 2963 Ed.
1014 2939 1067 2973 29.
1095 2926 1160 2971 ἅμα
1180 2938 1242 2972 pro
1260 2928 1319 2970 μία
1340 2927 1380 2962 B.
1571 2938 1628 2973 30.
1654 2926 1689 2960 ἐν
1707 2926 1903 2962 secundum
1921 2932 1953 2960 et

362 2976 502 3011 tertium
521 2980 702 3021 assumpta
720 2988 761 3009 ex
781 2975 821 3010 B.
