2084 3317
136 161 205 203 vii.
230 173 294 216 17.
375 166 449 206 IN
492 168 534 208 S.
569 170 906 214 JOANNEM.
970 175 1094 217 LIB.
1129 177 1206 218 IV.
1269 179 1402 221 CAP.
1426 181 1479 221 V.
1641 182 1722 222 605

137 272 212 322 καὶ
255 273 552 340 ἀπαύγασμα
598 278 743 346 τυχὸν
785 281 843 350 ἐξ
884 281 1033 346 ἡλίου,
1078 284 1155 335 διὰ
1202 291 1341 337 τοῦτο
1391 287 1483 354 χρὴ
1534 311 1724 343 παντως

135 351 317 404 οιέσθαι
354 359 448 406 τῶν
482 358 808 423 ἐκβεβηκότων
847 363 1072 432 ὑπάρχειν
1111 367 1261 432 ε’ρημα
1300 367 1359 419 τὰ
1398 369 1717 434 γεννήσαντα,

133 437 325 494 μᾶλλον
369 436 417 487 δὲ
459 440 647 491 κάκεῖνα
692 444 741 492 ἐν
784 444 977 507 τούτοις,
1023 449 1099 497 καὶ
1146 454 1294 500 ταῦτα
1345 449 1394 500 δὲ
1444 452 1494 501 ἐν
1536 452 1723 506 ἐκείνοις

134 514 458 583 ἐνυπάρχοντα
494 520 642 572 πάλιν
680 524 913 592 ὀψόμεθα.
965 527 1142 594 ἄλογος
1179 529 1273 596 γὰρ
1311 532 1395 582 οὐκ
1433 531 1568 583 ἔσται
1605 556 1720 584 ποτε

91 606 112 644 5
133 601 253 659 νοῦς,
287 599 398 649 ἀλλ’
439 601 544 652 οὐδε
582 604 728 669 λόγος
767 607 850 658 οὐκ
889 607 1010 675 ἔχων
1041 609 1124 661 τὸν
1158 613 1206 662 ἐν
1241 613 1367 663 αὑτῶ
1405 616 1722 683 μορφωθέντα

134 684 258 730 νοῦν.
312 681 560 749 ἀναλόγως
586 684 634 736 δε
660 686 812 738 τούτω
840 711 914 740 και
941 689 995 741 τὸ
1021 690 1178 758 ἕτερον
1203 693 1528 763 ε’κληψόμεθα.

1738 808 1766 848 d

148 844 256 887 Ἐάν
296 863 356 889 τις
393 848 441 891 τὸ
480 850 645 899 θέλΗμα
684 852 814 894 αὐτοῦ
853 857 970 914 Ποιιῇ,
1008 855 1216 904 Γνώσεται
1253 860 1352 917 Περὶ
1389 863 1466 903 τι-ἳε
1504 862 1694 921 διδαχῆς,
1741 876 1785 915 17

226 930 409 987 πότερον
447 932 493 973 ὲκ
530 938 604 974 τοῦ
644 934 754 976 Θεοῦ
792 936 919 989 ἐστιν,
958 937 982 980 ἐῐ
1020 939 1106 987 {sch
1144 942 1209 983 ἀπ’
1254 942 1440 991 ἐμαυτοῦ
1480 947 1614 988 λαλῶ.

201 1035 469 1102 Ἀζητήτως
495 1039 579 1104 μὲν
604 1041 692 1092 ἔδει
717 1045 792 1094 καὶ
824 1044 1001 1100 παντὸς
1034 1048 1316 1112 ε’νδοιασμοῦ
1351 1052 1459 1119 δίχα
1491 1053 1598 1108 τοὺς
1633 1058 1716 1118 τῆς

63 1139 109 1163 10
128 1119 350 1182 ἀληθείας
383 1122 745 1191 παραδέξασθαι
780 1124 968 1192 λόγους,
999 1151 1074 1179 και
1109 1128 1164 1180 τὸ
1199 1129 1335 1201 ἅπαξ
1364 1135 1616 1200 εἰρημένον,
1647 1135 1714 1201 μὴ

126 1201 291 1267 ἑτερως
329 1202 450 1270 ε’χειν
486 1204 719 1257 δύνασθαι
757 1208 1009 1272 πιστεύειν,
1042 1209 1070 1275 ἢ
1110 1235 1274 1280 ωσπερ
1314 1214 1372 1265 ἂν
1409 1214 1524 1268 εἶναι
1562 1220 1716 1285 διωρι-

126 1304 267 1333 σατο.
322 1283 452 1349 πλὴν
486 1287 569 1336 οὐκ
605 1287 994 1341 ἀναπόδεικτον’
971 1295 1024 1360 εᾷ
1062 1293 1138 1344 διὰ
1175 1294 1283 1350 τοῦς
1317 1298 1626 1354 ἀπειθοῦντας
1659 1300 1714 1351 τὸ

126 1362 447 1429 λεγόμενον,’
424 1389 778 1434 εναργεστατην
805 1371 853 1422 δὲ
879 1373 1005 1423 αὐτῶ
1032 1397 1107 1425 και
1132 1380 1272 1444 σαφῆ
1299 1379 1408 1429 λίαν
1435 1379 1598 1446 ἐπάγει
1627 1381 1714 1446 τὴν

126 1445 283 1507 λύσιν,
310 1469 450 1515 τεχνῃ
476 1454 642 1518 πολλῇ
674 1474 879 1517 κερασας
914 1460 998 1506 τοῦ
1031 1455 1182 1522 λόγου
1214 1458 1268 1509 τὸ
1303 1463 1485 1528 σχῆμα
1541 1466 1618 1514 καὶ
1643 1466 1750 1519 τίςθ

58 1526 153 1588 ῐόἡ
194 1525 349 1594 τέχνη,
392 1552 460 1583 τις
505 1530 553 1581 δὲ
596 1535 678 1596 τῆς
723 1536 986 1598 οἰκονομίας
1032 1538 1057 1588 6
1103 1538 1263 1605 λόγος,
1302 1543 1496 1607 ἐροῦμεν
1541 1545 1706 1598 πάλιν.

122 1607 310 1673 ἐζήτουν
361 1611 502 1662 αὐτὸν
553 1615 820 1667 ἀποκτεῖναι
880 1616 956 1668 δια
1012 1619 1096 1670 τὸν
1146 1644 1364 1688 παρετον,
1415 1625 1499 1675 τὸν
1548 1628 1596 1677 ἐν
1643 1633 1710 1697 τῷ

121 1689 361 1761 σαββάτω
405 1697 748 1760 θεραπευθεντα
789 1699 929 1766 φημί.
999 1701 1117 1762 ὁμοῦ
1157 1711 1408 1771 τοιγαροῦν
1445 1707 1594 1773 ἠρέμα
1632 1715 1708 1761 καὶ

122 1771 413 1837 ὑποπλήττει
445 1777 796 1840 διανοουμενους
830 1779 919 1845 ἠδη
953 1784 1053 1833 κατ’
1082 1785 1224 1836 αὐτοῦ
1251 1785 1304 1836 τὸ
1331 1787 1493 1852 δεινὸν,
1520 1812 1596 1840 και
1622 1791 1709 1855 τὴν

121 1853 190 1903 ἐπ’
209 1854 335 1904 αὐτῶ
359 1858 632 1925 μιαιφονιαν
652 1860 902 1913 ὠδινοντας
924 1864 1151 1932 διελεγχει
1176 1871 1410 1967 σαφῶς,
1381 1893 1444 1924 ως
1468 1872 1708 1937 ἐπιθυμεῖν

53 1952 102 1977 20
119 1906 367 1998 ἑλομένους
397 1944 705 2004 πληροῦσθαι
738 1941 793 1992 τὸ
830 1944 986 1998 αὐτοῖς
1022 1950 1264 2008 μᾶλλον’
1240 1949 1359 2016 η’περ
1385 1951 1438 2002 τὸ
1465 1957 1532 2003 τῶ
1558 1977 1700 2018 νομο-

119 2015 230 2084 θέτῃ
257 2019 438 2070 δοκοῦν.
494 2020 683 2072 εἴσεσθε
709 2045 802 2088 γαρ
828 2023 934 2076 τότε
967 2025 1024 2090 δὴ
1057 2027 1287 2093 μαλιστα,
1316 2036 1452 2100 φησι,
1481 2035 1568 2099 τὴν
1593 2039 1703 2104 παρ’

117 2099 231 2160 ἐμοῦ
273 2096 544 2198 ὃιδαχην,
520 2124 591 2152 οτι
637 2128 707 2154 του
753 2107 867 2156 Θεοῦ
907 2108 983 2157 καὶ
1024 2110 1217 2176 Πατρός
1262 2114 1385 2176 ἐστιν,
1425 2116 1544 2167 ἐπὰν
1581 2119 1697 2179 βού-
1723 2144 1746 2168 a
1780 2136 1927 2172 414A.

117 2184 286 2232 λοισθε
315 2187 412 2236 τοῖς
445 2183 616 2234 ἐκεινου
650 2189 842 2248 μᾶλλον
874 2186 992 2254 ἤπερ
1027 2196 1123 2244 τοῖς
1162 2194 1343 2249 οἰκείοις
1378 2198 1703 2264 ἀκολουθῆσαι

116 2261 368 2326 θελήμασι.
439 2262 612 2332 θελημα
653 2266 702 2317 δε
745 2273 827 2318 τοῦ
868 2272 1123 2333 νομοθετου
1168 2298 1244 2325 και
1293 2280 1431 2341 Θεοῦ,
1470 2280 1524 2330 7·6
1569 2305 1697 2345 μιαι·

48 2353 95 2391 25
116 2343 283 2412 φονίας
322 2345 607 2413 εξιστασθαι
648 2355 908 2404 παντελῶς.
970 2353 1076 2405 τότε
1117 2355 1211 2423 γὰρ
1249 2359 1369 2420 τότε,
1411 2364 1576 2428 φησὶν,
1616 2365 1701 2415 οὐκ

113 2425 258 2475 ἀδίκω
313 2428 442 2487 μίσει
501 2432 969 2497 προκατειλημμενοι,
1021 2436 1124 2487 οὐδὲ
1179 2437 1340 2509 τρόπω
1397 2446 1706 2510 θηριοπρεπεῖ

110 2505 229 2597 πρὸς
255 2507 339 2557 οὐκ
362 2507 598 2574 εὐκαίρους
624 2511 769 2577 ὄργας
794 2514 1115 2582 ἐξωθούμενοι,
1143 2521 1469 2586 διαγνώσεσθε
1500 2531 1692 2594 σαφῶς,

110 2598 282 2655 πότερον
309 2589 360 2640 ἐκ
385 2591 496 2640 Θεοῦ
522 2591 633 2642 ἐστιν
659 2594 684 2643 6
710 2619 785 2654 της
811 2597 921 2660 ἐμῆς
949 2595 1140 2662 δὶὸαχης
1166 2601 1369 2667 λόγος,
1347 2630 1368 2664 η
1394 2609 1478 2656 ἀπ’
1506 2609 1697 2675 ἐμαυτοῦ

110 2668 262 2720 λαλῶ.
329 2670 497 2722 οὐκοῦν
540 2677 607 2723 τῶ
656 2678 878 2747 χρησίμῳ
929 2683 1296 2752 συναναπλεξας
1343 2686 1427 2736 τὸν
1469 2686 1690 2757 ελεγχον,

161 2819 190 2841 1.
215 2808 347 2843 πάντως
363 2809 428 2854 χρὴ
447 2809 585 2846 inverso
603 2813 726 2849 ordine
744 2815 786 2850 B.
915 2817 948 2852 6
975 2820 1027 2853 καὶ
1045 2831 1115 2855 om.
1136 2821 1180 2856 B.
1311 2836 1363 2870 13.
1390 2826 1632 2873 ἐνεργεστερον
1650 2804 1694 2865 Β.

113 2852 168 2888 16.
192 2855 339 2898 πάρετον
358 2855 400 2889 Β.
419 2858 616 2899 παράλυτοι]
633 2859 700 2895 Ed.
824 2874 877 2907 19.
903 2864 956 2898 υπ’
976 2866 1065 2911 αὐτῷ
1087 2867 1128 2901 Β.
1243 2881 1298 2904 20.
1324 2873 1541 2917 πληροῦσθαι
1559 2887 1629 2910 om.
1651 2877 1693 2912 B.

108 2901 193 2944 ἥπερ
215 2900 254 2934 Β.
263 2900 340 2936 D.
324 2917 342 2944 η
362 2902 430 2936 Ed.
537 2915 593 2939 21.
618 2907 695 2940 τότε
712 2908 752 2951 δὴ
769 2910 939 2956 μάλιστα]
958 2913 1110 2955 μάλιστα
1128 2916 1204 2949 τότε
1225 2916 1266 2951 Β.
1367 2929 1424 2953 22.
1449 2920 1626 2965 βούλησθε
1646 2923 1692 2958 D.

109 2955 164 2989 25.
190 2947 300 2991 φησιν
316 2949 393 2983 τότε
412 2949 549 2984 inverso
566 2951 687 2987 ordine
707 2954 749 2989 Β,
848 2966 902 3000 27.
929 2958 989 2991 οἰκ
1006 2971 1076 2994 om.
1098 2960 1138 2995 Β,
1237 2974 1291 3008 29.
1318 2968 1580 3011 συναποπλέξας
1599 2969 1641 3004 Β.
