2084 3317
317 199 400 239 278
720 198 766 237 B.
802 197 1077 237 CYRILLI
1120 196 1497 237 ALEXANDR.
1762 194 1815 235 iv.
1837 207 1900 236 22.

317 307 370 358 οὐ
404 306 498 373 γὰρ
533 308 678 359 οὕτως
713 305 902 369 οἰόμεθα
937 309 1105 373 χρῆναι
1141 310 1425 370 προσκυνεῖν
1451 304 1593 355 αὐτὸν
1623 307 1689 372 τῷ
1724 305 1899 369 Πατρὶ,

317 389 479 454 ὥσπερ
522 389 603 439 οὖν
641 388 805 452 ἀμέλει
846 390 921 438 καὶ
962 388 1082 451 ἡμᾶς
1127 387 1155 452 ἢ
1201 389 1276 437 καὶ
1320 385 1557 451 ἀγγέλους
1594 384 1752 454 τυχὸν,
1791 385 1902 434 ἀλλ’

316 468 551 538 ἐξαίρετός
585 493 653 523 τις
685 471 815 520 ἐστὶν
842 469 868 532 ἡ
894 473 1012 520 Υὶοῦ
1038 469 1378 534 προσκύνησις,
1407 471 1482 519 καὶ
1515 467 1642 520 πολὺ
1676 470 1759 530 τῆς
1793 466 1902 531 παρ’

319 553 450 616 ἡμῶν
475 554 522 602 ἐν
549 551 777 614 ἀμείνοσι.

392 633 459 684 Τι’
489 634 569 684 οὖν
595 631 714 698 πρὸς
749 637 894 683 ταῦτα
920 632 1068 683 πάλιν
1095 633 1286 697 ἐροῦμεν
1312 632 1442 696 ἡμεῖς
1465 652 1476 692 3
1521 631 1605 683 Ὠς
1637 630 1903 699 ἀξιολογω-

318 712 477 779 τάτην,
514 712 550 764 ὦ
590 714 822 779 ἄνθρωπε,
857 715 1105 779 περιτιθεὶς
1142 717 1208 782 τῷ
1247 717 1514 778 Μονογενεῖ
1548 710 1634 775 τὴν
1668 713 1903 773 δουλείαν,

273 803 299 844 d
319 798 394 847 καὶ
421 795 644 847 οἰκετικὸν
669 795 856 864 ἀξίωμα
891 800 986 849 τοῖς
1021 795 1078 864 ἐξ
1110 794 1293 859 ἀπάτης
1328 793 1711 861 καταχρυσώσας
1746 793 1908 859 λόγοις

317 880 456 941 τισὶν,
489 878 570 928 οἴει
608 876 1036 944 παρακρουόμενος.
1087 882 1270 928 παῦσαι
1309 876 1518 945 δοξάζων
1548 876 1595 925 ἐν
1628 875 1788 944 ἀτιμίᾳ
1826 875 1908 926 τὸν

94 959 186 990 Infra
201 970 231 990 v.

96 1013 144 1043 23·
317 960 448 1023 Υὶὸν,
475 960 550 1010 ἵνα
577 961 734 1028 μείνῃς
760 964 908 1024 τιμῶν
934 958 1016 1010 τὸν
1045 960 1254 1025 Πατέρα·
1298 966 1325 988 “
1345 959 1408 1009 Ὁ
1435 956 1528 1024 γὰρ
1557 956 1622 1021 μὴ
1654 961 1801 1021 τιμῶν
1826 956 1909 1007 τὸν

318 1050 345 1073 “
372 1040 503 1104 Υἱόν,
543 1040 647 1092 οὐδὲ
687 1041 769 1092 τὸν
812 1040 1003 1108 Πατέρα
1041 1041 1194 1110 τιμᾷ,”
1236 1039 1357 1092 καθὰ
1396 1039 1672 1106 γέγραπται.
1733 1039 1782 1089 τί
1815 1037 1908 1104 γὰρ

318 1125 421 1176 εἶπέ
440 1147 520 1188 μοι
550 1123 669 1190 πρὸς
698 1124 966 1189 ἐλευθερίαν
991 1122 1153 1187 ὀνήσει
1183 1121 1267 1173 τὸν
1294 1124 1565 1187 Μονογενῆ,
1590 1120 1644 1172 τὸ
1672 1121 1909 1189 ἐξαίρετον

317 1207 425 1272 παρ’
456 1206 575 1270 ἡμᾶς
609 1210 846 1257 ποιεῖσθαι
882 1209 948 1274 τῷ
987 1206 1142 1271 Πατρὶ
1179 1204 1264 1268 τὴν
1290 1204 1653 1270 προσκύνησιν,
1696 1203 1780 1256 ἕως
1815 1201 1910 1267 γὰρ

317 1286 376 1338 ἂν
407 1290 455 1338 ἐν
486 1292 581 1341 τοῖς
616 1292 973 1353 προσκυνοῦσιν
1008 1287 1293 1352 εὑρίσκηται,
1320 1288 1489 1338 δοῦλος
1529 1285 1662 1335 ἔσται
1700 1283 1906 1346 πάντως,

319 1372 394 1420 καὶ
433 1373 471 1420 εὶ
511 1374 662 1420 νοοῖτο
700 1366 1035 1433 προσκυνητὴς
1069 1367 1319 1436 ἐξαίρετος,
1350 1366 1514 1417 διοίσει
1550 1366 1598 1417 δὲ
1634 1370 1728 1416 τῶν
1768 1387 1907 1416 κτισ-

277 1477 299 1504 e
319 1451 482 1514 μάτων
521 1450 639 1501 κατὰ
681 1450 765 1513 μὲν
808 1450 859 1501 τὸ
905 1448 1019 1502 εἶναι
1063 1449 1258 1515 γενητὸς
1304 1449 1532 1512 οὐδαμῶς,
1572 1449 1819 1514 ὑπεροχαῖς
1863 1446 1911 1498 δὲ

319 1532 464 1596 μόνον
489 1538 589 1586 ταῖς
617 1532 803 1592 ἄλλαις,
832 1531 996 1598 ὥσπερ
1023 1531 1286 1597 ἀνθρώπων
1313 1531 1337 1580 ὁ
1367 1529 1584 1597 Μιχαὴλ,
1611 1528 1639 1594 ὴ
1673 1531 1749 1579 καὶ
1780 1528 1912 1594 ἑτέρα

320 1638 388 1669 τις
427 1619 520 1665 τῶν
554 1615 700 1680 ἁγίων
731 1615 806 1665 καὶ
846 1612 1014 1679 λογικὴ
1055 1613 1262 1676 δύναμις,
1295 1609 1324 1679 ᾗ
1363 1611 1417 1663 τὸ
1456 1610 1540 1675 μὲν
1570 1612 1792 1678 προῦχειν
1818 1614 1913 1677 τῶν

317 1699 390 1749 ἐπὶ
423 1700 505 1762 τῆς
538 1699 626 1763 γῆς
663 1697 903 1749 οὐσιωδῶς
938 1696 1102 1761 ὁρᾶται
1136 1692 1492 1761 προσπεφυκὸς,
1519 1691 1547 1757 ἢ
1576 1691 1697 1743 κατὰ
1722 1690 1805 1742 τὸν
1830 1694 1913 1755 τῆς

319 1778 565 1845 ἁγιότητος
605 1777 767 1844 λόγον,
800 1776 828 1841 ἢ
866 1778 945 1828 καί
977 1799 1066 1827 τινι
1103 1776 1245 1846 δόξης
1278 1778 1586 1844 πλεονασμῷ,
1613 1773 1759 1843 δόξαν
1791 1775 1912 1824 οὕτω

319 1865 385 1930 τῷ
433 1859 624 1912 πάντων
676 1858 986 1926 ἀριστοτέχνῃ
1039 1862 1162 1927 Θεῷ·
1235 1857 1290 1908 τὸ
1347 1856 1497 1924 γεμὴν
1546 1861 1645 1910 τοῖς
1701 1859 1912 1922 γενητοῖς

319 1942 649 2009 συντετάχθαι,
677 1939 796 1993 κατὰ
821 1940 903 1991 τὸν
929 1946 1011 1991 τοῦ
1036 1942 1324 2003 πεποιῆσθαι
1352 1939 1514 2004 λόγον,
1540 1936 1658 2004 πρὸς
1688 1936 1747 1988 τὰ
1779 1937 1913 1989 ἄλλα

320 2023 487 2076 κοινόν.
541 2025 708 2074 οὐκοῦν
740 2021 1001 2085 οὐδαμόθεν
1037 2021 1091 2072 τὸ
1126 2019 1240 2072 εἶναι
1275 2019 1468 2087 γενητὸς
1506 2021 1530 2069 ὁ
1567 2021 1615 2070 ἐν
1646 2021 1799 2085 Πατρῖ
1835 2021 1913 2071 καὶ

318 2108 368 2157 ἐκ
407 2105 598 2173 Πατρὸς
638 2109 854 2174 φυσικῶς
894 2103 1192 2172 διαφεύξεται
1226 2103 1398 2168 Λόγος,
1432 2100 1520 2154 κᾶν
1555 2101 1800 2169 ἐξαιρέτως
1835 2100 1913 2151 λέ-

98 2207 176 2241 187
195 2207 243 2242 A.
281 2212 461 2255 ειγηται
498 2192 797 2255 προσκυνεῖν,
868 2184 966 2237 εἶτα
1003 2190 1103 2238 πῶς
1142 2183 1258 2239 Υἱὸς
1296 2184 1361 2235 ε”τι
1401 2183 1455 2234 τὸ
1493 2182 1702 2248 ποιηθὲν,
1745 2182 1773 2247 ἢ
1812 2186 1912 2236 πῶς

320 2270 441 2322 κατὰ
468 2270 617 2338 φύσιν
646 2268 820 2335 Κύριος
847 2269 872 2319 ὁ
904 2270 1074 2322 δοῦλος
1110 2269 1185 2317 καὶ
1220 2266 1429 2332 λάτρης,
1473 2263 1600 2329 οἶμαι
1637 2264 1728 2332 γὰρ
1763 2262 1911 2331 ε”γωγε

320 2353 374 2405 τὸ
414 2352 500 2417 μὲν
537 2350 794 2413 βασιλικόν
829 2373 878 2402 τε
918 2352 993 2401 καὶ
1033 2347 1315 2400 δεσποτικὸν
1350 2350 1397 2398 ἐν
1433 2351 1499 2416 τῷ
1537 2351 1912 2413 προσκυνεῖσθαι

320 2436 604 2500 διαλάμπειν
631 2433 830 2503 ἀξίωμα·
871 2431 925 2483 τὸ
952 2430 1000 2483 δὲ
1027 2430 1252 2482 οἰκετικόν
1277 2453 1325 2481 τε
1354 2432 1429 2480 καὶ
1456 2428 1778 2495 δουλοπρεπὲς
1808 2430 1910 2495 &pl-

320 2519 481 2586 ζἐσθαι
541 2517 711 2582 με’τρον
760 2516 809 2565 ἐν
859 2516 926 2583 τῷ
980 2517 1282 2579 προσκυνεῖν.
1365 2515 1432 2580 τῷ
1488 2511 1582 2577 γὰρ
1635 2510 1913 2562 ὑποπίπτειν

366 2654 399 2688 3.
425 2642 520 2676 ἐστὶν
537 2652 607 2675 om.
628 2640 669 2674 B.
744 2639 825 2672 Υἶοῦ
843 2643 1065 2681 assumptum
1084 2648 1124 2670 ex
1146 2637 1188 2670 B.
1463 2635 1495 2670 6.
1522 2635 1548 2669 ὦ
1565 2642 1788 2680 assumptum
1807 2647 1849 2669 ex
1869 2635 1911 2670 B.

319 2690 352 2724 8.
379 2688 482 2733 λὴσιν
499 2699 562 2733 pro
580 2687 671 2721 τισὶν
690 2685 732 2720 Β.
896 2695 948 2719 ΙΟ.
975 2683 1058 2717 καθὰ
1080 2683 1120 2718 Β.
1140 2683 1248 2731 καθὼς
1268 2683 1334 2716 Ed.
1499 2693 1552 2716 ΙΙ.
1579 2681 1712 2727 ὀνήσει]
1734 2682 1848 2726 νοήσει
1870 2682 1911 2717 Β.

323 2747 375 2770 12.
411 2734 488 2776 παρ’
516 2734 600 2778 ἡμᾶς
624 2731 796 2768 ποιεῖσθαι
822 2731 888 2766 hoc
915 2730 1036 2765 ordine
1064 2730 1105 2764 B.
1186 2731 1313 2763 Statim
1338 2732 1384 2774 τῷ
1411 2729 1522 2772 Πατρὶ
1548 2736 1772 2773 assumptum
1797 2741 1840 2762 ex
1868 2729 1909 2763 B.

324 2793 375 2828 13.
403 2783 593 2826 εὑρίσκεται
614 2780 655 2814 Β.
825 2824 828 2825 ⁷
895 2777 948 2812 16.
974 2776 992 2820 ἦ
1012 2789 1081 2811 om.
1103 2777 1144 2811 B.
1401 2786 1453 2824 17.
1481 2773 1560 2821 ἁγία
1578 2787 1641 2820 pro
1659 2778 1725 2809 τῶν
1740 2775 1846 2820 ἁγίων
1867 2775 1909 2809 Β.

321 2841 376 2863 20.
403 2827 629 2873 ἀριστοτέχνα
651 2826 742 2859 B.D.
818 2824 943 2859 Statim
962 2826 1037 2869 Θεῷ
1056 2830 1279 2868 assumptum
1298 2834 1338 2856 ex
1360 2822 1454 2856 B.D.
1550 2823 1588 2856 τὸ
1606 2821 1711 2867 γεμὴν
1730 2822 1776 2856 D.
1794 2823 1833 2855 τὸ
1849 2822 1911 2865 μὲν

318 2875 376 2911 οὖν
397 2876 438 2909 Β.
455 2876 532 2909 τότε
549 2875 612 2917 μὴν
633 2872 697 2906 Ed.
982 2881 1037 2906 22.
1063 2871 1080 2903 ὁ
1099 2876 1178 2914 post
1196 2869 1415 2914 διαφεύξεται
1433 2869 1632 2913 transponit
1650 2867 1717 2902 Ed.
1736 2869 1846 2903 invito
1866 2868 1908 2902 B.

319 2933 373 2966 25,
400 2922 482 2955 κατὰ
499 2920 608 2966 φύσιν
629 2919 668 2953 Β.
687 2919 735 2953 ἕτι
755 2918 821 2952 Ed.
1086 2926 1140 2961 27.
1169 2916 1340 2960 ὁρίζεσθαι
1358 2917 1482 2960 μέτρον
1500 2915 1535 2949 ἐν
1552 2917 1598 2961 τῷ
1619 2917 1824 2959 προσκυνεῖν
1840 2914 1908 2948 hoc

316 2968 437 3002 ordine
458 2967 498 3005 B.
518 2966 690 3011 ὁρίζεσθαι
707 2965 830 3010 μέτρον
848 2970 926 3009 post
944 2964 1149 3008 προσκυνεῖν
1166 2969 1209 2999 tr.
1233 2962 1297 2996 Ed.
1461 2962 1515 2996 28.
1544 2962 1744 2996 ὑποπίπτειν
1763 2961 1805 2995 Β.
1824 2962 1908 2995 ὑπο-

315 3016 471 3049 πίπτοντι
492 3014 558 3048 Ed.

1927 647 1949 686 5

1933 1062 1980 1086 10

1935 1469 1981 1507 15

1935 1878 1983 1902 20
