2073 3296
322 135 376 175 78
722 136 771 176 Β.
805 135 1082 176 CYRILLI
1124 135 1500 176 ALEXANDR.
1820 135 1846 175 i.
1865 148 1904 187 4.

96 253 151 287 52
173 253 220 287 A·
280 262 301 287 a
321 241 452 292 ἀλλὰ
487 246 545 311 τῇ
581 244 683 312 θείᾳ
717 249 799 295 τοῦ
827 245 1020 310 Πατρὸς
1045 242 1322 295 συντάττων
1348 244 1503 312 οὐσίᾳ,
1530 241 1559 310 ᾗ
1595 244 1670 294 καὶ
1706 242 1759 293 τὸ
1795 239 1909 292 εἶναι

319 323 411 390 ζωὴ
437 324 676 391 πρόσεστι
702 329 934 393 φυσικῶς.

393 426 526 456 ΑΛΛο.
567 406 638 457 Τὸ
675 406 792 472 ζωῆς
826 405 1021 472 μετέχον
1047 406 1130 456 οὐκ
1165 406 1446 472 αὑτοκυρίως
1482 407 1584 457 ἐστὶ
1620 404 1725 471 ζωὴ,
1754 405 1910 471 ἕτερον

318 486 412 553 γάρ
438 511 482 539 τι
510 487 723 555 ὑπάρχον
749 489 796 538 ἐν
823 488 948 556 αὐτῷ
975 487 1204 554 φαίνεται·
1248 491 1286 537 εἰ
1311 488 1468 538 τοίνυν
1492 487 1715 551 μεθεκτὸς
1742 488 1767 537 ὁ
1793 485 1909 539 Υἱὸς

317 574 413 622 τοῖς
457 574 671 634 γενητοῖς
716 570 777 621 ὡς
818 566 925 633 ζωὴ,
968 568 1121 634 ἕτερος
1167 566 1226 617 ἂν
1266 568 1333 632 ε’ίη
1376 568 1505 634 παρὰ
1548 567 1608 619 τὰ
1651 568 1950 635 μετέχοντα5

317 652 459 701 αὐτοῦ
494 653 568 701 καὶ
602 650 719 717 ζωῆς
754 648 965 713 δεόμενα·
1008 650 1176 700 οὐκοῦν
1208 649 1262 700 οὖ
1295 649 1501 715 γενητὸς,
1529 651 1633 700 οὔτε
1668 649 1762 714 μὴν
1787 649 1905 716 ζωο-

315 736 554 783 ποιεῖσθαι
600 733 749 799 ζητῶν
788 733 897 798 παρ’
943 732 1116 797 ἑτέρου·
1183 730 1304 784 Θεὸς
1355 732 1436 781 οὖν
1487 731 1580 798 ἄρα
1629 729 1800 781 λοιπὸν
1844 732 1907 784 ὡς

317 813 552 879 ζωοποιός·
593 819 630 864 εἰ
657 814 704 865 δὲ
730 819 884 876 τοῦτο,
912 815 988 864 καὶ
1014 816 1097 877 τῆς
1123 818 1207 864 τοῦ
1235 812 1428 879 Πατρὸς
1462 813 1627 867 οὐσίας
1662 814 1902 878 ὁμολογη-

272 904 297 944 b
318 895 527 959 θήσεται,
559 896 686 962 εἵπερ
724 895 805 946 ἕνα
842 900 1200 962 προσκυνοῦμεν
1227 893 1365 957 Θεὸν,
1401 896 1477 945 καὶ
1515 895 1603 962 οὐχ
1641 893 1781 964 ἑτέρῳ
1818 895 1908 945 τινὶ

316 976 447 1043 παρὰ
473 977 555 1028 τὸν
581 977 695 1028 ὅντα
723 976 1029 1043 λατρεύομεν.
1931 997 1979 1023 ιο

390 1080 523 1109 AAAo.
563 1058 666 1123 Τὴν
698 1063 793 1110 τῶν
826 1059 974 1110 ὄντων
1006 1060 1213 1123 ἀκριβῶς
1251 1055 1541 1126 ἐξετάζοντες
1580 1056 1748 1125 φύσιν,
1783 1054 1910 1107 Θεὸν

316 1142 499 1207 ὁρῶμεν
526 1143 602 1192 καὶ
637 1140 807 1203 κτίσιν,
837 1142 913 1190 καὶ
948 1139 1105 1206 ἕτερον
1131 1140 1207 1190 ἐπὶ
1244 1138 1425 1192 τούτοις
1460 1138 1608 1190 οὐδέν.
1662 1137 1688 1189 ὃ
1722 1137 1817 1205 γὰρ
1851 1136 1910 1189 ἂν

315 1223 517 1291 ἐκπίπτῃ
559 1228 642 1273 τοῦ
687 1220 802 1273 εἶναι
844 1220 967 1274 Θεὸς
1012 1221 1131 1271 κατὰ
1177 1220 1341 1288 φύσιν,
1386 1226 1527 1271 τοῦτο
1571 1219 1761 1274 πάντως
1805 1221 1910 1271 ἐστὶ

315 1306 526 1370 γενητὸν,
554 1308 628 1355 καὶ
664 1304 780 1370 ὅπερ
814 1303 872 1354 ἂν
906 1303 988 1354 τὸν
1023 1309 1106 1354 τοῦ
1141 1305 1429 1366 πεποιῆσθαι
1465 1301 1698 1371 διαφεύγῃ
1734 1300 1905 1367 λόγον,

316 1387 430 1437 εἴσω
456 1385 646 1440 πάντως
670 1387 774 1436 ἐστὶ
799 1390 892 1435 τῶν
918 1388 1001 1448 τῆς
1028 1384 1245 1448 θεότητος
1273 1384 1407 1450 ὅρων.
1448 1383 1524 1435 ὅτε
1551 1385 1707 1435 τοίνυν
1733 1380 1910 1449 ἄριστά
1931 1403 1978 1443 15

276 1492 416 1522 οπως
458 1467 518 1519 τὰ
562 1473 755 1518 τοιαῦτα
794 1466 1120 1530 διεσκέμμεθα,
1157 1465 1434 1531 λεγέτωσαν
1473 1466 1582 1529 ἡμῖν
1621 1468 1663 1515 οἱ
1703 1467 1786 1529 τῆς
1825 1470 1908 1516 τοῦ

319 1554 444 1601 Θεοῦ
490 1552 565 1600 καὶ
613 1547 805 1615 Πατρὸς
855 1549 1018 1601 οὐσίας
1069 1547 1353 1616 ἐξωθοῦντες
1396 1545 1478 1598 τὸν
1522 1547 1655 1609 Υὶὸν,
1699 1551 1820 1600 πῶς*
1851 1544 1910 1597 ἂν

318 1632 506 1682 δύναιτο
553 1631 798 1697 ζωογονεῖν
837 1632 899 1684 ὡς
944 1629 1049 1696 ζωὴ,
1090 1630 1208 1679 ’ίδιον
1251 1629 1454 1696 ἐχούσης
1497 1628 1611 1679 αὐτὸ
1657 1631 1741 1692 τῆς
1785 1628 1911 1682 θείας

318 1713 523 1781 φύσεως,
568 1713 708 1782 ἑτέρῳ
760 1711 809 1762 δὲ
858 1709 1240 1778 παραχωρούσης
1291 1711 1455 1761 οὐδενί.
1535 1714 1572 1761 εἰ
1617 1710 1665 1761 δὲ
1716 1709 1910 1775 γενητὸς

319 1793 544 1861 ὑπάρχων
588 1792 702 1845 εἶναι
746 1795 938 1844 δύναται
985 1794 1060 1843 καὶ
1105 1791 1211 1859 ζωὴ,
1259 1792 1437 1861 φθάσει
1487 1791 1544 1855 δὴ
1595 1791 1784 1845 πάντως
1834 1793 1908 1843 ἐπὶ
1931 1815 1980 1840 20

317 1875 474 1927 πάντα
517 1875 577 1927 τὰ
619 1876 793 1942 γενητὰ
835 1881 919 1926 τοῦ
965 1873 1376 1938 πλεονεκτήματος
1421 1874 1450 1938 ἡ
1494 1874 1644 1941 χάρις,
1683 1873 1818 1924 ἔσται
1861 1873 1910 1925 δὲ

317 1957 473 2008 πάντα
499 1957 619 2009 κατὰ
645 1957 794 2026 φύσιν
821 1955 928 2022 ζωή·
971 1958 1040 2010 τίς
1074 1956 1156 2006 οὖν
1184 1957 1338 2009 αὐτοῖς
1370 1956 1505 2006 ἔσται
1540 1955 1672 2023 χρεία
1707 1958 1790 2019 τῆς
1826 1961 1911 2006 τοῦ

318 2043 436 2090 Υὶοῦ
462 2042 678 2107 μετοχῆς,
704 2039 732 2103 ἦ
759 2040 807 2090 τί
830 2039 883 2090 τὸ
916 2038 1066 2090 πλέον
1093 2039 1302 2089 ἐντεῦθεν
1329 2036 1645 2104 εὑρήσουσινς
1687 2038 1780 2106 ἔχει
1815 2037 1911 2103 γὰρ

319 2123 395 2171 καὶ
439 2120 557 2172 αὐτὰ
597 2120 651 2172 τὸ
697 2119 811 2171 εἶναι
855 2120 974 2171 κατὰ
1019 2120 1169 2188 φύσιν
1208 2119 1316 2186 ζωή.
1383 2121 1494 2170 ἀλλ’
1537 2120 1620 2170 οὐκ
1664 2117 1847 2184 ἀληθὴς
1884 2120 1910 2170 ὁ

272 2202 481 2268 (1λόγος,
518 2203 697 2270 μετέχει
737 2202 785 2254 δὲ
824 2203 1087 2268 ἀναγκαίως
1127 2204 1189 2255 ὡς
1228 2202 1344 2268 ζωῆς
1383 2200 1618 2269 χρῄζοντα
1655 2207 1739 2252 τοῦ
1773 2205 1905 2253 Υἱοῦ.
1931 2219 1979 2257 25

317 2285 460 2348 μόνος
494 2284 586 2351 ὁίρα
622 2287 752 2335 ἐστὶν
783 2285 807 2335 ὁ
844 2283 1123 2350 Μονογενὴς
1157 2283 1276 2334 κατὰ
1312 2283 1461 2352 φύσιν
1493 2282 1598 2349 ζωὴ,
1625 2286 1701 2334 καὶ
1739 2284 1822 2333 οὐκ
1860 2285 1910 2334 ἐν

317 2371 414 2419 τοῖς
442 2371 651 2432 γενητοῖς
685 2365 760 2417 διὰ
795 2371 934 2416 τοῦτο
961 2365 1215 2434 τετάξεται,
1244 2366 1355 2415 ἀλλ’
1385 2368 1447 2417 εἷς
1473 2363 1559 2428 τὴν
1584 2370 1667 2415 τοῦ
1693 2363 1908 2418 τεκόντος

318 2447 461 2499 αὐτὸν
511 2447 805 2513 ἀναβήσεται
865 2447 1031 2515 φύσιν·
1097 2444 1188 2513 ζωὴ
1240 2445 1334 2512 γὰρ
1385 2444 1504 2496 κατὰ
1556 2445 1706 2514 φύσιν
1756 2449 1832 2497 καὶ
1883 2447 1909 2496 ὃ

320 2529 504 2596 Πατήρ.

393 2633 525 2662 ΑΛΛο.
570 2611 680 2676 Ζωὴ
719 2610 838 2663 κατὰ
876 2610 1026 2679 φύσιν
1058 2608 1283 2677 ὑπάρχων
1321 2609 1346 2659 ὁ
1379 2606 1508 2672 Υἱὸς,
1547 2607 1575 2673 ἢ
1615 2607 1767 2675 ἕτερός
1806 2610 1979 2664 ἐστι3ο

366 2762 400 2796 3.
425 2751 487 2797 Τὸ]
512 2755 549 2792 -i-
569 2752 628 2796 τῆς
646 2750 712 2786 Ed.
729 2750 848 2785 invitis
868 2749 1009 2784 B.D.E.
1102 2747 1250 2793 μέτοχον
1268 2746 1298 2781 Β
1317 2758 1390 2792 mg.
1485 2747 1689 2792 αὐτοκυρίως
1705 2746 1809 2781 edidi.
1827 2747 1908 2781 αὐτὸ

318 2799 438 2841 κυρίως
458 2798 499 2832 Β.
519 2798 586 2833 Ed.
653 2797 746 2843 ἐστι]
770 2802 807 2838 -Ι-
829 2797 847 2841 ἡ
867 2796 934 2830 Ed.
953 2796 1062 2830 invito
1082 2795 1125 2829 B.
1318 2806 1351 2836 4.
1379 2794 1414 2828 ἐν
1430 2794 1519 2840 αὐτῷ
1538 2795 1630 2829 D.E.
1648 2795 1694 2830 εἷς
1711 2794 1792 2828 αὐτὸ
1811 2794 1853 2827 Β.
1872 2794 1909 2828 ἐν

317 2845 423 2889 ἑαυτῷ
444 2844 510 2879 Ed.
699 2854 733 2889 5.
759 2846 910 2890 γενητοῖς
928 2843 975 2878 D.
995 2841 1062 2876 Ed.
1080 2853 1153 2886 mg.
1170 2842 1342 2886 γεννητοῖς
1360 2840 1427 2875 Ed.
1620 2850 1651 2886 7.
1678 2841 1722 2877 ὡς
1740 2840 1783 2875 Β.
1802 2842 1820 2873 ὁ
1838 2839 1906 2874 Ed.

321 2901 376 2935 13.
403 2891 544 2935 ἐκπίπτῃ
564 2891 606 2927 Ε.
626 2891 778 2926 ἐκπίπτει
798 2891 844 2925 D.
864 2889 932 2925 Ed.
1032 2900 1085 2931 14.
1111 2887 1277 2933 διαφεῦγῃ
1297 2887 1392 2923 D.E.
1410 2887 1587 2933 διαφεύγει
1606 2887 1673 2923 Ed.
1773 2897 1828 2931 23.
1855 2886 1906 2920 ἐν·

316 2937 434 2971 τεῦθεν
451 2949 519 2972 om.
541 2938 582 2973 B.
726 2948 781 2983 30.
808 2937 827 2980 ἢ
845 2941 1069 2981 assumptum
1085 2946 1126 2970 ex
1146 2934 1188 2970 B.
