2084 3317
326 154 410 193 410
729 155 778 195 B.
812 152 1089 195 CYRILLI
1131 146 1509 191 ALEXANDR.
1711 140 1766 180 vi.
1786 139 1910 178 8-10.

286 313 447 361 8ΛέΓει
490 313 607 367 αὐτῷ
650 308 711 354 εἷο
759 312 806 353 ὲκ
853 310 939 352 τῶν
983 307 1188 359 μαθΗτῶν
1232 305 1361 347 αὐτοῦ
1393 301 1602 358 Ἀνὸρέαε
1651 299 1673 341 ὁ
1722 293 1914 351 ἀδελφὸς

288 409 309 444 9
397 395 594 443 Σίμωνος
630 395 795 451 Πέτρου
830 393 949 435 Ἐστι
991 390 1220 446 παιδάριον
1258 385 1360 438 ὧδε,
1397 386 1420 429 ὃ
1462 384 1547 440 ἔχει
1591 382 1719 424 Πέντε
1759 379 1916 435 ἄρτους

399 476 609 534 κριθίνους
644 477 713 518 καὶ
748 475 824 517 δύο
857 476 1032 530 ὀψάρια·
1073 472 1185 513 ἀλλὰ
1217 473 1345 512 ταῦτα
1372 467 1411 510 τί
1434 467 1547 510 ἐστιν
1575 462 1635 507 eie
1661 463 1918 512 τοσούτουε;

266 580 312 604 10
399 555 492 600 εἶπε
531 559 576 600 δὲ
614 559 636 601 ὁ
667 556 845 600 ἸΗσοῦε

404 666 626 737 Ἀδελφὰ
649 671 716 737 τῷ
744 666 973 735 Φιλιππῳ
1000 687 1077 715 και
1103 667 1272 733 φρονεῖ
1293 663 1370 712 καὶ
1404 657 1653 724 λογίζεται,
1680 678 1756 706 και
1786 674 1916 718 συγ·
1939 671 1961 708 5

333 752 444 816 γενῆ
482 773 582 803 πως
621 749 742 816 ἔχων
773 750 821 799 ἐν
851 749 999 816 ἑαυτῷ
1033 745 1119 810 τὴν
1151 746 1225 796 ἐπὶ
1259 748 1327 813 τῷ
1358 744 1543 807 Σωτῆρι
1582 738 1814 806 διάληψιν
1845 727 1922 786 καὶ

334 829 473 885 αὐτος
498 831 812 900 ἐξελέγχεται.
867 830 921 880 οὐ
954 850 1049 895 γαρ
1083 825 1311 891 ἐννοήσας
1346 823 1433 888 τὴν
1460 823 1667 885 δύναμιν,
1695 821 1799 870 οὔτε
1829 817 1922 882 μὴν

111 929 196 965 278
211 928 263 962 A.
297 939 317 962 a
337 916 385 964 ἐκ
410 917 493 977 τῆς
519 918 614 964 τῶν
635 911 931 982 φθασάντων
956 908 1305 977 μεγαλουργίας
1332 908 1407 958 ἐπὶ
1431 904 1486 956 τὸ
1511 903 1668 956 πάντα
1692 900 1923 952 δύνασθαι

135 2555 242 2596 Supra

136 2610 204 2630 ver.
223 2607 251 2637 7.

336 996 419 1046 τὸν
444 995 637 1059 Ἰησοῦν
669 997 744 1046 καὶ
783 994 893 1045 λίαν
928 991 1246 1044 εὐπετέστατα
1283 985 1742 1054 παιδαγωγούμενος,
1775 1004 1918 1032 κατα-

336 1077 498 1141 μηνύει
540 1076 589 1127 δὲ
631 1076 691 1128 τὰ
730 1075 861 1143 παρὰ
905 1079 972 1145 τῷ
1013 1070 1240 1142 παιδαρίῳ
1282 1072 1481 1135 κείμενα,
1519 1066 1650 1131 πλὴν
1687 1065 1925 1128 ἀτονήσας

338 1162 502 1226 ὁρᾶται
537 1161 642 1226 περὶ
677 1157 764 1222 τὴν
788 1158 969 1209 πίστιν
1012 1159 1159 1207 ταῦτα.
1189 1154 1283 1220 γὰρ
1317 1157 1362 1205 τί
1392 1154 1483 1204 ἐστι
1510 1151 1661 1219 φησὶν
1689 1153 1747 1202 εὶς
1773 1145 1919 1197 τοο-ού-

338 1266 463 1302 τσυςς
493 1241 655 1292 καίτοι·
684 1240 774 1307 χρὴ
795 1239 889 1305 γὰρ
909 1240 998 1304 ἤδη
1020 1238 1188 1304 λέγειν·
1216 1237 1304 1303 οὐχ
1331 1231 1714 1297 ὑπεσταλμένως,
1734 1233 1927 1292 μᾶλλον

339 1324 387 1374 δὲ
426 1327 498 1374 δεῖ
529 1323 649 1389 πρὸς
687 1321 956 1385 ἀνάμνησιν
995 1320 1109 1371 ἰέναι
1152 1322 1339 1384 γοργῶς
1380 1320 1474 1367 τῶν
1512 1315 1601 1379 ἤδη
1645 1309 1928 1379 παραδόξως

339 1404 704 1468 τετελεσμένων,
750 1403 1026 1470 λογίζεσθαι
1078 1401 1126 1453 δὲ
1178 1400 1250 1452 ὅτι
1300 1399 1436 1469 ξένον
1486 1397 1543 1462 ἦν
1593 1396 1732 1462 ἔργον
1780 1391 1809 1458 ἢ
1853 1393 1928 1444 καὶ

340 1486 598 1553 ἀλλότριον
630 1488 845 1549 οὐδαμῶς
883 1490 966 1536 τοῦ
1000 1481 1445 1548 μετασκευάσαντος
1479 1483 1541 1533 εἰς
1574 1476 1700 1530 οἶνον
1730 1475 1816 1540 τὴν
1846 1479 1929 1526 τοῦ

295 1581 322 1620 b
344 1571 510 1624 ὕδατος
549 1569 712 1637 φύσιν,
745 1573 829 1619 τοῦ
869 1565 1251 1634 θεραπεύσαντος
1288 1564 1371 1615 τὸν
1404 1561 1698 1628 παράλυτον,
1731 1561 1807 1610 καὶ
1845 1556 1931 1622 τὴν

343 1654 465 1703 οὕτω
500 1650 686 1718 μακρὰν
719 1649 991 1718 ἀῤῥωστίαν
1023 1649 1090 1699 ἑνὶ
1128 1645 1556 1709 κατασοβήσαντος
1594 1641 1741 1711 λόγῳ,
1772 1641 1850 1691 καὶ
1882 1640 1933 1689 ἐκ

343 1740 428 1786 τοῦ
453 1733 518 1798 μὴ
555 1733 689 1787 ὄντος
729 1734 1078 1799 δημιουργῆσαι
1112 1727 1309 1798 τροφὰς,
1336 1730 1410 1779 καὶ
1446 1727 1614 1791 ὀλίγας
1649 1725 1815 1786 κομιδῆ
1850 1720 1934 1774 τὰς

345 1816 605 1882 ηὑρημένας
631 1812 1037 1866 πολυπλασιάσαι
1064 1816 1239 1865 θεϊκῶς.
1280 1811 1307 1874 ἡ
1335 1808 1428 1876 γὰρ
1455 1810 1503 1859 ἐν
1522 1807 1707 1859 ἐκείνοις
1727 1804 1934 1873 ἐξουσία,

345 1902 448 1951 πῶς
473 1898 557 1948 οὐκ
584 1896 641 1947 ἂν
668 1896 767 1964 ἔχοι
792 1898 868 1946 καὶ
896 1894 950 1946 τὸ
982 1896 1031 1945 ἐν
1055 1894 1235 1946 τούτοις
1270 1889 1555 1958 δραστικόν;
1602 1889 1768 1939 οὐκοῦν
1794 1887 1935 1951 ἀδρα-

349 1979 572 2045 νέστερον
606 1977 691 2040 μέν
729 2000 830 2031 πως
869 1977 988 2042 ἥπερ
1027 1978 1170 2043 ἐχρῆν
1208 1975 1236 2038 ἡ
1274 1978 1368 2026 τῶν
1405 1976 1630 2037 μαθητῶν
1667 1969 1937 2033 ἀπεκρίνετο

351 2061 565 2130 ξυνωρίς.
627 2058 758 2124 πλὴν
796 2059 1024 2124 ἀθρητεόν
1062 2059 1111 2107 ἐν
1149 2056 1300 2125 τούτῳ
1337 2053 1485 2106 πάλιν
1524 2055 1685 2104 ἐκεῖνο.
1747 2049 1807 2102 τὰ
1845 2048 1938 2117 γὰρ

314 2146 582 2194 υδοκοῦντα
615 2147 711 2195 τοῖς
747 2141 896 2207 ἁγίοις
929 2142 1005 2191 καὶ
1040 2142 1340 2190 διεπταῖσθαι
1366 2135 1485 2188 κατὰ
1510 2134 1681 2202 βραχὺ,
1707 2138 1790 2184 τοῦ
1817 2155 1934 2200 χρη-

352 2227 498 2290 σίμου
531 2223 770 2277 πολλάκις
801 2223 884 2274 οὐκ
918 2224 1111 2288 ἀμοιρεῖ,
1139 2220 1251 2271 ἀλλ’
1279 2219 1372 2287 ἔχει
1407 2241 1452 2270 τι
1487 2214 1938 2281 συμπεπλεγμένον,

354 2308 379 2360 ὃ
417 2312 476 2376 τῇ
515 2313 599 2358 τοῦ
637 2303 916 2373 πράγματος
955 2303 1100 2373 φύσει
1141 2306 1397 2364 λυσιτελεῖ,
1431 2303 1537 2366 περὶ
1574 2297 1633 2363 ἢν
1668 2296 1727 2348 ἂν
1761 2298 1943 2363 γένοιτο

1948 1086 1995 1110 10

1954 1496 2000 1533 15

1959 1906 2006 1931 20

1964 2318 2013 2356 25

355 2393 439 2455 τῆς
474 2387 706 2453 δοκούσης
741 2387 987 2439 ἀσθενείας
1021 2386 1175 2437 αὐτῶν
1201 2383 1261 2436 τὰ
1296 2381 1590 2450 ἐγκλήματα·
1635 2380 1977 2447 λογισάμενοιί

358 2472 452 2539 γὰρ
485 2475 527 2523 οἱ
560 2469 954 2535 μνημονευθέντες
989 2467 1115 2534 ἅγιοι
1149 2468 1370 2531 μαθηταὶ,
1396 2467 1473 2516 καὶ
1497 2468 1670 2534 σαφῶς
1695 2461 1944 2530 εἰρηκότες,

360 2556 386 2606 ὁ
418 2554 502 2618 μὲν
529 2553 599 2605 ὅτι
624 2560 652 2582 “
670 2550 944 2603 Διακοσίων
982 2550 1213 2616 δηναρίων
1249 2549 1382 2615 ἄρτοι
1419 2548 1502 2598 οὐκ
1539 2549 1766 2613 ἀρκοῦσιν
1792 2544 1948 2596 αὐτοῖς

361 2646 388 2667 “
413 2635 554 2688 ἵνα
527 2657 726 2688 εκαστος
764 2632 925 2701 βραχύ
963 2654 1008 2682 τι
1046 2629 1226 2698 λάβῃ·”
1277 2631 1302 2680 ὁ
1346 2629 1409 2692 δὲ,
1445 2630 1557 2696 περί
1595 2651 1645 2680 τε
1688 2631 1784 2678 τῶν
1821 2625 1948 2678 πέντε

361 2719 508 2788 ἄρτων
543 2741 620 2769 και
657 2721 752 2768 τῶν
778 2713 848 2768 δύο
886 2713 1074 2782 ἰχθύων,
1101 2712 1172 2764 ὅτι
1206 2714 1353 2764 ταῦτα
1387 2714 1432 2763 τί
1464 2713 1575 2763 ἐστιν
1602 2715 1661 2766 εἷς
1695 2708 1946 2769 τοσούτουςς

409 2869 443 2903 3.
469 2857 533 2903 εἷς]
551 2832 636 2901 περςὸς
655 2857 702 2891 D.
846 2854 880 2889 6.
907 2851 1052 2899 Σωτῆρι]
1078 2856 1114 2893 -Ι-
1134 2854 1275 2898 Χριστῷ
1295 2851 1361 2886 Ed
1380 2851 1498 2886 invitis
1518 2850 1560 2884 B.
1582 2849 1677 2885 Catt.
1833 2858 1885 2882 10.
1913 2847 1948 2881 δέ

366 2905 408 2939 Β
428 2905 536 2939 Cord.
554 2904 615 2948 μὲν
632 2903 700 2938 Ed.
817 2913 869 2947 13.
897 2901 937 2945 δὴ
955 2912 1018 2946 pro
1035 2901 1086 2934 δει
1104 2899 1146 2933 Β.
1264 2909 1317 2943 19.
1341 2898 1633 2933 πολυπλασιάσας
1651 2896 1693 2930 Β.
1807 2905 1863 2928 21.
1890 2893 1949 2937 ξυ-

365 2952 463 2995 νωρὶς
478 2951 674 2995 ἀπεκρίνετο
693 2950 832 2984 inverso
850 2947 972 2983 ordine
992 2947 1033 2981 B.
1178 2956 1233 2990 25.
1261 2945 1313 2979 ὅτι
1331 2956 1394 2990 pro
1413 2944 1431 2979 ὃ
1449 2947 1488 2988 τῇ
1509 2944 1550 2978 Β.
1567 2943 1685 2978 invitis
1704 2942 1797 2976 Catt.

1969 2725 2019 2761 30
