2084 3317
142 176 211 217 vii.
234 191 298 231 24.
361 181 435 222 IN
477 185 519 227 S.
553 187 887 234 JOANNEM.
951 195 1076 238 LIB.
1109 199 1186 240 IV.
1249 202 1384 244 CAP.
1409 204 1512 244 VII.
1644 208 1725 245 (3¹55

141 288 166 337 ὁ
203 289 431 357 μακάριος
468 295 545 347 διὰ
583 300 707 351 θείου
745 304 1117 370 προστάγματος
1156 310 1274 375 πρὸς
1302 311 1479 378 Φαραὼ
1518 313 1599 364 τὸν
1630 319 1726 364 τῶν

140 373 414 435 Αἰγυπτίων
463 378 723 433 ἐστέλλετο
772 384 1013 451 τύραννον,
1066 389 1137 440 ὅτι
1187 394 1270 455 τῆς
1320 400 1502 460 μακρᾶς
1552 397 1724 461 ἐκείνης

136 452 350 508 δουλείας
377 458 549 511 ἀνεῖναι
574 464 811 530 προσήκοι
837 466 919 519 τὸν
944 470 1145 536 Ἰσραὴλ
1170 474 1508 540 ἀπαγγέλλων.
1561 481 1635 528 καὶ
1663 479 1720 543 δὴ

134 534 211 583 καὶ
255 534 476 604 ἐβάδιζεν,
516 544 579 596 ὡς
619 545 708 610 ἤδη
751 551 1134 619 περιτευξόμενος
1171 552 1237 605 ὧν
1277 556 1522 622 εἰρήκαμεν
1559 559 1713 627 χάριν·
1740 569 1764 609 b

91 614 247 664 5ἀλλ’
299 624 326 646 “
352 620 547 686 ἐγένετο,
600 631 764 694 φησὶν,
817 632 866 681 ἐν
922 636 980 700 τῇ
1039 635 1133 703 ὁδῷ
1189 638 1238 687 ἐν
1297 642 1364 708 τῷ
1420 642 1716 706 καταλύματι
1780 635 1942 718 ss³JJ²Js3¹⁸

133 700 161 723 ‘⁶
185 697 485 765 συνήντησεν
524 708 650 777 αὐτῷ
689 711 910 776 ἅγγελος,
950 717 1026 765 καὶ
1065 717 1208 783 ἐζήτει
1247 720 1389 771 αὐτὸν
1426 724 1712 777 ἀποκτεῖναι·

131 783 158 806 “
184 781 260 830 καὶ
286 787 514 843 λαβοῦσα
542 792 784 858 Σεπφώρα
810 798 981 864 ψῆφον
1006 800 1242 865 περιέτεμε
1278 802 1364 867 τὴν
1392 806 1719 872 ἀκροβυστίαν

129 865 157 887 “
182 867 266 912 τοῦ
293 867 392 916 υἱοῦ
417 868 560 933 αὐτῆς
586 875 661 922 καὶ
689 872 816 925 εἶπεν
834 875 998 943 ’Έστη
1025 880 1079 930 τὸ
1105 881 1221 946 αἷμα
1243 887 1327 948 τῆς
1352 892 1607 953 περιτομῆς
1632 897 1715 942 τοῦ

126 948 156 970 “
180 947 367 996 παιδίου
391 969 500 1011 μου·
543 954 619 1003 καὶ
646 956 862 1020 ἀπῆλθεν
888 961 966 1011 ἀπ’
995 963 1154 1026 αὐτοῦ,
1183 965 1300 1017 διότι
1326 966 1451 1020 εἶπεν
1469 969 1632 1036 ’Έστη
1658 972 1712 1024 τὸ

58 1043 105 1068 10
126 1030 152 1053 “
178 1024 294 1088 αἷμα
323 1031 406 1092 τῆς
435 1039 690 1100 περιτομῆς
725 1044 809 1089 τοῦ
841 1043 1029 1094 παιδίου
1063 1047 1200 1106 μου.”
1250 1050 1450 1102 ἐνταῦθα
1483 1076 1562 1114 μοι
1597 1056 1710 1106 τίθει

121 1105 176 1156 τὸ
217 1109 296 1163 οῦς
333 1112 556 1178 ἀκριβῶς·
617 1121 833 1172 Μωυσέα
870 1122 956 1186 μὲν
994 1125 1089 1192 γὰρ
1135 1129 1160 1178 ὁ
1205 1132 1459 1196 λεγόμενος
1504 1136 1710 1202 ἄγγελος

121 1190 503 1258 διαχειρίσασθαι
553 1204 628 1251 καὶ
680 1204 950 1256 ἀποκτεῖναι
1002 1207 1136 1273 ζητεῖ,
1187 1213 1426 1281 ἀναχωρεῖ
1471 1216 1518 1268 δὲ
1567 1220 1748 1280 μόλιςο

119 1272 262 1323 αὐτοῦ
300 1279 375 1328 καὶ
416 1280 749 1347 ἀπανίσταται,
784 1286 870 1351 τὴν
908 1295 991 1340 τοῦ
1029 1295 1216 1344 παιδίου
1254 1298 1510 1362 περιτομὴν
1546 1302 1703 1353 δυσω-

117 1354 361 1419 πούμενος,
389 1358 447 1424 ἢν
471 1363 546 1413 διὰ
580 1365 752 1434 ψήφου
778 1370 1021 1438 Σεπφώρα
1049 1376 1448 1443 δημιουργήσασα
1475 1381 1528 1432 τὸ
1554 1383 1707 1450 χρεὼν

49 1451 95 1488 15
117 1438 477 1506 ἀποπληρῶσαί
496 1450 666 1513 φησιν.
721 1450 838 1516 ε”στη
865 1452 959 1519 γὰρ
993 1454 1047 1506 τὸ
1084 1456 1200 1519 αἷμα
1233 1463 1317 1523 τῆς
1346 1468 1597 1529 περιτομῆς
1623 1473 1706 1518 τοῦ

113 1522 301 1573 παιδίου
337 1547 442 1588 μου,
483 1526 566 1579 τὸν
604 1533 853 1588 Μωυσέως
892 1537 1178 1604 ὀλοθρευτὴν
1216 1544 1556 1610 ἀποσοβοῦσα,
1589 1553 1700 1618 βοᾷ.

112 1603 224 1654 ἀλλ’
268 1609 304 1656 εἷ
348 1608 414 1671 μή
456 1632 527 1664 τις
571 1614 647 1663 καὶ
693 1615 875 1671 τούτοις
915 1621 1144 1682 μυστικὸς
1188 1625 1491 1691 ἐνεκρύπτετο
1536 1630 1699 1697 λόγος,

110 1690 247 1737 ποῖον
294 1686 353 1739 ἂν
397 1692 505 1742 εἰπέ
538 1717 619 1756 μοι
664 1699 865 1750 πιθανὸν
909 1703 1189 1773 ἐπιδείξαιτο
1236 1714 1359 1771 νοῦν,
1405 1710 1458 1762 τὸ
1510 1715 1567 1780 τῇ
1619 1721 1702 1766 τοῦ

109 1769 297 1820 παιδίου
342 1781 572 1843 περιτομῇ
613 1776 695 1829 τὸν
737 1782 1019 1850 ἱεροφάντην
1061 1788 1301 1855 σώζεσθαι
1345 1795 1579 1858 Μωυσέα,
1624 1801 1700 1849 καὶ

39 1867 89 1893 20
108 1851 273 1916 θηρίου
313 1854 445 1919 δίκην
482 1858 782 1924 ἐπιπηδῶντα
828 1864 911 1916 τὸν
950 1868 1239 1936 ὀλοθρευτὴν
1278 1878 1336 1942 τῇ
1377 1881 1460 1926 τοῦ
1501 1879 1698 1941 αἵματος

106 1934 320 2003 ἐπιδείξει
356 1941 623 2010 καταλῆξαι
658 1943 743 2007 μὲν
769 1949 851 2011 τῆς
878 1948 1052 2017 ἐφόδου
1089 1953 1273 2018 λοιπὸν,
1301 1958 1740 2026 ἀνασειροῖζεσθαιά

104 2014 153 2065 δὲ
179 2014 343 2085 ὥσπερ
369 2022 445 2071 καὶ
470 2022 627 2075 ὀπίσω
654 2033 853 2093 χωρεῖν,
901 2032 1083 2084 οὐκοῦν·
1125 2037 1194 2087 ἐπ’
1223 2038 1369 2089 ἐκεῖνο
1395 2040 1488 2106 γὰρ
1524 2041 1580 2106 δὴ
1617 2047 1693 2096 καὶ

100 2103 291 2164 πρῶτον
315 2104 569 2167 βαδιοῦμαι
595 2111 690 2158 τῶν
715 2109 898 2162 ἄλλων
936 2116 1019 2166 οὐκ
1046 2116 1246 2183 ἤρκεσεν
1272 2125 1334 2175 εἷς
1360 2126 1601 2191 σωτηρίαν
1626 2132 1693 2196 τῷ

98 2182 314 2253 μακαρίῳ
357 2188 566 2239 Μωυσεῖ
598 2189 651 2240 τὸ
690 2192 739 2242 ἐκ
778 2197 861 2258 τῆς
900 2197 1017 2251 ἰδίας
1062 2206 1315 2268 περιτομῆς
1355 2205 1550 2271 ἀγαθὸν,
1589 2209 1691 2272 ἠ’τοι

30 2276 78 2314 25
99 2263 333 2331 καύχημα.
404 2271 499 2319 δεῖν
538 2270 632 2338 γὰρ
677 2272 804 2336 οἶμαι
847 2283 1041 2340 μᾶλλον
1083 2285 1230 2338 οὕτως
1270 2290 1428 2355 εἰπεῖν.
1496 2291 1551 2340 οὐ
1597 2291 1689 2358 γὰρ

113 2346 124 2360 ‚
265 2347 278 2364 s
420 2349 433 2364 x
553 2352 564 2364 ι

94 2435 302 2494 πονηροῦ
343 2454 392 2482 τε
429 2436 505 2484 καὶ
544 2437 739 2501 ἀγαθοῦ,
778 2443 861 2505 τῆς
899 2444 1018 2495 κατὰ
1058 2445 1203 2510 νόμον
1240 2456 1494 2517 περιτομῆς
1532 2455 1560 2518 ἡ
1599 2455 1681 2506 δυ’-

93 2531 242 2572 ναμις.
307 2518 454 2581 φοβεῖ
487 2516 535 2567 δὲ
573 2521 649 2569 καὶ
689 2521 877 2587 ἄκοντα,
906 2529 981 2577 καὶ
1017 2529 1262 2596 ἀνατρέπει
1295 2539 1574 2599 λυσσῶντα,
1601 2544 1684 2589 τοῦ

93 2591 197 2643 νέου
232 2601 368 2660 λαοῦ,
400 2599 629 2664 τουτέστι,
662 2608 757 2655 τῶν
794 2610 857 2660 εἷς
892 2609 1110 2675 Χριστὸν
1145 2617 1529 2670 πεπιστευκότων
1565 2621 1593 2684 ἡ
1633 2623 1683 2672 ἐν

21 2692 71 2728 30
89 2676 319 2739 πνεύματι
344 2682 587 2746 περιτομὴ,
616 2685 689 2736 διὰ
716 2690 798 2751 τῆς
827 2692 1107 2759 Σεπφώρας,
1127 2696 1344 2748 τουτέστι
1370 2702 1452 2763 τῆς
1472 2702 1678 2768 Ἐκκλη-
1696 2725 1718 2752 e

88 2757 212 2820 σίας,
239 2759 415 2826 ἄριστα
440 2763 496 2827 δὴ
524 2767 633 2816 λίαν
658 2770 1007 2838 ἐπιτελουμένη.

133 2867 166 2902 5.
187 2859 272 2906 ὁδῷ]
293 2861 396 2906 ὀγδόῃ
417 2863 459 2899 Β.
553 2875 582 2911 7.
602 2870 765 2915 σεμφόρα
779 2871 821 2906 Β.
840 2872 896 2907 hic
915 2880 948 2908 et
966 2887 983 2909 e
1001 2875 1090 2910 infra
1109 2885 1141 2911 et
1160 2889 1226 2924 435
1243 2879 1277 2914 d.
1343 2881 1518 2930 8.”Εστη]
1539 2886 1612 2920 ἔστι
1634 2888 1674 2922 Β.

0 2923 1 2944 ;
85 2916 119 2949 9.
138 2904 269 2952 ''Em-ry]
291 2909 366 2943 ἔστι
387 2910 428 2944 Β.
553 2924 605 2948 10.
632 2917 716 2950 τίθει
733 2933 790 2960 μοι
808 2919 948 2955 inverso
966 2922 1089 2956 ordine
1110 2924 1151 2958 Β.
1276 2939 1329 2962 12.
1357 2929 1614 2975 διαχρήσασθαι
1635 2935 1676 2969 Β.

0 2957 1 3015 1
89 2952 140 2985 18.
169 2953 372 3000 ἐπιδείξαιτο
393 2957 486 2992 B.D.
506 2959 698 3003 ἐπιδέξαιτο
719 2964 784 3000 Ed.
948 2978 1003 3011 25.
1031 2969 1137 3007 οὕτως
1154 2972 1260 3007 εἰπεῖν
1277 2972 1368 3019 οἶμαι
1384 2979 1520 3020 μᾶλλον
1537 2980 1676 3016 inverso

0 3018 1 3062 ἢ
83 2998 206 3034 ordine
227 3001 266 3036 B.
411 3005 466 3039 28.
493 3007 616 3053 φοβεῖ]
637 3012 739 3050 σοβεῖ
754 3013 901 3057 conjecit
918 3015 1026 3056 Aub„
1046 3017 1106 3051 sed
1125 3027 1261 3063 praeter
1279 3025 1533 3061 necessitatem.

812 3074 840 3111 4
863 3073 893 3099 M
918 3074 941 3101 2
