2084 3317
379 150 464 190 664
782 152 830 192 B.
865 151 1138 193 CYRILLI
1179 152 1562 193 ALEXANDR.
1811 154 1879 194 vii.
1899 167 1966 209 30.

378 258 463 322 μὲν
489 260 661 310 οἰκείαν
687 260 963 326 ὀλοθρεύσει
999 260 1178 330 ψυχὴν,
1205 260 1346 312 αὐτὸν
1377 259 1425 312 δὲ
1462 260 1695 328 ἀτιμάζων
1727 261 1967 313 ἁλώσεται

378 340 462 391 τὸν
507 339 728 393 ἁπάντων
773 341 904 406 ἡμῶν
949 342 1295 409 γενεσιουργὸν,
1342 340 1379 412 ᾧ
1424 345 1499 393 καὶ
1541 341 1670 413 μόνῳ
1714 347 1809 394 τῶν
1855 343 1965 395 καθ’

379 423 500 486 ἡμᾶς
551 425 576 474 ὁ
627 423 783 492 σοφός
834 447 883 474 τε
935 427 1009 474 καὶ
1060 425 1356 478 εὐπαίδευτος
1407 424 1553 490 λόγος
1605 427 1855 489 ἀνατίθησι
1908 424 1969 475 τὰ

378 504 603 567 πηδάλια.
658 510 698 556 οἱ
727 505 773 556 δὲ
800 508 1032 572 ἐπιτηρεῖν
1059 508 1140 556 οὐκ
1176 508 1324 572 ὀρθῶς
1360 509 1510 557 ἐκεῖνα
1548 506 1859 572 διεγνωκότες,
1885 505 1969 557 τὸν

379 586 465 650 μὲν
503 591 586 651 τῆς
623 589 846 653 προνοίας
885 587 1212 656 ἀνατρέψουσι
1250 589 1411 654 λόγον,
1452 588 1601 639 οὐκέτι
1639 588 1686 639 δὲ
1727 593 1821 640 τῶν
1859 589 1965 639 καθ’
1988 607 2010 645 5

2076 620 2080 637 l

380 669 501 732 ἡμᾶς
531 671 703 733 ταμίαν
725 667 840 720 εἶναι
874 671 1157 721 πιστεύουσι
1191 671 1275 722 τὸν
1301 670 1525 722 ἁπάντων
1552 671 1829 735 Δεσπότην,
1861 695 1965 723 και-

380 755 477 815 ροῖς
504 749 552 801 δὲ
579 753 655 801 καὶ
681 749 820 817 ὥραις
846 751 899 802 τὸ
932 749 1124 803 πάντων
1150 752 1461 821 ἐπιτρέψουσι
1492 752 1674 819 κράτος,
1703 753 1788 817 τὴν
1815 754 1970 804 κτίσιν

335 837 363 878 b
382 832 657 886 ἐπιτιθέντες
683 832 838 884 ἐπάνω
865 839 948 884 τοῦ
973 839 1182 898 ποιητοῦ,
1210 837 1286 885 καὶ
1318 839 1412 885 τῶν
1437 834 1521 898 μὲν
1548 834 1825 886 καλλίστων
1853 837 1970 886 ἀπο-

382 920 656 980 στεροῦντες
703 914 798 977 τὸν,
842 913 879 984 ᾧ
922 921 1060 967 πᾶσα
1105 922 1410 983 χρεωστεῖται
1455 916 1566 980 τιμὴ
1612 919 1688 967 καὶ
1733 917 1850 986 δόξα
1894 919 1971 968 καὶ

380 996 721 1062 προσκύνησις,
757 997 817 1048 τὰ
856 997 903 1048 δὲ
944 998 1058 1064 ὑπὲρ
1098 999 1253 1049 κτίσιν
1287 1003 1345 1065 τῇ
1381 999 1530 1049 κτίσει
1566 998 1863 1065 δωρούμενοι,
1894 1001 1969 1049 καὶ
1993 1022 2041 1048 10

381 1084 478 1132 τοῖς
516 1078 777 1144 ποιήμασιν
816 1079 1124 1143 ἀπονέμοντες
1163 1080 1221 1131 τὰ
1267 1080 1433 1146 οἷσπερ
1478 1083 1620 1148 ἐχρῆν
1658 1081 1972 1148 καταστέφειν

383 1159 466 1212 τὸν
494 1160 815 1227 Δημιουργόν·
859 1165 935 1213 καὶ
975 1163 1028 1212 οὐ
1066 1162 1202 1229 μέχρι
1241 1163 1421 1214 τούτων
1453 1165 1608 1216 αὐτοῖς
1646 1162 1876 1227 στήσεται
1913 1162 1972 1212 τὰ

383 1243 674 1308 ἐγκλήματα,
706 1243 1004 1310 προβήσεται
1043 1244 1091 1296 δὲ
1131 1247 1207 1296 καὶ
1246 1246 1325 1296 ἐπί
1359 1268 1402 1295 τι
1441 1244 1621 1295 τούτων
1653 1244 1707 1295 τὸ
1746 1243 1967 1312 χαλεπώ-

383 1345 536 1391 τερον·
577 1327 986 1392 διαλοιδορήσεται
1025 1326 1300 1395 ἀναφανδὸν
1337 1331 1404 1396 τῷ
1443 1325 1700 1396 φιλαγάθω
1740 1330 1862 1395 Θεῷ,
1897 1327 1973 1376 καὶ

383 1411 479 1458 τῶν
505 1408 707 1476 φαύλων
739 1408 942 1475 ἐργάτην
970 1411 1062 1475 ἐρεῖ
1092 1409 1174 1460 τὸν
1204 1408 1397 1472 ἁπάσης
1431 1409 1659 1475 ἁμαρτίας
1697 1408 1883 1475 ἐχθρόν.
1936 1412 1974 1459 εὶ
1997 1430 2043 1467 15

385 1488 477 1555 γὰρ
515 1489 624 1557 παρ’
666 1491 809 1542 αὐτοῦ
847 1491 1096 1556 πεποίηται
1135 1490 1317 1559 χρόνος,
1358 1491 1457 1557 ὥρα
1503 1513 1552 1541 τε
1599 1491 1674 1541 καὶ
1713 1491 1860 1556 ἡμέρα
1898 1492 1974 1541 καὶ

345 1588 367 1615 0
384 1572 604 1635 ἐνιαυτὸς,
633 1572 735 1639 ἄγει
762 1572 811 1623 δὲ
838 1580 988 1624 ταῦτα
1013 1573 1140 1627 τινας
1167 1576 1229 1628 ὡς
1260 1574 1316 1642 ἐξ
1348 1572 1555 1640 ἀνάγκης
1589 1575 1664 1623 καὶ
1700 1572 1975 1641 πλεονεξίας

384 1658 446 1708 εἷς
473 1655 745 1719 ἀβούλητον
766 1656 872 1706 ἔσθ’
897 1656 971 1706 ὅτε
1000 1655 1294 1725 φαυλότητα,
1314 1655 1434 1721 πρὸς
1459 1655 1513 1707 τὸ
1541 1657 1616 1706 καὶ
1641 1659 1740 1709 ταῖς
1766 1656 1976 1705 ἐντεῦθεν

383 1738 678 1802 περιπίπτειν
703 1743 992 1806 συμφοραῖς,
1019 1743 1120 1792 πῶς
1155 1740 1238 1789 οὐκ
1273 1738 1455 1803 ἀληθὴς
1493 1739 1599 1801 ὑμῖν
1626 1739 1650 1788 ὁ
1684 1739 1789 1804 περὶ
1823 1735 1975 1806 τούτῳ

384 1819 662 1888 ἀναλάμψει
689 1820 863 1887 λόγος;
912 1821 1019 1872 ὅποι
1047 1820 1095 1872 δὲ
1121 1821 1230 1885 ἡμῖν
1255 1824 1328 1871 καὶ
1362 1824 1592 1881 βαδιεῖται
1625 1819 1796 1871 λοιπὸν
1821 1818 1875 1870 τὸ
1901 1819 1975 1870 διὰ
1996 1847 2046 1872 20

160 1894 281 1925 Gen.1.
384 1907 467 1952 τοῦ
501 1901 759 1970 πανσόφου
789 1903 1071 1965 Μωυσε’ως;
1117 1911 1143 1933 “
1168 1906 1260 1954 Καὶ
1299 1901 1418 1954 εἶδεν
1452 1902 1559 1969 γὰρ,
1596 1905 1761 1969 φησὶν,
1796 1903 1821 1952 ὁ
1855 1901 1976 1955 Θεὸς

161 1946 214 1977 3Ι.
386 1991 413 2013 ‘6
494 1984 505 1995 Ι
636 1984 657 2002 ‘l
779 1987 788 2000 5
864 1986 873 2002 Ι
1088 1988 1102 2004 Χ
1146 1989 1155 2003 5
1225 1984 1236 1999 ἱ
1337 1985 1350 1999 Ι
1584 1985 1597 2001 ἱ
1685 1985 1696 2001 Ι
1770 1985 1795 2001 9,
1850 1983 1867 2001 Α
1964 1983 1975 2000 x

438 2007 594 2035 παντα
633 2008 729 2035 οσα
767 2008 1000 2049 εποιησεν,
1029 2009 1104 2036 και
1143 1989 1242 2036 ιδου
1280 2009 1438 2037 παντα
1477 1993 1603 2036 καλα
1641 1992 1765 2035 λιαν.
1848 2007 1896 2034 εν
1928 1987 1976 2034 δε

385 2070 480 2116 τῶν
511 2066 702 2117 πάντων
729 2069 753 2118 ὁ
791 2067 976 2134 χρόνος·
1019 2069 1068 2118 ἐν
1095 2067 1142 2119 δὲ
1181 2071 1248 2137 τῷ
1283 2066 1439 2137 χρόνῳ
1476 2069 1549 2118 καὶ
1584 2066 1681 2133 ὥρα
1719 2069 1794 2118 καὶ
1828 2067 2004 2135 ἡμέρα-

386 2150 462 2199 καὶ
498 2147 716 2202 ἐνιαυτός.
774 2153 811 2200 εἷ
847 2149 896 2200 δὲ
932 2150 1047 2215 ὅπερ
1082 2148 1198 2201 εἶδεν
1230 2149 1411 2215 ἀγαθὸν
1442 2151 1466 2200 ὁ
1505 2153 1588 2214 τῆς
1624 2150 1748 2202 θείας
1784 2149 1976 2218 φύσεως

339 2230 652 2297 ᾰόφθαλμὸς,
686 2237 825 2282 τοῦτο
864 2237 958 2282 τῶν
995 2233 1196 2300 φαύλων
1231 2234 1424 2298 ἐροῦμεν
1459 2231 1722 2298 ἐπαγωγὸν,
1751 2237 1853 2284 πῶς
1894 2233 1976 2282 οὐκ
1996 2256 2046 2295 25

386 2314 600 2378 ἄντικρυς
630 2314 683 2364 τὸ
711 2315 780 2365 ἐπ’
809 2315 1077 2382 αἰσχίστοις
1115 2316 1293 2364 ἁλῶναι
1332 2314 1619 2380 δημιουργὸν
1645 2313 1727 2364 τὸν
1755 2312 1977 2365 ἁπάντων

386 2396 754 2461 ὁμολογήσομεν
783 2396 991 2463 Κύριον;

461 2476 611 2541 Οἶμαι
645 2479 731 2541 μὲν
767 2479 848 2529 οὖν
881 2477 1239 2545 ὑπερυθριάσειν
1271 2479 1360 2543 ἤδη
1400 2478 1507 2532 τοὺς
1545 2477 1844 2545 ἐνεχομένους
1881 2482 1977 2532 τοῖς

386 2560 555 2627 ἀρτίως
602 2560 710 2624 ἡμῖν
753 2561 1002 2627 εἰρημένοις
1048 2560 1365 2622 πταίσμασιν.
1436 2560 1590 2625 ἐπειδὴ
1636 2559 1684 2611 δὲ
1729 2559 1847 2614 εἰκὸς
1890 2560 1977 2627 οὐχ

436 2696 467 2718 2.
494 2686 553 2718 τὸν
570 2685 702 2718 correxi
721 2691 801 2730 post
819 2685 956 2730 Migne.
974 2689 1041 2720 τῶν
1059 2685 1126 2720 Ed.
1235 2684 1267 2719 6.
1294 2686 1353 2719 τὸν
1370 2684 1567 2718 emendavit
1587 2685 1706 2730 Heyse
1723 2690 1758 2719 et
1775 2684 1822 2718 ita
1840 2684 1976 2729 Migne.

387 2735 453 2765 τῶν
473 2731 513 2765 Β.
534 2731 628 2765 Aub.
770 2743 821 2766 11.
847 2733 888 2766 τὰ
906 2739 1127 2776 assumptum
1148 2744 1188 2766 ex
1210 2732 1250 2765 B.
1390 2743 1443 2774 14.
1469 2732 1663 2777 ἀναφανδὸν
1681 2731 1977 2776 διαλοιδορὴσεται

387 2779 526 2812 inverso
545 2777 668 2812 ordine
686 2791 716 2813 a.
880 2790 933 2822 15.
961 2779 1085 2824 ἐχθρὸν
1101 2779 1265 2823 ἁμαρτίας
1282 2779 1421 2812 inverso
1440 2778 1563 2812 ordine
1581 2790 1612 2812 a.
1774 2778 1826 2812 16.
1853 2779 1977 2822 χρόνος

386 2831 467 2869 post
484 2824 590 2868 ἡμέρα
608 2831 652 2860 tr.
671 2826 713 2860 B.
774 2826 827 2860 καὶ
845 2827 942 2870 prius
961 2838 1029 2860 orn.
1051 2826 1114 2860 Ht.
1130 2825 1197 2860 Ed.
1215 2826 1332 2859 invitis
1353 2825 1429 2860 B.a.
1514 2836 1566 2870 19.
1595 2827 1612 2858 ὁ
1630 2831 1852 2870 assumptum
1871 2837 1913 2858 ex
1932 2824 1974 2858 B.

387 2871 494 2917 τούτῳ
515 2872 556 2906 B.
573 2875 674 2906 τοῦτο
694 2872 824 2912 Ηο]εῐ.,
843 2873 938 2918 quod
957 2874 1078 2907 τούτου
1095 2872 1240 2906 adnotat
1259 2884 1294 2906 se
1312 2872 1553 2906 emendavisse
1572 2872 1666 2906 Aub.
1819 2882 1873 2906 20.
1899 2871 1976 2905 ὅποι

389 2918 430 2952 Β.
448 2918 512 2961 ὅπη
535 2919 597 2953 Ht.
616 2919 682 2954 Ed.
781 2919 834 2954 26.
860 2921 919 2954 τὸν
936 2919 977 2954 Β.
998 2924 1064 2954 τῶν
1084 2919 1146 2953 Ht.
1166 2918 1232 2953 Ed.
1331 2920 1385 2953 28.
1412 2918 1674 2964 ὑπερυθριάσειν
1691 2919 1751 2963 ἤδη
1773 2918 1813 2953 Β.
1831 2917 1976 2963 ὕστερον

387 2965 648 3010 ὑπερυθριάσειν
667 2966 731 3001 Ht.
750 2966 816 3000 Ed.
