2084 3317
96 178 166 220 vii.
189 192 255 236 19.
331 179 406 221 IN
447 181 491 223 S.
524 179 860 222 JOANNEM.
922 178 1047 219 LIB.
1081 177 1159 218 IV.
1221 176 1355 217 CAP.
1379 175 1433 216 V.
1598 174 1682 214 609

96 287 328 358 διήλεγξε.
382 290 545 355 λέγετε
576 289 671 356 γάρ
705 312 796 353 μοι,
824 290 990 358 φησὶν,
1018 290 1060 339 οἱ
1086 285 1169 338 τὸν
1195 288 1341 337 ἐλεεῖν
1367 286 1415 336 ἐν
1440 282 1681 351 σαββάτῳ

94 370 482 435 προθυμούμενον
505 372 872 439 κατακρίνοντες,
896 373 939 422 οὶ
973 366 1340 436 βδελυρωτάτην
1367 365 1453 431 τὴν
1478 367 1552 417 ἐπὶ
1586 369 1684 418 τοῖς

95 452 145 502 εὖ
181 458 400 504 ποιοῦσιν
438 453 668 521 ὁρίζοντες
704 457 891 524 ψῆφον,
924 453 1001 504 καὶ
1038 455 1134 503 τῶν
1171 448 1477 517 οἶκτιρμόνων
1515 445 1684 511 ἀνέδην

95 534 490 602 καταδικάζοντες,
517 533 587 603 ἆρ’
615 536 717 604 οὐχὶ
751 535 827 587 διὰ
863 533 1110 588 Μωυσέως
1145 534 1265 596 ὑμῖν,
1300 529 1354 583 ὃν
1389 531 1458 581 ἀεὶ
1494 526 1678 592 θαυμά-

54 625 77 665 5
96 612 206 680 ζετε,
233 614 288 667 τὸ
326 617 400 668 ἐπὶ
437 619 505 687 τῷ
537 617 601 683 μὴ
636 621 805 685 χρῆναι
842 620 1106 686 μιαιφονεῖν
1133 615 1316 666 δέδοται
1351 611 1645 680 πρόσταγμα
1665 631 1677 672 ;
1700 619 1728 660 (1

1745 689 1852 719 Exod.

97 697 181 748 οὐκ
219 697 454 762 ἠκούσατε
492 699 716 766 λέγοντος
749 706 777 729 “
793 698 982 768 Ἀθῷον
1020 700 1096 749 καὶ
1135 697 1312 749 δίκαιον
1350 695 1434 747 οὐκ
1477 696 1678 745 ἀποκτε-
1746 733 1838 763 xxiii.
1859 740 1888 772 7-

98 785 125 809 “
151 785 239 834 νεῖς
254 782 295 841 ;”
331 782 381 832 τί
400 787 652 848 τοιγαροῦν
677 784 754 833 καὶ
778 781 863 834 τὸν
888 782 1067 833 ἑαυτῶν
1091 784 1282 832 λυπεῖτε
1312 777 1541 840 Μωυσέα,
1568 799 1686 843 προ-

96 863 261 929 χείρως
298 865 421 915 οὕτω
459 862 527 916 rav
565 864 817 931 ὁρισθέντα
855 862 910 915 δι’
944 864 1087 915 αὑτοῦ
1125 861 1497 929 παραβαίνοντες
1538 859 1684 928 νόμονς

96 941 293 1012 ’ἐλεγχος
343 945 392 996 δὲ
440 945 608 998 τούτου
649 948 726 997 καὶ
768 945 1009 1014 ἀπόδειξις
1049 945 1264 1011 ἐναργὴς,
1305 941 1361 994 τὸ
1413 940 1497 993 τὸν
1541 940 1688 1006 μηδὲν

29 1048 78 1075 10
96 1025 397 1092 ἡμαρτηκότα
447 1027 628 1079 διώκειν
677 1027 771 1091 ἐμὲ,
822 1030 898 1079 καὶ
943 1028 1147 1093 ἀναιρεῖν
1197 1025 1366 1079 ἀδίκως
1417 1025 1687 1091 ἐπείγεσθαι

94 1107 178 1159 τὸν
204 1109 481 1174 οὐδαμόθεν,
511 1110 582 1162 ὅτι
613 1110 783 1178 πρέποι
809 1115 949 1162 τοῦτο
974 1113 1140 1161 παθεῖν
1166 1106 1294 1171 αὐτὸ,
1322 1110 1688 1174 κατηγορεῖσθαι

96 1190 368 1256 δυνάμενον.

171 1275 362 1326 Οὐκοῦν
387 1276 435 1327 ἐν
460 1275 561 1341 ἤθει
586 1278 760 1344 πολλῷ
784 1280 867 1326 τοῦ
895 1277 1116 1341 Σωτῆρος
1143 1274 1168 1324 ὁ
1197 1272 1357 1339 λόγος,
1386 1274 1461 1323 καὶ
1486 1278 1689 1336 πληκτι-

97 1356 287 1408 κώτατα
312 1357 398 1422 μὲν
422 1359 470 1409 ἐν
495 1358 678 1412 τούτοις
702 1362 804 1410 ταῖς
829 1361 925 1408 τῶν
944 1355 1184 1408 Ἰουδαίων
1203 1356 1442 1408 ἀπονοίαις
1468 1356 1688 1424 ἐπιπηδᾲ,
1705 1372 1728 1399 0

31 1454 79 1493 Ῑ5
99 1439 553 1493 κατολισθαίνοντας
588 1439 636 1491 δὲ
670 1437 837 1506 ὥσπερ
872 1439 1118 1507 ἀχαλίνοις
1152 1439 1317 1505 ὁρμαῖς
1351 1438 1426 1489 ἐπὶ
1459 1436 1514 1488 τὸ
1546 1459 1689 1487 κατα-

97 1520 295 1587 δικάζειν
335 1523 479 1573 αὐτοῦ
523 1521 598 1573 διὰ
641 1519 728 1586 τὴν
769 1526 853 1573 τοῦ
896 1518 1153 1583 σαββάτου
1193 1519 1487 1587 παράβασιν,
1527 1542 1685 1586 παρα-

96 1609 355 1668 νομοῦντας
379 1604 647 1656 ἐπιδεικνύει
674 1605 751 1655 καὶ
775 1607 1041 1673 μιαιφονεῖν
1067 1603 1331 1667 ἑλομένους,
1359 1600 1434 1653 διά
1467 1625 1515 1654 τε
1549 1607 1689 1653 τοῦτο

96 1687 172 1737 καὶ
211 1685 369 1751 μόνον,
405 1691 468 1742 εἰς
507 1687 741 1754 ἁμαρτίαν
777 1685 864 1750 τὴν
898 1687 1104 1737 ἁπασῶν
1138 1685 1447 1737 καταπίπτειν
1479 1685 1682 1753 χείρονα.

96 1766 243 1831 μόνον
273 1768 322 1820 δὲ
359 1769 462 1836 οὐχὶ
497 1770 574 1820 καὶ
607 1772 702 1838 βοᾷ
742 1772 900 1837 Πικρᾷ
935 1771 1010 1819 καὶ
1044 1765 1337 1837 ἀνουθετήτῳ
1370 1767 1690 1834 περιπεσόντα

29 1870 80 1897 20
99 1847 242 1920 νόσῳ,
269 1853 345 1902 καὶ
379 1849 605 1921 ἀφορήτῳ
640 1849 810 1902 λοιπὸν
846 1849 1090 1918 ἀῤῥωστίᾳ
1124 1849 1462 1913 δαπανώμενον
1495 1849 1685 1916 τεθερά-

97 1954 248 1983 πευκα
273 1933 357 1984 τὸν
381 1933 672 2000 παράλυτον,
699 1934 748 1984 ἐν
774 1933 924 2001 ἡμέρᾳ
948 1930 1218 1993 σαββάτου·
1252 1932 1365 1982 ἀλλ’
1393 1932 1442 1982 εὖ
1468 1932 1688 1997 ποιήσας,

31 2028 35 2030 ’
97 2016 160 2069 ὡς
182 2016 255 2085 ἐφ’
285 2015 437 2067 ἅπασι
463 2020 560 2069 τοῖς
587 2014 857 2083 αἰσχίστοις
885 2014 1029 2068 ἁλοὺς
1061 2014 1409 2081 κατακρίνομαι,
1436 2016 1512 2065 καὶ
1539 2015 1688 2084 φόνον
1706 2037 1729 2061 a
1768 2028 1845 2063 417
1860 2026 1912 2062 A.

97 2097 173 2148 διὰ
214 2103 353 2150 τοῦτο
391 2101 474 2163 τῆς
513 2099 624 2162 ἐμῆς
665 2095 928 2164 καθορίζετε
974 2099 1202 2165 κεφαλῆς.
1275 2099 1409 2150 ποῖος
1449 2097 1530 2147 οὖν
1572 2097 1684 2163 ἄρα,

97 2182 236 2249 φησὶ,
274 2182 498 2247 τιμωρίας
536 2181 642 2244 ὑμῖν
681 2178 983 2246 εὑρεθήσεται
1021 2177 1196 2246 τρόπος
1234 2183 1329 2229 τῶν
1367 2178 1688 2243 τολμημάτων

29 2276 79 2315 25
98 2262 318 2331 ἐπάξιος;
362 2261 462 2313 ἰδοὺ
488 2261 582 2329 γὰρ
605 2262 921 2328 παραβαίνετε
947 2260 1032 2325 μὲν
1059 2263 1133 2312 καὶ
1160 2261 1289 2312 αὐτοὶ
1316 2259 1382 2312 τόν
1409 2263 1544 2329 νόμον·
1586 2262 1611 2312 ὁ
1638 2261 1687 2312 δὲ

98 2346 181 2408 τῆς
206 2343 528 2411 παραβάσεως
562 2343 721 2410 λόγος,
747 2344 800 2395 οὐ
837 2349 933 2398 τοῖς
967 2345 1094 2407 ἐμοῖς
1127 2342 1398 2409 ἐγκλήμασι
1422 2343 1682 2410 παραπλή-

30 2452 35 2455 -
98 2445 221 2481 σιος·
263 2427 316 2477 οὐ
342 2425 436 2492 γὰρ
463 2426 513 2476 εὖ
537 2431 791 2489 ποιοῦντες,
817 2425 980 2492 ὥσπερ
1008 2424 1193 2491 κάγὼ,
1179 2430 1318 2476 τοῦτο
1350 2428 1516 2490 δρᾶν’
1490 2428 1685 2477 αναπεί-

99 2513 258 2572 θεσθε,
296 2509 407 2559 ἀλλ’
448 2512 511 2562 εἶς
553 2507 702 2577 φόνον
743 2509 955 2575 ὁρῶντες,
995 2530 1078 2559 τον
1125 2506 1318 2571 ἁπάσης
1360 2509 1689 2572 πλημμελείας

98 2591 301 2659 χείρονα.
366 2595 458 2642 ποῦ
503 2595 755 2657 τοιγαροῦν
792 2592 840 2641 ἐν
878 2589 1060 2643 τούτοις
1101 2591 1207 2654 ὑμῖν
1243 2591 1267 2640 ὁ
1305 2600 1510 2653 Μωυσης,
1544 2592 1598 2641 δι’
1633 2590 1686 2641 ὃν

30 2693 80 2730 3ο
98 2672 205 2738 ἐγὼ,
245 2673 394 2723 καίτοι
434 2671 690 2738 διασώζων,
726 2672 972 2740 κρίνομαι;
1032 2695 1114 2723 ουκ
1160 2671 1298 2725 αὐτὸς
1343 2673 1451 2735 ὑμῖν
1488 2671 1571 2723 τὸν
1611 2696 1684 2724 επι
1704 2683 1732 2723 b

97 2755 249 2825 τούτῳ
288 2753 432 2818 νόμον
464 2755 706 2821 ὡρίσατο;
749 2753 814 2819 μὴ
854 2755 946 2821 ἄρα
985 2753 1041 2818 δὴ
1079 2753 1241 2816 πάλιν,
1280 2755 1342 2807 ὡς
1380 2754 1492 2817 ἐμὸν
1526 2755 1680 2820 πατή-

146 2903 180 2937 5.
205 2895 250 2938 μὴ
268 2899 490 2938 assumptum
508 2906 549 2928 ex
570 2894 662 2928 B.D.
913 2907 944 2939 9.
971 2893 1163 2937 ἀποδείξεις
1181 2893 1332 2939 ἐναργεῖς
1352 2893 1393 2927 B.
1475 2895 1534 2927 τὸν
1551 2906 1621 2929 om.
1642 2895 1684 2929 B.

103 2953 157 2976 ΙΙ.
182 2942 263 2975 αὐτὸ
284 2941 325 2975 Β.
346 2968 355 2982 ,
374 2941 463 2987 αὐτῷ
481 2941 549 2976 Ed.
713 2941 766 2975 16.
792 2941 913 2976 αὐτοὺς
934 2941 974 2976 B.
1141 2942 1194 2974 18.
1220 2941 1280 2983 τὴν
1295 2940 1455 2985 ἁπασῶν]
1475 2956 1547 2974 τινα
1565 2946 1684 2976 πασῶν

101 2989 155 3033 (=
173 2991 233 3032 τὴν
249 2988 406 3033 ἁπασῶν)
428 2988 469 3023 B.
568 2999 623 3022 21.
650 2989 878 3032 παραλυτικὸν
900 2988 939 3022 B.
1036 2999 1075 3031 31
1087 3015 1094 3023 ,
1119 2987 1159 3031 δι)
1177 2987 1296 3032 πάλιν]
1316 2988 1419 3021 πάλιν
1436 3003 1506 3023 πως
1529 2989 1566 3023 Β,

155 3055 249 3084 VOL.
273 3057 300 3083 1.
866 3058 890 3093 4
914 3056 929 3082 1
