<?xml version="1.0" encoding="UTF-8"?>
<!DOCTYPE html PUBLIC "-//W3C//DTD XHTML 1.0 Transitional//EN"
    "http://www.w3.org/TR/xhtml1/DTD/xhtml1-transitional.dtd">
<html xmlns="http://www.w3.org/1999/xhtml" xml:lang="en" lang="en">
 <head>
  <title>
</title>
<meta http-equiv="Content-Type" content="text/html;charset=utf-8" />
  <meta name='ocr-system' content='tesseract 3.04.00' />
  <meta name='ocr-capabilities' content='ocr_page ocr_carea ocr_par ocr_line ocrx_word'/>
</head>
<body>
  <div class='ocr_page' id='page_1' title='image "./operacyrilli03cyriuoft/operacyrilli03cyriuoft_0742.png"; bbox 0 0 2084 3317; ppageno 0'>
   <div class='ocr_carea' id='block_1_1' title="bbox 365 166 1954 212">
    <p class='ocr_par' dir='ltr' id='par_1_1' title="bbox 365 166 1954 212">
     <span class='ocr_line' id='line_1_1' title="bbox 365 166 1954 212; baseline -0.001 -5"><span class='ocrx_word' id='word_1_1' title='bbox 365 169 448 208; x_wconf 76' lang='lat'>650</span> <span class='ocrx_word' id='word_1_2' title='bbox 768 170 815 208; x_wconf 90' lang='lat' dir='ltr'>B.</span> <span class='ocrx_word' id='word_1_3' title='bbox 851 169 1129 210; x_wconf 83' lang='lat' dir='ltr'>CYRILLI</span> <span class='ocrx_word' id='word_1_4' title='bbox 1171 170 1552 212; x_wconf 76' lang='lat' dir='ltr'><strong>ALEXANDR.</strong></span> <span class='ocrx_word' id='word_1_5' title='bbox 1796 166 1866 206; x_wconf 83' lang='lat' dir='ltr'>vii.</span> <span class='ocrx_word' id='word_1_6' title='bbox 1887 166 1954 207; x_wconf 85' lang='lat'>26.</span> 
     </span>
    </p>
   </div>
   <div class='ocr_carea' id='block_1_2' title="bbox 321 274 1960 589">
    <p class='ocr_par' dir='ltr' id='par_1_2' title="bbox 321 274 1960 589">
     <span class='ocr_line' id='line_1_2' title="bbox 366 274 1960 346; baseline -0.001 -20"><span class='ocrx_word' id='word_1_7' title='bbox 366 277 478 339; x_wconf 91' lang='grc' dir='ltr'>μίαν</span> <span class='ocrx_word' id='word_1_8' title='bbox 520 276 890 340; x_wconf 88' lang='grc' dir='ltr'>συνοικήσαντες</span> <span class='ocrx_word' id='word_1_9' title='bbox 935 278 1092 340; x_wconf 88' lang='grc' dir='ltr'>πόλιν,</span> <span class='ocrx_word' id='word_1_10' title='bbox 1137 281 1210 329; x_wconf 91' lang='grc' dir='ltr'>ἀεί</span> <span class='ocrx_word' id='word_1_11' title='bbox 1252 302 1299 330; x_wconf 89' lang='grc' dir='ltr'>τε</span> <span class='ocrx_word' id='word_1_12' title='bbox 1345 276 1777 346; x_wconf 71' lang='grc' dir='ltr'>περιτυγχάνοντες,</span> <span class='ocrx_word' id='word_1_13' title='bbox 1818 274 1960 325; x_wconf 80' lang='grc' dir='ltr'>ἰ’σασί</span> 
     </span>
     <span class='ocr_line' id='line_1_3' title="bbox 321 355 1958 428; baseline -0.004 -17"><span class='ocrx_word' id='word_1_14' title='bbox 321 369 465 411; x_wconf 62' lang='grc' dir='ltr'>ὃπως</span> <span class='ocrx_word' id='word_1_15' title='bbox 504 355 585 408; x_wconf 77' lang='grc' dir='ltr'>τὸν</span> <span class='ocrx_word' id='word_1_16' title='bbox 625 360 981 425; x_wconf 82' lang='grc' dir='ltr'>ἐγκεχωσμένον</span> <span class='ocrx_word' id='word_1_17' title='bbox 1019 361 1174 413; x_wconf 81' lang='grc' dir='ltr'>αὐτοῖς</span> <span class='ocrx_word' id='word_1_18' title='bbox 1218 359 1412 411; x_wconf 88' lang='grc' dir='ltr'>ἀνόσιον</span> <span class='ocrx_word' id='word_1_19' title='bbox 1450 362 1525 411; x_wconf 81' lang='grc' dir='ltr'>ἐπὶ</span> <span class='ocrx_word' id='word_1_20' title='bbox 1563 363 1630 428; x_wconf 73' lang='grc' dir='ltr'>τῷ</span> <span class='ocrx_word' id='word_1_21' title='bbox 1668 359 1853 421; x_wconf 84' lang='grc' dir='ltr'>Σωτῆρι</span> <span class='ocrx_word' id='word_1_22' title='bbox 1891 358 1958 424; x_wconf 75' lang='grc' dir='ltr'>τῷ</span> 
     </span>
     <span class='ocr_line' id='line_1_4' title="bbox 367 438 1957 508; baseline 0.003 -20"><span class='ocrx_word' id='word_1_23' title='bbox 367 441 568 508; x_wconf 72' lang='grc' dir='ltr'>Χριστῷ</span> <span class='ocrx_word' id='word_1_24' title='bbox 611 438 810 491; x_wconf 88' lang='grc' dir='ltr'>σκοπόν.</span> <span class='ocrx_word' id='word_1_25' title='bbox 880 443 954 491; x_wconf 74' lang='grc' dir='ltr'>καὶ</span> <span class='ocrx_word' id='word_1_26' title='bbox 1000 442 1305 506; x_wconf 78' lang='grc' dir='ltr'>συμβέβηκεν</span> <span class='ocrx_word' id='word_1_27' title='bbox 1349 442 1403 492; x_wconf 82' lang='grc' dir='ltr'>οὐ</span> <span class='ocrx_word' id='word_1_28' title='bbox 1445 441 1521 492; x_wconf 78' lang='grc' dir='ltr'>διὰ</span> <span class='ocrx_word' id='word_1_29' title='bbox 1565 440 1711 505; x_wconf 89' lang='grc' dir='ltr'>μόνης</span> <span class='ocrx_word' id='word_1_30' title='bbox 1750 441 1833 502; x_wconf 85' lang='grc' dir='ltr'>τῆς</span> <span class='ocrx_word' id='word_1_31' title='bbox 1873 442 1957 488; x_wconf 86' lang='grc' dir='ltr'>7·οῧ</span> 
     </span>
     <span class='ocr_line' id='line_1_5' title="bbox 368 521 1952 589; baseline 0 -19"><span class='ocrx_word' id='word_1_32' title='bbox 368 523 588 586; x_wconf 84' lang='grc' dir='ltr'>Σωτῆρος</span> <span class='ocrx_word' id='word_1_33' title='bbox 627 521 760 585; x_wconf 81' lang='grc' dir='ltr'>ἡμῶν</span> <span class='ocrx_word' id='word_1_34' title='bbox 795 525 957 589; x_wconf 85' lang='grc' dir='ltr'>φωνῆς</span> <span class='ocrx_word' id='word_1_35' title='bbox 995 523 1049 573; x_wconf 78' lang='grc' dir='ltr'>τὸ</span> <span class='ocrx_word' id='word_1_36' title='bbox 1088 523 1257 588; x_wconf 78' lang='grc' dir='ltr'>μιαρὸν</span> <span class='ocrx_word' id='word_1_37' title='bbox 1288 528 1382 574; x_wconf 81' lang='grc' dir='ltr'>τῶν</span> <span class='ocrx_word' id='word_1_38' title='bbox 1407 523 1646 574; x_wconf 87' lang='grc' dir='ltr'>Ἰουδαίων</span> <span class='ocrx_word' id='word_1_39' title='bbox 1678 523 1952 586; x_wconf 84' lang='grc' dir='ltr'>κατηγορεῖ-</span> 
     </span>
    </p>
   </div>
   <div class='ocr_carea' id='block_1_3' title="bbox 366 602 1999 674">
    <p class='ocr_par' dir='ltr' id='par_1_3' title="bbox 366 602 1999 674">
     <span class='ocr_line' id='line_1_6' title="bbox 366 602 1999 674; baseline 0.001 -23"><span class='ocrx_word' id='word_1_40' title='bbox 366 605 483 652; x_wconf 87' lang='grc' dir='ltr'>σθαι</span> <span class='ocrx_word' id='word_1_41' title='bbox 517 607 705 669; x_wconf 83' lang='grc' dir='ltr'>στῖφος,</span> <span class='ocrx_word' id='word_1_42' title='bbox 733 602 846 653; x_wconf 88' lang='grc' dir='ltr'>ἀλλ’</span> <span class='ocrx_word' id='word_1_43' title='bbox 874 603 963 668; x_wconf 77' lang='grc' dir='ltr'>ἤδη</span> <span class='ocrx_word' id='word_1_44' title='bbox 1002 607 1077 655; x_wconf 81' lang='grc' dir='ltr'>καὶ</span> <span class='ocrx_word' id='word_1_45' title='bbox 1116 605 1172 674; x_wconf 80' lang='grc' dir='ltr'>ἐξ</span> <span class='ocrx_word' id='word_1_46' title='bbox 1207 606 1349 669; x_wconf 84' lang='grc' dir='ltr'>αὐτῆς</span> <span class='ocrx_word' id='word_1_47' title='bbox 1387 608 1471 668; x_wconf 88' lang='grc' dir='ltr'>τῆς</span> <span class='ocrx_word' id='word_1_48' title='bbox 1507 605 1582 656; x_wconf 88' lang='grc' dir='ltr'>ὑπ’</span> <span class='ocrx_word' id='word_1_49' title='bbox 1611 604 1767 656; x_wconf 84' lang='grc' dir='ltr'>αὐτοῖς</span> <span class='ocrx_word' id='word_1_50' title='bbox 1799 624 1951 668; x_wconf 91' lang='grc' dir='ltr'>πρατ-</span> <span class='ocrx_word' id='word_1_51' title='bbox 1977 614 1999 653; x_wconf 89' lang='grc'><strong>5</strong></span> 
     </span>
    </p>
   </div>
   <div class='ocr_carea' id='block_1_4' title="bbox 329 682 1959 1162">
    <p class='ocr_par' dir='ltr' id='par_1_4' title="bbox 329 682 1959 1162">
     <span class='ocr_line' id='line_1_7' title="bbox 365 682 1958 749; baseline 0 -16"><span class='ocrx_word' id='word_1_52' title='bbox 365 682 542 747; x_wconf 85' lang='grc' dir='ltr'>τούσης</span> <span class='ocrx_word' id='word_1_53' title='bbox 593 684 784 748; x_wconf 73' lang='grc' dir='ltr'>ἀγέλης,</span> <span class='ocrx_word' id='word_1_54' title='bbox 829 683 858 749; x_wconf 77' lang='grc' dir='ltr'>ἢ</span> <span class='ocrx_word' id='word_1_55' title='bbox 903 691 1002 739; x_wconf 86' lang='grc' dir='ltr'>ταῖς</span> <span class='ocrx_word' id='word_1_56' title='bbox 1056 687 1210 737; x_wconf 83' lang='grc' dir='ltr'>αὐτῶν</span> <span class='ocrx_word' id='word_1_57' title='bbox 1256 687 1495 740; x_wconf 89' lang='grc' dir='ltr'>ἀπονοίαις</span> <span class='ocrx_word' id='word_1_58' title='bbox 1539 684 1749 737; x_wconf 80' lang='grc' dir='ltr'>διόλωλέ</span> <span class='ocrx_word' id='word_1_59' title='bbox 1786 707 1837 735; x_wconf 90' lang='grc' dir='ltr'>τε</span> <span class='ocrx_word' id='word_1_60' title='bbox 1881 684 1958 734; x_wconf 85' lang='grc' dir='ltr'>καὶ</span> 
     </span>
     <span class='ocr_line' id='line_1_8' title="bbox 366 763 1958 865; baseline -0.008 -38"><span class='ocrx_word' id='word_1_61' title='bbox 366 763 537 831; x_wconf 68' lang='grc' dir='ltr'>ἠνέχθη</span> <span class='ocrx_word' id='word_1_62' title='bbox 564 764 683 815; x_wconf 67' lang='grc' dir='ltr'><em>Κατὰ</em></span> <span class='ocrx_word' id='word_1_63' title='bbox 710 771 944 831; x_wconf 75' lang='grc' dir='ltr'>Κρημνῶν.</span> <span class='ocrx_word' id='word_1_64' title='bbox 1001 790 1077 818; x_wconf 89' lang='grc' dir='ltr'>και</span> <span class='ocrx_word' id='word_1_65' title='bbox 1102 767 1196 833; x_wconf 81' lang='grc' dir='ltr'>γάρ</span> <span class='ocrx_word' id='word_1_66' title='bbox 1232 770 1334 819; x_wconf 88' lang='grc' dir='ltr'>ἐστι</span> <span class='ocrx_word' id='word_1_67' title='bbox 1370 791 1471 822; x_wconf 92' lang='grc' dir='ltr'>πως</span> <span class='ocrx_word' id='word_1_68' title='bbox 1506 769 1555 818; x_wconf 85' lang='grc' dir='ltr'>ἐκ</span> <span class='ocrx_word' id='word_1_69' title='bbox 1588 771 1683 818; x_wconf 84' lang='grc' dir='ltr'>τῶν</span> <span class='ocrx_word' id='word_1_70' title='bbox 1709 763 1958 865; x_wconf 81' lang='grc' dir='ltr'>εἶρημένων</span> 
     </span>
     <span class='ocr_line' id='line_1_9' title="bbox 367 847 1958 946; baseline 0.001 -51"><span class='ocrx_word' id='word_1_71' title='bbox 367 849 593 915; x_wconf 79' lang='grc' dir='ltr'>διψῶσαν</span> <span class='ocrx_word' id='word_1_72' title='bbox 641 847 729 946; x_wconf 78' lang='grc' dir='ltr'>μὲν</span> <span class='ocrx_word' id='word_1_73' title='bbox 772 848 862 912; x_wconf 88' lang='grc' dir='ltr'>ἠδη</span> <span class='ocrx_word' id='word_1_74' title='bbox 913 871 988 900; x_wconf 91' lang='grc' dir='ltr'>και</span> <span class='ocrx_word' id='word_1_75' title='bbox 1041 850 1378 914; x_wconf 85' lang='grc' dir='ltr'>ἐκκεκαυμενην</span> <span class='ocrx_word' id='word_1_76' title='bbox 1422 873 1586 915; x_wconf 89' lang='grc' dir='ltr'>ωσπερ</span> <span class='ocrx_word' id='word_1_77' title='bbox 1637 853 1701 903; x_wconf 78' lang='grc' dir='ltr'>εἷς</span> <span class='ocrx_word' id='word_1_78' title='bbox 1748 847 1834 912; x_wconf 89' lang='grc' dir='ltr'>τὴν</span> <span class='ocrx_word' id='word_1_79' title='bbox 1884 847 1958 898; x_wconf 83' lang='grc' dir='ltr'>ἐπι</span> 
     </span>
     <span class='ocr_line' id='line_1_10' title="bbox 366 931 1955 998; baseline 0.001 -20"><span class='ocrx_word' id='word_1_80' title='bbox 366 931 567 997; x_wconf 83' lang='grc' dir='ltr'>Χριστῶ</span> <span class='ocrx_word' id='word_1_81' title='bbox 593 952 758 980; x_wconf 90' lang='grc' dir='ltr'>πιστιν</span> <span class='ocrx_word' id='word_1_82' title='bbox 785 931 914 996; x_wconf 78' lang='grc' dir='ltr'>ὁρᾶν,</span> <span class='ocrx_word' id='word_1_83' title='bbox 942 931 1109 996; x_wconf 84' lang='grc' dir='ltr'>ὀλίγης</span> <span class='ocrx_word' id='word_1_84' title='bbox 1146 931 1194 982; x_wconf 79' lang='grc' dir='ltr'>δὲ</span> <span class='ocrx_word' id='word_1_85' title='bbox 1228 935 1394 996; x_wconf 89' lang='grc' dir='ltr'>κομιδῆ</span> <span class='ocrx_word' id='word_1_86' title='bbox 1434 932 1657 995; x_wconf 80' lang='grc' dir='ltr'>δεομένην</span> <span class='ocrx_word' id='word_1_87' title='bbox 1681 933 1765 994; x_wconf 86' lang='grc' dir='ltr'>τῆς</span> <span class='ocrx_word' id='word_1_88' title='bbox 1793 951 1955 998; x_wconf 86' lang='grc' dir='ltr'>χειρα-</span> 
     </span>
     <span class='ocr_line' id='line_1_11' title="bbox 329 1009 1959 1081; baseline -0.003 -15"><span class='ocrx_word' id='word_1_89' title='bbox 329 1011 558 1077; x_wconf 79' lang='grc' dir='ltr'>Ογωγιάς,</span> <span class='ocrx_word' id='word_1_90' title='bbox 602 1010 656 1075; x_wconf 79' lang='grc' dir='ltr'>ἧς</span> <span class='ocrx_word' id='word_1_91' title='bbox 706 1011 833 1078; x_wconf 78' lang='grc' dir='ltr'>ε’ίπερ</span> <span class='ocrx_word' id='word_1_92' title='bbox 885 1012 1066 1080; x_wconf 78' lang='grc' dir='ltr'>ἔτυχον,</span> <span class='ocrx_word' id='word_1_93' title='bbox 1112 1013 1318 1067; x_wconf 81' lang='grc' dir='ltr'>εὐκόλως</span> <span class='ocrx_word' id='word_1_94' title='bbox 1366 1013 1423 1065; x_wconf 80' lang='grc' dir='ltr'>ἂν</span> <span class='ocrx_word' id='word_1_95' title='bbox 1473 1012 1829 1081; x_wconf 77' lang='grc' dir='ltr'>παραδέξωνται</span> <span class='ocrx_word' id='word_1_96' title='bbox 1876 1009 1959 1061; x_wconf 81' lang='grc' dir='ltr'>τὸν</span> 
     </span>
     <span class='ocr_line' id='line_1_12' title="bbox 367 1091 1959 1162; baseline -0.001 -18"><span class='ocrx_word' id='word_1_97' title='bbox 367 1091 619 1159; x_wconf 83' lang='grc' dir='ltr'>οὐρανόθεν</span> <span class='ocrx_word' id='word_1_98' title='bbox 645 1095 707 1147; x_wconf 86' lang='grc' dir='ltr'>ὡς</span> <span class='ocrx_word' id='word_1_99' title='bbox 743 1094 864 1157; x_wconf 81' lang='grc' dir='ltr'>ἡμᾶς</span> <span class='ocrx_word' id='word_1_100' title='bbox 899 1094 1177 1162; x_wconf 83' lang='grc' dir='ltr'>ἀφιγμένον.</span> <span class='ocrx_word' id='word_1_101' title='bbox 1236 1096 1436 1147; x_wconf 81' lang='grc' dir='ltr'>ὑπαίτιοι</span> <span class='ocrx_word' id='word_1_102' title='bbox 1470 1100 1722 1161; x_wconf 88' lang='grc' dir='ltr'>τοιγαροῦν</span> <span class='ocrx_word' id='word_1_103' title='bbox 1747 1097 1830 1158; x_wconf 87' lang='grc' dir='ltr'>τῆς</span> <span class='ocrx_word' id='word_1_104' title='bbox 1864 1096 1959 1144; x_wconf 83' lang='grc' dir='ltr'>τῶν</span> 
     </span>
    </p>
   </div>
   <div class='ocr_carea' id='block_1_5' title="bbox 144 1174 1960 1284">
    <p class='ocr_par' dir='ltr' id='par_1_5' title="bbox 144 1174 1960 1284">
     <span class='ocr_line' id='line_1_13' title="bbox 364 1174 1960 1244; baseline -0.001 -18"><span class='ocrx_word' id='word_1_105' title='bbox 364 1174 624 1241; x_wconf 80' lang='grc' dir='ltr'>προβάτων</span> <span class='ocrx_word' id='word_1_106' title='bbox 666 1176 902 1230; x_wconf 82' lang='grc' dir='ltr'>ἀπωλείας</span> <span class='ocrx_word' id='word_1_107' title='bbox 946 1180 1067 1227; x_wconf 79' lang='grc' dir='ltr'>εἷσῖν</span> <span class='ocrx_word' id='word_1_108' title='bbox 1112 1181 1154 1228; x_wconf 79' lang='grc' dir='ltr'>οἱ</span> <span class='ocrx_word' id='word_1_109' title='bbox 1197 1176 1250 1228; x_wconf 83' lang='grc' dir='ltr'>τὸ</span> <span class='ocrx_word' id='word_1_110' title='bbox 1298 1178 1518 1243; x_wconf 81' lang='grc' dir='ltr'>ἡγεῖσθαι</span> <span class='ocrx_word' id='word_1_111' title='bbox 1562 1175 1805 1244; x_wconf 83' lang='grc' dir='ltr'>λαχόντες.</span> <span class='ocrx_word' id='word_1_112' title='bbox 1882 1176 1960 1225; x_wconf 81' lang='grc' dir='ltr'>καὶ</span> 
     </span>
     <span class='ocr_line' id='line_1_14' title="bbox 144 1253 286 1284; baseline -0.007 -1"><span class='ocrx_word' id='word_1_113' title='bbox 144 1253 286 1284; x_wconf 81' lang='lat' dir='ltr'><strong>Hier.x.</strong></span> 
     </span>
    </p>
   </div>
   <div class='ocr_carea' id='block_1_6' title="bbox 146 1254 1958 1327">
    <p class='ocr_par' dir='ltr' id='par_1_6' title="bbox 146 1254 1958 1327">
     <span class='ocr_line' id='line_1_15' title="bbox 146 1254 1958 1327; baseline -0.012 0"><span class='ocrx_word' id='word_1_114' title='bbox 146 1306 195 1327; x_wconf 88' lang='lat'>21.</span> <span class='ocrx_word' id='word_1_115' title='bbox 365 1254 658 1321; x_wconf 64' lang='grc' dir='ltr'>μαρτυρήσει</span> <span class='ocrx_word' id='word_1_116' title='bbox 696 1256 843 1308; x_wconf 68' lang='grc' dir='ltr'>πάλιν</span> <span class='ocrx_word' id='word_1_117' title='bbox 880 1259 904 1308; x_wconf 76' lang='grc' dir='ltr'><em>ὁ</em></span> <span class='ocrx_word' id='word_1_118' title='bbox 942 1259 1193 1326; x_wconf 81' lang='grc' dir='ltr'>προφήτης</span> <span class='ocrx_word' id='word_1_119' title='bbox 1219 1259 1444 1326; x_wconf 88' lang='grc' dir='ltr'>Ἱερεμίας</span> <span class='ocrx_word' id='word_1_120' title='bbox 1482 1260 1604 1310; x_wconf 75' lang='grc' dir='ltr'>οὕτω</span> <span class='ocrx_word' id='word_1_121' title='bbox 1642 1262 1771 1319; x_wconf 85' lang='grc' dir='ltr'>βοῶν</span> <span class='ocrx_word' id='word_1_122' title='bbox 1799 1256 1958 1307; x_wconf 70' lang='grc' dir='ltr'>“”Ὀτι</span> 
     </span>
    </p>
   </div>
   <div class='ocr_carea' id='block_1_7' title="bbox 366 1338 1956 1489">
    <p class='ocr_par' dir='ltr' id='par_1_7' title="bbox 366 1338 1956 1489">
     <span class='ocr_line' id='line_1_16' title="bbox 367 1338 1954 1410; baseline 0.001 -22"><span class='ocrx_word' id='word_1_123' title='bbox 367 1345 394 1367; x_wconf 82' lang='grc'><strong>“</strong></span> <span class='ocrx_word' id='word_1_124' title='bbox 420 1341 462 1388; x_wconf 79' lang='grc' dir='ltr'>οἱ</span> <span class='ocrx_word' id='word_1_125' title='bbox 488 1338 702 1401; x_wconf 85' lang='grc' dir='ltr'>ποιμένες</span> <span class='ocrx_word' id='word_1_126' title='bbox 729 1340 1104 1407; x_wconf 83' lang='grc' dir='ltr'>ἠφρονεύσαντο,</span> <span class='ocrx_word' id='word_1_127' title='bbox 1130 1344 1206 1392; x_wconf 78' lang='grc' dir='ltr'>καὶ</span> <span class='ocrx_word' id='word_1_128' title='bbox 1231 1341 1314 1392; x_wconf 82' lang='grc' dir='ltr'>τὸν</span> <span class='ocrx_word' id='word_1_129' title='bbox 1337 1340 1515 1407; x_wconf 80' lang='grc' dir='ltr'>Κύριον</span> <span class='ocrx_word' id='word_1_130' title='bbox 1541 1341 1624 1392; x_wconf 86' lang='grc' dir='ltr'>οὑκ</span> <span class='ocrx_word' id='word_1_131' title='bbox 1651 1338 1954 1410; x_wconf 75' lang='grc' dir='ltr'>ἐξεζήτησαν·</span> 
     </span>
     <span class='ocr_line' id='line_1_17' title="bbox 366 1418 1956 1489; baseline 0.001 -19"><span class='ocrx_word' id='word_1_132' title='bbox 366 1425 394 1448; x_wconf 84' lang='grc'><strong>“</strong></span> <span class='ocrx_word' id='word_1_133' title='bbox 420 1418 497 1470; x_wconf 81' lang='grc' dir='ltr'>διὰ</span> <span class='ocrx_word' id='word_1_134' title='bbox 522 1425 662 1471; x_wconf 87' lang='grc' dir='ltr'>τοῦτο</span> <span class='ocrx_word' id='word_1_135' title='bbox 687 1422 770 1472; x_wconf 82' lang='grc' dir='ltr'>οὐκ</span> <span class='ocrx_word' id='word_1_136' title='bbox 794 1422 959 1485; x_wconf 84' lang='grc' dir='ltr'>ἐνόησε</span> <span class='ocrx_word' id='word_1_137' title='bbox 988 1427 1127 1473; x_wconf 84' lang='grc' dir='ltr'>πᾶσα</span> <span class='ocrx_word' id='word_1_138' title='bbox 1153 1423 1180 1487; x_wconf 85' lang='grc' dir='ltr'>ἡ</span> <span class='ocrx_word' id='word_1_139' title='bbox 1207 1422 1341 1487; x_wconf 83' lang='grc' dir='ltr'>νομὴ,</span> <span class='ocrx_word' id='word_1_140' title='bbox 1368 1425 1444 1474; x_wconf 74' lang='grc' dir='ltr'>καὶ</span> <span class='ocrx_word' id='word_1_141' title='bbox 1469 1420 1956 1489; x_wconf 86' lang='grc' dir='ltr'>διεσκορπίσθησαν.”</span> 
     </span>
    </p>
   </div>
   <div class='ocr_carea' id='block_1_8' title="bbox 300 1585 1959 1777">
    <p class='ocr_par' dir='ltr' id='par_1_8' title="bbox 300 1585 1959 1777">
     <span class='ocr_line' id='line_1_18' title="bbox 300 1585 1884 1650; baseline 0.002 -19"><span class='ocrx_word' id='word_1_142' title='bbox 300 1585 349 1621; x_wconf 83' lang='lat'>25</span> <span class='ocrx_word' id='word_1_143' title='bbox 434 1590 520 1632; x_wconf 75' lang='grc' dir='ltr'>Ἴδε</span> <span class='ocrx_word' id='word_1_144' title='bbox 556 1591 601 1632; x_wconf 76' lang='grc' dir='ltr'>ἐν</span> <span class='ocrx_word' id='word_1_145' title='bbox 640 1591 857 1650; x_wconf 74' lang='grc' dir='ltr'>ΠαρῤΗσίᾳ</span> <span class='ocrx_word' id='word_1_146' title='bbox 897 1591 1041 1635; x_wconf 71' lang='grc' dir='ltr'>αὐτοῖς</span> <span class='ocrx_word' id='word_1_147' title='bbox 1079 1591 1214 1645; x_wconf 79' lang='grc' dir='ltr'>λαλεῖ,</span> <span class='ocrx_word' id='word_1_148' title='bbox 1255 1595 1324 1635; x_wconf 76' lang='grc' dir='ltr'>καὶ</span> <span class='ocrx_word' id='word_1_149' title='bbox 1361 1594 1486 1636; x_wconf 75' lang='grc' dir='ltr'>οὐδὲν</span> <span class='ocrx_word' id='word_1_150' title='bbox 1525 1594 1642 1648; x_wconf 81' lang='grc' dir='ltr'>αὐτῷ</span> <span class='ocrx_word' id='word_1_151' title='bbox 1679 1594 1884 1641; x_wconf 79' lang='grc' dir='ltr'>λέΓουσιν.</span> 
     </span>
     <span class='ocr_line' id='line_1_19' title="bbox 441 1705 1959 1777; baseline 0.004 -22"><span class='ocrx_word' id='word_1_152' title='bbox 441 1705 762 1757; x_wconf 89' lang='grc' dir='ltr'>Ἐπιτείνουσι</span> <span class='ocrx_word' id='word_1_153' title='bbox 803 1710 885 1770; x_wconf 88' lang='grc' dir='ltr'>τῆς</span> <span class='ocrx_word' id='word_1_154' title='bbox 932 1709 1264 1777; x_wconf 88' lang='grc' dir='ltr'>πληροφορίας</span> <span class='ocrx_word' id='word_1_155' title='bbox 1309 1709 1356 1759; x_wconf 84' lang='grc' dir='ltr'>ἐν</span> <span class='ocrx_word' id='word_1_156' title='bbox 1397 1709 1576 1761; x_wconf 83' lang='grc' dir='ltr'>ἑαυτοῖς</span> <span class='ocrx_word' id='word_1_157' title='bbox 1620 1707 1726 1761; x_wconf 79' lang='grc' dir='ltr'>τοὺς</span> <span class='ocrx_word' id='word_1_158' title='bbox 1773 1705 1959 1773; x_wconf 88' lang='grc' dir='ltr'>λόγους,</span> 
     </span>
    </p>
   </div>
   <div class='ocr_carea' id='block_1_9' title="bbox 332 1787 1962 2758">
    <p class='ocr_par' dir='ltr' id='par_1_9' title="bbox 332 1787 1962 2758">
     <span class='ocr_line' id='line_1_20' title="bbox 367 1787 1960 1859; baseline 0.003 -23"><span class='ocrx_word' id='word_1_159' title='bbox 367 1787 443 1836; x_wconf 78' lang='grc' dir='ltr'>καὶ</span> <span class='ocrx_word' id='word_1_160' title='bbox 494 1791 557 1840; x_wconf 84' lang='grc' dir='ltr'>εἰς</span> <span class='ocrx_word' id='word_1_161' title='bbox 607 1787 938 1854; x_wconf 83' lang='grc' dir='ltr'>φανερωτέραν</span> <span class='ocrx_word' id='word_1_162' title='bbox 984 1788 1147 1856; x_wconf 78' lang='grc' dir='ltr'>ὥσπερ</span> <span class='ocrx_word' id='word_1_163' title='bbox 1200 1792 1526 1859; x_wconf 82' lang='grc' dir='ltr'>ἀναφοιτῶσιν</span> <span class='ocrx_word' id='word_1_164' title='bbox 1577 1789 1829 1858; x_wconf 76' lang='grc' dir='ltr'>ἀπόδειξιν,</span> <span class='ocrx_word' id='word_1_165' title='bbox 1874 1788 1960 1853; x_wconf 87' lang='grc' dir='ltr'>τὴν</span> 
     </span>
     <span class='ocr_line' id='line_1_21' title="bbox 367 1868 1961 1939; baseline 0.003 -21"><span class='ocrx_word' id='word_1_166' title='bbox 367 1868 612 1920; x_wconf 87' lang='grc' dir='ltr'>ἀκίνδυνον</span> <span class='ocrx_word' id='word_1_167' title='bbox 646 1871 843 1936; x_wconf 81' lang='grc' dir='ltr'>ὁρῶντες</span> <span class='ocrx_word' id='word_1_168' title='bbox 878 1873 1152 1939; x_wconf 87' lang='grc' dir='ltr'>παῤῥησίαν</span> <span class='ocrx_word' id='word_1_169' title='bbox 1177 1876 1410 1939; x_wconf 82' lang='grc' dir='ltr'>Χριστοῦ.</span> <span class='ocrx_word' id='word_1_170' title='bbox 1464 1870 1878 1936; x_wconf 86' lang='grc' dir='ltr'>καταπλήττονται</span> <span class='ocrx_word' id='word_1_171' title='bbox 1912 1870 1961 1922; x_wconf 82' lang='grc' dir='ltr'>δὲ</span> 
     </span>
     <span class='ocr_line' id='line_1_22' title="bbox 367 1951 1960 2018; baseline 0.003 -18"><span class='ocrx_word' id='word_1_172' title='bbox 367 1952 443 2001; x_wconf 77' lang='grc' dir='ltr'>καὶ</span> <span class='ocrx_word' id='word_1_173' title='bbox 479 1951 676 2018; x_wconf 89' lang='grc' dir='ltr'>σφόδρα</span> <span class='ocrx_word' id='word_1_174' title='bbox 708 1952 894 2006; x_wconf 80' lang='grc' dir='ltr'>εἰκότως</span> <span class='ocrx_word' id='word_1_175' title='bbox 930 1956 993 2007; x_wconf 80' lang='grc' dir='ltr'>εἷς</span> <span class='ocrx_word' id='word_1_176' title='bbox 1028 1953 1317 2018; x_wconf 84' lang='grc' dir='ltr'>ἀμελέτητόν</span> <span class='ocrx_word' id='word_1_177' title='bbox 1336 1977 1385 2005; x_wconf 92' lang='grc' dir='ltr'>τε</span> <span class='ocrx_word' id='word_1_178' title='bbox 1422 1956 1496 2005; x_wconf 77' lang='grc' dir='ltr'>καὶ</span> <span class='ocrx_word' id='word_1_179' title='bbox 1534 1952 1750 2018; x_wconf 85' lang='grc' dir='ltr'>ἀσυνήθη</span> <span class='ocrx_word' id='word_1_180' title='bbox 1784 1975 1960 2018; x_wconf 90' lang='grc' dir='ltr'>μακρο-</span> 
     </span>
     <span class='ocr_line' id='line_1_23' title="bbox 368 2032 1957 2101; baseline 0.003 -19"><span class='ocrx_word' id='word_1_181' title='bbox 368 2032 539 2095; x_wconf 90' lang='grc' dir='ltr'>θυμίαν</span> <span class='ocrx_word' id='word_1_182' title='bbox 577 2032 914 2100; x_wconf 83' lang='grc' dir='ltr'>ὑπενεχθέντας</span> <span class='ocrx_word' id='word_1_183' title='bbox 958 2035 1252 2101; x_wconf 88' lang='grc' dir='ltr'>εὑρίσκοντες</span> <span class='ocrx_word' id='word_1_184' title='bbox 1291 2035 1396 2090; x_wconf 84' lang='grc' dir='ltr'>τοῦς</span> <span class='ocrx_word' id='word_1_185' title='bbox 1435 2037 1655 2089; x_wconf 85' lang='grc' dir='ltr'>ἀνοσίους</span> <span class='ocrx_word' id='word_1_186' title='bbox 1693 2034 1748 2086; x_wconf 82' lang='grc' dir='ltr'>τὸ</span> <span class='ocrx_word' id='word_1_187' title='bbox 1785 2034 1957 2099; x_wconf 82' lang='grc' dir='ltr'>πάλαι,</span> 
     </span>
     <span class='ocr_line' id='line_1_24' title="bbox 368 2114 1955 2186; baseline 0.001 -21"><span class='ocrx_word' id='word_1_188' title='bbox 368 2117 444 2165; x_wconf 87' lang='grc' dir='ltr'>καὶ</span> <span class='ocrx_word' id='word_1_189' title='bbox 484 2114 716 2180; x_wconf 78' lang='grc' dir='ltr'>ὑβριστὰς</span> <span class='ocrx_word' id='word_1_190' title='bbox 756 2116 982 2179; x_wconf 84' lang='grc' dir='ltr'>θεώμενοί</span> <span class='ocrx_word' id='word_1_191' title='bbox 1015 2140 1064 2168; x_wconf 90' lang='grc' dir='ltr'>τε</span> <span class='ocrx_word' id='word_1_192' title='bbox 1104 2119 1179 2168; x_wconf 79' lang='grc' dir='ltr'>καὶ</span> <span class='ocrx_word' id='word_1_193' title='bbox 1218 2117 1358 2186; x_wconf 72' lang='grc' dir='ltr'>ξένην</span> <span class='ocrx_word' id='word_1_194' title='bbox 1392 2117 1747 2183; x_wconf 86' lang='grc' dir='ltr'>ἐπιτηδεύοντας</span> <span class='ocrx_word' id='word_1_195' title='bbox 1784 2116 1955 2183; x_wconf 85' lang='grc' dir='ltr'>ἡμερό-</span> 
     </span>
     <span class='ocr_line' id='line_1_25' title="bbox 368 2197 1961 2268; baseline 0.001 -21"><span class='ocrx_word' id='word_1_196' title='bbox 368 2219 500 2260; x_wconf 91' lang='grc' dir='ltr'>τητα.</span> <span class='ocrx_word' id='word_1_197' title='bbox 556 2200 619 2250; x_wconf 80' lang='grc' dir='ltr'>εἷς</span> <span class='ocrx_word' id='word_1_198' title='bbox 657 2197 883 2263; x_wconf 82' lang='grc' dir='ltr'>εὐλόγους</span> <span class='ocrx_word' id='word_1_199' title='bbox 922 2199 1130 2250; x_wconf 83' lang='grc' dir='ltr'>ἐντεῦθεν</span> <span class='ocrx_word' id='word_1_200' title='bbox 1169 2201 1499 2264; x_wconf 85' lang='grc' dir='ltr'>ἀποδημοῦσιν</span> <span class='ocrx_word' id='word_1_201' title='bbox 1539 2200 1764 2268; x_wconf 78' lang='grc' dir='ltr'>ὑποψίας·</span> <span class='ocrx_word' id='word_1_202' title='bbox 1812 2200 1867 2250; x_wconf 91' lang='grc' dir='ltr'>δι’</span> <span class='ocrx_word' id='word_1_203' title='bbox 1896 2197 1961 2249; x_wconf 74' lang='grc' dir='ltr'>ὧν</span> 
     </span>
     <span class='ocr_line' id='line_1_26' title="bbox 370 2277 1955 2350; baseline 0.003 -23"><span class='ocrx_word' id='word_1_204' title='bbox 370 2277 418 2329; x_wconf 78' lang='grc' dir='ltr'>δὲ</span> <span class='ocrx_word' id='word_1_205' title='bbox 452 2277 601 2330; x_wconf 81' lang='grc' dir='ltr'>πάλιν</span> <span class='ocrx_word' id='word_1_206' title='bbox 635 2281 697 2333; x_wconf 87' lang='grc' dir='ltr'>ὡς</span> <span class='ocrx_word' id='word_1_207' title='bbox 731 2280 1120 2348; x_wconf 76' lang='grc' dir='ltr'>ἀνεξικακοῦντας</span> <span class='ocrx_word' id='word_1_208' title='bbox 1157 2281 1477 2349; x_wconf 70' lang='grc' dir='ltr'>θαυμάζουσιν</span> <span class='ocrx_word' id='word_1_209' title='bbox 1501 2283 1576 2333; x_wconf 85' lang='grc' dir='ltr'>καὶ</span> <span class='ocrx_word' id='word_1_210' title='bbox 1612 2283 1684 2350; x_wconf 87' lang='grc' dir='ltr'>ἐφ’</span> <span class='ocrx_word' id='word_1_211' title='bbox 1713 2280 1781 2335; x_wconf 74' lang='grc' dir='ltr'>οἷς</span> <span class='ocrx_word' id='word_1_212' title='bbox 1815 2282 1955 2332; x_wconf 81' lang='grc' dir='ltr'>οὐδα-</span> 
     </span>
     <span class='ocr_line' id='line_1_27' title="bbox 369 2359 1961 2430; baseline 0.004 -19"><span class='ocrx_word' id='word_1_213' title='bbox 369 2359 514 2423; x_wconf 91' lang='grc' dir='ltr'>μόθεν</span> <span class='ocrx_word' id='word_1_214' title='bbox 557 2360 827 2428; x_wconf 74' lang='grc' dir='ltr'>ὀργίζεσθαι</span> <span class='ocrx_word' id='word_1_215' title='bbox 875 2365 1008 2428; x_wconf 83' lang='grc' dir='ltr'>χρῆν,</span> <span class='ocrx_word' id='word_1_216' title='bbox 1053 2361 1129 2413; x_wconf 77' lang='grc' dir='ltr'>διὰ</span> <span class='ocrx_word' id='word_1_217' title='bbox 1170 2363 1349 2414; x_wconf 85' lang='grc' dir='ltr'>τούτων</span> <span class='ocrx_word' id='word_1_218' title='bbox 1393 2365 1547 2415; x_wconf 79' lang='grc' dir='ltr'>αὐτῶν</span> <span class='ocrx_word' id='word_1_219' title='bbox 1591 2368 1961 2430; x_wconf 84' lang='grc' dir='ltr'>κατηγοροῦντες</span> 
     </span>
     <span class='ocr_line' id='line_1_28' title="bbox 332 2442 1961 2510; baseline 0.002 -19"><span class='ocrx_word' id='word_1_220' title='bbox 332 2460 352 2486; x_wconf 80' lang='lat' dir='ltr'>e</span> <span class='ocrx_word' id='word_1_221' title='bbox 372 2442 666 2504; x_wconf 82' lang='grc' dir='ltr'>ἁλίσκονται,</span> <span class='ocrx_word' id='word_1_222' title='bbox 696 2445 758 2496; x_wconf 88' lang='grc' dir='ltr'>ὡς</span> <span class='ocrx_word' id='word_1_223' title='bbox 789 2445 837 2494; x_wconf 83' lang='grc' dir='ltr'>ἐν</span> <span class='ocrx_word' id='word_1_224' title='bbox 863 2444 954 2494; x_wconf 69' lang='grc' dir='ltr'>ε”θει</span> <span class='ocrx_word' id='word_1_225' title='bbox 990 2445 1099 2510; x_wconf 91' lang='grc' dir='ltr'>παρ’</span> <span class='ocrx_word' id='word_1_226' title='bbox 1128 2446 1312 2499; x_wconf 87' lang='grc' dir='ltr'>ἐκείνοις</span> <span class='ocrx_word' id='word_1_227' title='bbox 1347 2445 1404 2509; x_wconf 79' lang='grc' dir='ltr'>ἧν</span> <span class='ocrx_word' id='word_1_228' title='bbox 1431 2449 1526 2499; x_wconf 81' lang='grc' dir='ltr'>τοῖς</span> <span class='ocrx_word' id='word_1_229' title='bbox 1561 2450 1655 2497; x_wconf 83' lang='grc' dir='ltr'>τῶν</span> <span class='ocrx_word' id='word_1_230' title='bbox 1682 2445 1961 2496; x_wconf 89' lang='grc' dir='ltr'>καλλίστων</span> 
     </span>
     <span class='ocr_line' id='line_1_29' title="bbox 371 2523 1961 2593; baseline 0.004 -20"><span class='ocrx_word' id='word_1_231' title='bbox 371 2523 620 2591; x_wconf 77' lang='grc' dir='ltr'>ἐξηγηταῖς</span> <span class='ocrx_word' id='word_1_232' title='bbox 660 2525 937 2591; x_wconf 88' lang='grc' dir='ltr'>ἀδιακρίτως</span> <span class='ocrx_word' id='word_1_233' title='bbox 975 2526 1274 2593; x_wconf 83' lang='grc' dir='ltr'>ἐπιφύεσθαι,</span> <span class='ocrx_word' id='word_1_234' title='bbox 1307 2529 1382 2577; x_wconf 77' lang='grc' dir='ltr'>καὶ</span> <span class='ocrx_word' id='word_1_235' title='bbox 1422 2526 1541 2578; x_wconf 82' lang='grc' dir='ltr'>κατὰ</span> <span class='ocrx_word' id='word_1_236' title='bbox 1577 2525 1755 2580; x_wconf 82' lang='grc' dir='ltr'>παντὸς</span> <span class='ocrx_word' id='word_1_237' title='bbox 1794 2527 1961 2580; x_wconf 81' lang='grc' dir='ltr'>ἁπλῶς</span> 
     </span>
     <span class='ocr_line' id='line_1_30' title="bbox 372 2604 1962 2679; baseline 0.004 -24"><span class='ocrx_word' id='word_1_238' title='bbox 372 2604 484 2655; x_wconf 82' lang='grc' dir='ltr'>ἱέναι</span> <span class='ocrx_word' id='word_1_239' title='bbox 521 2609 717 2671; x_wconf 82' lang='grc' dir='ltr'>θερμῶς,</span> <span class='ocrx_word' id='word_1_240' title='bbox 746 2605 803 2658; x_wconf 75' lang='grc' dir='ltr'>ἂν</span> <span class='ocrx_word' id='word_1_241' title='bbox 828 2606 974 2671; x_wconf 89' lang='grc' dir='ltr'>μόνον</span> <span class='ocrx_word' id='word_1_242' title='bbox 1004 2609 1159 2661; x_wconf 78' lang='grc' dir='ltr'>αὐτοῖς</span> <span class='ocrx_word' id='word_1_243' title='bbox 1195 2609 1439 2678; x_wconf 75' lang='grc' dir='ltr'>ἀπᾴδοντα</span> <span class='ocrx_word' id='word_1_244' title='bbox 1473 2610 1605 2678; x_wconf 82' lang='grc' dir='ltr'>λέγῃ,</span> <span class='ocrx_word' id='word_1_245' title='bbox 1632 2608 1720 2660; x_wconf 77' lang='grc' dir='ltr'>κᾶν</span> <span class='ocrx_word' id='word_1_246' title='bbox 1745 2609 1789 2660; x_wconf 77' lang='grc' dir='ltr'>εἴ</span> <span class='ocrx_word' id='word_1_247' title='bbox 1816 2632 1860 2660; x_wconf 88' lang='grc' dir='ltr'>τι</span> <span class='ocrx_word' id='word_1_248' title='bbox 1895 2613 1962 2679; x_wconf 73' lang='grc' dir='ltr'>τῷ</span> 
     </span>
     <span class='ocr_line' id='line_1_31' title="bbox 373 2687 1961 2758; baseline 0.004 -22"><span class='ocrx_word' id='word_1_249' title='bbox 373 2687 477 2756; x_wconf 74' lang='grc' dir='ltr'>θείῳ</span> <span class='ocrx_word' id='word_1_250' title='bbox 519 2687 647 2757; x_wconf 78' lang='grc' dir='ltr'>νόμῳ</span> <span class='ocrx_word' id='word_1_251' title='bbox 687 2694 950 2758; x_wconf 84' lang='grc' dir='ltr'>συνηγορῇ.</span> <span class='ocrx_word' id='word_1_252' title='bbox 1026 2689 1175 2741; x_wconf 84' lang='grc' dir='ltr'>δεινὸν</span> <span class='ocrx_word' id='word_1_253' title='bbox 1214 2690 1307 2756; x_wconf 83' lang='grc' dir='ltr'>γὰρ</span> <span class='ocrx_word' id='word_1_254' title='bbox 1349 2693 1418 2742; x_wconf 78' lang='grc' dir='ltr'>ἀεὶ</span> <span class='ocrx_word' id='word_1_255' title='bbox 1459 2695 1554 2743; x_wconf 83' lang='grc' dir='ltr'>τῶν</span> <span class='ocrx_word' id='word_1_256' title='bbox 1593 2692 1870 2758; x_wconf 90' lang='grc' dir='ltr'>Φαρισαίων</span> <span class='ocrx_word' id='word_1_257' title='bbox 1907 2690 1961 2743; x_wconf 82' lang='grc' dir='ltr'>τὸ</span> 
     </span>
    </p>
   </div>
   <div class='ocr_carea' id='block_1_10' title="bbox 375 2828 1963 2969">
    <p class='ocr_par' dir='ltr' id='par_1_10' title="bbox 375 2828 1963 2969">
     <span class='ocr_line' id='line_1_32' title="bbox 423 2828 1961 2877; baseline 0.003 -17"><span class='ocrx_word' id='word_1_258' title='bbox 423 2838 454 2861; x_wconf 89' lang='lat'>2.</span> <span class='ocrx_word' id='word_1_259' title='bbox 480 2828 594 2863; x_wconf 79' lang='grc' dir='ltr'>αὐτοῖς</span> <span class='ocrx_word' id='word_1_260' title='bbox 611 2828 752 2864; x_wconf 81' lang='grc' dir='ltr'>ἀνόσιον</span> <span class='ocrx_word' id='word_1_261' title='bbox 769 2841 800 2864; x_wconf 82' lang='lat' dir='ltr'>a.</span> <span class='ocrx_word' id='word_1_262' title='bbox 820 2829 887 2864; x_wconf 87' lang='lat' dir='ltr'>Ed.</span> <span class='ocrx_word' id='word_1_263' title='bbox 904 2830 1019 2866; x_wconf 82' lang='grc' dir='ltr'>αὐτοῖς</span> <span class='ocrx_word' id='word_1_264' title='bbox 1035 2830 1175 2865; x_wconf 80' lang='grc' dir='ltr'>ἀνόσιον</span> <span class='ocrx_word' id='word_1_265' title='bbox 1191 2831 1303 2867; x_wconf 81' lang='grc' dir='ltr'>αὐτοῖς</span> <span class='ocrx_word' id='word_1_266' title='bbox 1324 2832 1366 2866; x_wconf 86' lang='grc' dir='ltr'><strong>Β.</strong></span> <span class='ocrx_word' id='word_1_267' title='bbox 1574 2832 1607 2866; x_wconf 89' lang='grc'>8.</span> <span class='ocrx_word' id='word_1_268' title='bbox 1635 2830 1877 2877; x_wconf 82' lang='grc' dir='ltr'>ἐγκεκαυμένην</span> <span class='ocrx_word' id='word_1_269' title='bbox 1894 2830 1961 2865; x_wconf 85' lang='lat' dir='ltr'>Ed.</span> 
     </span>
     <span class='ocr_line' id='line_1_33' title="bbox 375 2873 1962 2923; baseline 0.003 -16.202"><span class='ocrx_word' id='word_1_270' title='bbox 375 2873 490 2919; x_wconf 79' lang='grc' dir='ltr'>9δε]</span> <span class='ocrx_word' id='word_1_271' title='bbox 511 2889 565 2908; x_wconf 83' lang='grc' dir='ltr'>και</span> <span class='ocrx_word' id='word_1_272' title='bbox 584 2875 719 2920; x_wconf 77' lang='lat' dir='ltr'>Migne.</span> <span class='ocrx_word' id='word_1_273' title='bbox 867 2888 922 2919; x_wconf 86' lang='lat'>14.</span> <span class='ocrx_word' id='word_1_274' title='bbox 949 2877 1156 2921; x_wconf 79' lang='grc' dir='ltr'>ἐξεζήτησαν</span> <span class='ocrx_word' id='word_1_275' title='bbox 1174 2878 1216 2912; x_wconf 90' lang='grc' dir='ltr'>Β.</span> <span class='ocrx_word' id='word_1_276' title='bbox 1236 2878 1370 2923; x_wconf 80' lang='lat' dir='ltr'>(Alex.)</span> <span class='ocrx_word' id='word_1_277' title='bbox 1389 2878 1555 2923; x_wconf 78' lang='grc' dir='ltr'>ἐζήτησαν</span> <span class='ocrx_word' id='word_1_278' title='bbox 1573 2878 1962 2912; x_wconf 74' lang='grc' dir='ltr'><strong>Εᾶ.18.ἇπό-</strong></span> 
     </span>
     <span class='ocr_line' id='line_1_34' title="bbox 375 2920 1963 2969; baseline 0.003 -16"><span class='ocrx_word' id='word_1_279' title='bbox 375 2920 480 2962; x_wconf 80' lang='grc' dir='ltr'>δειξιν</span> <span class='ocrx_word' id='word_1_280' title='bbox 499 2920 541 2955; x_wconf 85' lang='grc' dir='ltr'><strong>Β.</strong></span> <span class='ocrx_word' id='word_1_281' title='bbox 559 2921 733 2966; x_wconf 76' lang='grc' dir='ltr'>ὑπόδειξιν</span> <span class='ocrx_word' id='word_1_282' title='bbox 750 2922 817 2957; x_wconf 84' lang='lat' dir='ltr'>Ed.</span> <span class='ocrx_word' id='word_1_283' title='bbox 953 2935 1008 2958; x_wconf 85' lang='lat'>20.</span> <span class='ocrx_word' id='word_1_284' title='bbox 1035 2924 1733 2969; x_wconf 78' lang='grc' dir='ltr'>συνήθη-ευρίσκοντας-ἐπιτηδεύοντες</span> <span class='ocrx_word' id='word_1_285' title='bbox 1752 2924 1793 2960; x_wconf 85' lang='grc' dir='ltr'><strong>Β.</strong></span> <span class='ocrx_word' id='word_1_286' title='bbox 1813 2924 1963 2959; x_wconf 79' lang='lat' dir='ltr'>correxit</span> 
     </span>
    </p>
   </div>
   <div class='ocr_carea' id='block_1_11' title="bbox 376 2965 1615 3018">
    <p class='ocr_par' dir='ltr' id='par_1_11' title="bbox 376 2965 1615 3018">
     <span class='ocr_line' id='line_1_35' title="bbox 376 2965 1615 3018; baseline 0.007 -19"><span class='ocrx_word' id='word_1_287' title='bbox 376 2965 496 3000; x_wconf 86' lang='lat' dir='ltr'>Holst.</span> <span class='ocrx_word' id='word_1_288' title='bbox 645 2979 698 3012; x_wconf 89' lang='lat'>25.</span> <span class='ocrx_word' id='word_1_289' title='bbox 726 2969 847 3014; x_wconf 78' lang='grc' dir='ltr'>χρῆναι</span> <span class='ocrx_word' id='word_1_290' title='bbox 868 2970 910 3005; x_wconf 93' lang='lat' dir='ltr'>B.</span> <span class='ocrx_word' id='word_1_291' title='bbox 930 2971 1079 3005; x_wconf 78' lang='lat' dir='ltr'>correxit</span> <span class='ocrx_word' id='word_1_292' title='bbox 1098 2971 1162 3005; x_wconf 87' lang='lat' dir='ltr'>Ht.</span> <span class='ocrx_word' id='word_1_293' title='bbox 1308 2983 1363 3018; x_wconf 88' lang='lat'>29-</span> <span class='ocrx_word' id='word_1_294' title='bbox 1390 2987 1441 3007; x_wconf 81' lang='grc' dir='ltr'>αει</span> <span class='ocrx_word' id='word_1_295' title='bbox 1459 2983 1529 3007; x_wconf 89' lang='lat' dir='ltr'>om</span> <span class='ocrx_word' id='word_1_296' title='bbox 1548 2972 1615 3007; x_wconf 92' lang='lat' dir='ltr'>Ed.</span> 
     </span>
    </p>
   </div>
   <div class='ocr_carea' id='block_1_12' title="bbox 1983 1033 2030 1059">
    <p class='ocr_par' dir='ltr' id='par_1_12' title="bbox 1983 1033 2030 1059">
     <span class='ocr_line' id='line_1_36' title="bbox 1983 1033 2030 1059; baseline 0.043 -2"><span class='ocrx_word' id='word_1_297' title='bbox 1983 1033 2030 1059; x_wconf 92' lang='lat'>10</span> 
     </span>
    </p>
   </div>
   <div class='ocr_carea' id='block_1_13' title="bbox 1982 1978 2031 2003">
    <p class='ocr_par' dir='ltr' id='par_1_13' title="bbox 1982 1978 2031 2003">
     <span class='ocr_line' id='line_1_37' title="bbox 1982 1978 2031 2003; baseline 0 0"><span class='ocrx_word' id='word_1_298' title='bbox 1982 1978 2031 2003; x_wconf 89' lang='lat'>20</span> 
     </span>
    </p>
   </div>
  </div>
 </body>
</html>
